{
    "summary": {
        "stock_name": "宏太-KY",
        "stock_id": "2924",
        "category": "居家生活",
        "main_business": "童裝及嬰童產品之研發<br>童裝及嬰童產品之生產<br>童裝及嬰童產品之銷售",
        "website_url": "http://www.ggalactica.com",
        "ceo": "段家傑",
        "pe_ratio": -25,
        "report_year_from": 2009,
        "report_year_to": 2023,
        "age": 15,
        "eps_negative_percentage": 46,
        "eps_growth_avg": {
            "last_all": -39.91,
            "last_2y": -100,
            "last_4y": -100,
            "last_8y": -78.41,
            "last_12y": null,
            "last_16y": null,
            "last_20y": null,
            "at_2006_last_3y": null,
            "at_2007_last_3y": null,
            "at_2008_last_3y": null,
            "at_2009_last_3y": null,
            "at_2010_last_3y": null,
            "at_2011_last_3y": null,
            "at_2012_last_3y": null,
            "at_2013_last_3y": null,
            "at_2014_last_3y": null,
            "at_2015_last_3y": -9.29,
            "at_2016_last_3y": -38.57,
            "at_2017_last_3y": -63.57,
            "at_2018_last_3y": -71.21,
            "at_2019_last_3y": -71.13,
            "at_2020_last_3y": -100,
            "at_2021_last_3y": null,
            "at_2022_last_3y": null,
            "at_2023_last_3y": -100,
            "at_2024_last_3y": -100,
            "at_2006_last_all": null,
            "at_2007_last_all": null,
            "at_2008_last_all": null,
            "at_2009_last_all": null,
            "at_2010_last_all": null,
            "at_2011_last_all": null,
            "at_2012_last_all": null,
            "at_2013_last_all": 37.45,
            "at_2014_last_all": 11.41,
            "at_2015_last_all": -9.29,
            "at_2016_last_all": -15.88,
            "at_2017_last_all": -29.9,
            "at_2018_last_all": -29.9,
            "at_2019_last_all": -29.9,
            "at_2020_last_all": -29.9,
            "at_2021_last_all": -29.9,
            "at_2022_last_all": -29.9,
            "at_2023_last_all": -39.91,
            "at_2024_last_all": -39.91
        },
        "latest_eps": -1,
        "latest_price": 25,
        "latest_roe": -18.08,
        "latest_gross_margin": 34.43,
        "latest_equity": 167833,
        "latest_revenue": 9728,
        "latest_gross_profit": 3349,
        "latest_net_income": -5039,
        "latest_debt_ratio": 34.73,
        "latest_current_ratio": 167.9,
        "latest_account_receivable_turnover_ratio": 1.92,
        "latest_inventory_turnover_ratio": 1.08,
        "latest_reinvestment_rate": null,
        "latest_research_to_sale_ratio": 3.84
    },
    "eps_dividends": {
        "2001": {
            "cash": 0,
            "stock": 0,
            "eps": 0
        },
        "2002": {
            "cash": 0,
            "stock": 0,
            "eps": 0
        },
        "2003": {
            "cash": 0,
            "stock": 0,
            "eps": 0
        },
        "2004": {
            "cash": 0,
            "stock": 0,
            "eps": 0
        },
        "2005": {
            "cash": 0,
            "stock": 0,
            "eps": 0
        },
        "2006": {
            "cash": 0,
            "stock": 0,
            "eps": 0
        },
        "2007": {
            "cash": 0,
            "stock": 0,
            "eps": 0
        },
        "2008": {
            "cash": 0,
            "stock": 0,
            "eps": 0
        },
        "2009": {
            "cash": 0,
            "stock": 0,
            "eps": 0
        },
        "2010": {
            "cash": 0,
            "stock": 0,
            "eps": 0
        },
        "2011": {
            "cash": 1,
            "stock": 1,
            "eps": 2.39
        },
        "2012": {
            "cash": 2.8,
            "stock": 0,
            "eps": 4.18
        },
        "2013": {
            "cash": 3,
            "stock": 0.5,
            "eps": 4.18
        },
        "2014": {
            "cash": 3.2,
            "stock": 0,
            "eps": 2.48
        },
        "2015": {
            "cash": 2.2,
            "stock": 0,
            "eps": 0.71
        },
        "2016": {
            "cash": 0.5,
            "stock": 0,
            "eps": 0.41
        },
        "2017": {
            "cash": 0.5,
            "stock": 0,
            "eps": -2.85
        },
        "2018": {
            "cash": 0,
            "stock": 0,
            "eps": -3.85
        },
        "2019": {
            "cash": 0,
            "stock": 0,
            "eps": -2.56
        },
        "2020": {
            "cash": 0,
            "stock": 0,
            "eps": -3.79
        },
        "2021": {
            "cash": 0,
            "stock": 0,
            "eps": -1.72
        },
        "2022": {
            "cash": 0,
            "stock": 0,
            "eps": 0.23
        },
        "2023": {
            "cash": 0,
            "stock": 0,
            "eps": -0.78
        }
    },
    "dividends": {
        "2011-06-07": {
            "cash": 1,
            "stock": 1
        },
        "2012-03-20": {
            "cash": 2.8,
            "stock": 0
        },
        "2013-06-20": {
            "cash": 3,
            "stock": 0.5
        },
        "2014-08-14": {
            "cash": 3.2,
            "stock": 0
        },
        "2015-08-26": {
            "cash": 2.2,
            "stock": 0
        },
        "2016-08-25": {
            "cash": 0.5,
            "stock": 0
        },
        "2017-08-24": {
            "cash": 0.5,
            "stock": 0
        }
    },
    "prices": {
        "200101": "無",
        "200102": "無",
        "200103": "無",
        "200104": "無",
        "200105": "無",
        "200106": "無",
        "200107": "無",
        "200108": "無",
        "200109": "無",
        "200110": "無",
        "200111": "無",
        "200112": "無",
        "200201": "無",
        "200202": "無",
        "200203": "無",
        "200204": "無",
        "200205": "無",
        "200206": "無",
        "200207": "無",
        "200208": "無",
        "200209": "無",
        "200210": "無",
        "200211": "無",
        "200212": "無",
        "200301": "無",
        "200302": "無",
        "200303": "無",
        "200304": "無",
        "200305": "無",
        "200306": "無",
        "200307": "無",
        "200308": "無",
        "200309": "無",
        "200310": "無",
        "200311": "無",
        "200312": "無",
        "200401": "無",
        "200402": "無",
        "200403": "無",
        "200404": "無",
        "200405": "無",
        "200406": "無",
        "200407": "無",
        "200408": "無",
        "200409": "無",
        "200410": "無",
        "200411": "無",
        "200412": "無",
        "200501": "無",
        "200502": "無",
        "200503": "無",
        "200504": "無",
        "200505": "無",
        "200506": "無",
        "200507": "無",
        "200508": "無",
        "200509": "無",
        "200510": "無",
        "200511": "無",
        "200512": "無",
        "200601": "無",
        "200602": "無",
        "200603": "無",
        "200604": "無",
        "200605": "無",
        "200606": "無",
        "200607": "無",
        "200608": "無",
        "200609": "無",
        "200610": "無",
        "200611": "無",
        "200612": "無",
        "200701": "無",
        "200702": "無",
        "200703": "無",
        "200704": "無",
        "200705": "無",
        "200706": "無",
        "200707": "無",
        "200708": "無",
        "200709": "無",
        "200710": "無",
        "200711": "無",
        "200712": "無",
        "200801": "無",
        "200802": "無",
        "200803": "無",
        "200804": "無",
        "200805": "無",
        "200806": "無",
        "200807": "無",
        "200808": "無",
        "200809": "無",
        "200810": "無",
        "200811": "無",
        "200812": "無",
        "200901": "無",
        "200902": "無",
        "200903": "無",
        "200904": "無",
        "200905": "無",
        "200906": "無",
        "200907": "無",
        "200908": "無",
        "200909": "無",
        "200910": "無",
        "200911": "無",
        "200912": "無",
        "201001": "無",
        "201002": "無",
        "201003": "無",
        "201004": "無",
        "201005": "無",
        "201006": "無",
        "201007": "無",
        "201008": "無",
        "201009": "無",
        "201010": "無",
        "201011": "無",
        "201012": "無",
        "201101": "無",
        "201102": "無",
        "201103": "無",
        "201104": "無",
        "201105": "無",
        "201106": "無",
        "201107": "無",
        "201108": "無",
        "201109": "84.60",
        "201110": "78.43",
        "201111": "75.84",
        "201112": "53.69",
        "201201": "61.99",
        "201202": "64.90",
        "201203": "63.24",
        "201204": "59.44",
        "201205": "58.43",
        "201206": "64.60",
        "201207": "63.28",
        "201208": "61.58",
        "201209": "60.72",
        "201210": "59.84",
        "201211": "60.57",
        "201212": "64.38",
        "201301": "63.86",
        "201302": "59.02",
        "201303": "57.18",
        "201304": "56.98",
        "201305": "53.84",
        "201306": "54.06",
        "201307": "54.29",
        "201308": "54.26",
        "201309": "53.73",
        "201310": "54.32",
        "201311": "56.15",
        "201312": "66.05",
        "201401": "69.52",
        "201402": "70.70",
        "201403": "75.92",
        "201404": "78.41",
        "201405": "73.21",
        "201406": "75.16",
        "201407": "73.33",
        "201408": "66.25",
        "201409": "69.16",
        "201410": "71.27",
        "201411": "75.18",
        "201412": "74.39",
        "201501": "73.38",
        "201502": "73.58",
        "201503": "76.00",
        "201504": "76.96",
        "201505": "76.52",
        "201506": "76.44",
        "201507": "76.00",
        "201508": "72.55",
        "201509": "71.60",
        "201510": "66.69",
        "201511": "61.56",
        "201512": "60.18",
        "201601": "59.56",
        "201602": "59.12",
        "201603": "57.25",
        "201604": "55.28",
        "201605": "53.44",
        "201606": "51.37",
        "201607": "52.32",
        "201608": "52.99",
        "201609": "53.33",
        "201610": "53.44",
        "201611": "53.82",
        "201612": "54.03",
        "201701": "54.06",
        "201702": "54.05",
        "201703": "54.28",
        "201704": "54.54",
        "201705": "54.66",
        "201706": "55.06",
        "201707": "55.91",
        "201708": "56.02",
        "201709": "57.22",
        "201710": "57.69",
        "201711": "57.19",
        "201712": "57.13",
        "201801": "56.75",
        "201802": "45.40",
        "201803": "44.76",
        "201804": "45.14",
        "201805": "39.16",
        "201806": "36.03",
        "201807": "34.15",
        "201808": "34.57",
        "201809": "34.45",
        "201810": "34.50",
        "201811": "34.90",
        "201812": "35.10",
        "201901": "35.28",
        "201902": "35.22",
        "201903": "35.21",
        "201904": "35.16",
        "201905": "34.56",
        "201906": "34.99",
        "201907": "34.99",
        "201908": "31.87",
        "201909": "29.71",
        "201910": "29.78",
        "201911": "29.44",
        "201912": "28.53",
        "202001": "28.55",
        "202002": "29.47",
        "202003": "26.52",
        "202004": "21.37",
        "202005": "19.89",
        "202006": "19.31",
        "202007": "18.96",
        "202008": "18.90",
        "202009": "18.89",
        "202010": "21.33",
        "202011": "23.19",
        "202012": "23.46",
        "202101": "22.24",
        "202102": "20.17",
        "202103": "19.66",
        "202104": "19.13",
        "202105": "18.66",
        "202106": "19.06",
        "202107": "18.67",
        "202108": "18.52",
        "202109": "18.48",
        "202110": "18.37",
        "202111": "17.75",
        "202112": "17.65",
        "202201": "17.35",
        "202202": "21.35",
        "202203": "34.63",
        "202204": "31.32",
        "202205": "29.11",
        "202206": "27.33",
        "202207": "29.25",
        "202208": "29.41",
        "202209": "33.20",
        "202210": "無",
        "202211": "30.88",
        "202212": "31.85",
        "202301": "36.79",
        "202302": "36.62",
        "202303": "37.30",
        "202304": "32.59",
        "202305": "30.14",
        "202306": "26.05",
        "202307": "28.69",
        "202308": "28.36",
        "202309": "23.49",
        "202310": "24.12",
        "202311": "25.16",
        "202312": "25.68"
    },
    "quarters": {
        "20011": {
            "year_quarter": 20011,
            "year": 2001,
            "quarter": 1,
            "eps": null,
            "eps_growth_year": null,
            "eps_4q": null,
            "eps_4q_growth_year": null,
            "roe": null,
            "roe_4q": 0,
            "gross_profit": null,
            "gross_margin": null,
            "gross_margin_4q_avg": 0,
            "net_income": null,
            "net_income_4q": null,
            "revenue": null,
            "revenue_4q": null,
            "common_shares": null,
            "book_valuer_per_share": null,
            "book_valuer_per_share_4q_avg": 0,
            "equity": null,
            "current_ratio": null,
            "debt_ratio": null,
            "inventory_turnover_ratio": null,
            "account_receivable_turnover_ratio": null,
            "reinvestment_rate": null,
            "research_to_sale_ratio": null,
            "price_fair": 0,
            "eps_avg_yearly": 0,
            "eps_latest_yearly": 0,
            "eps_growth_yearly": 0
        },
        "20012": {
            "year_quarter": 20012,
            "year": 2001,
            "quarter": 2,
            "eps": null,
            "eps_growth_year": null,
            "eps_4q": null,
            "eps_4q_growth_year": null,
            "roe": null,
            "roe_4q": 0,
            "gross_profit": null,
            "gross_margin": null,
            "gross_margin_4q_avg": 0,
            "net_income": null,
            "net_income_4q": null,
            "revenue": null,
            "revenue_4q": null,
            "common_shares": null,
            "book_valuer_per_share": null,
            "book_valuer_per_share_4q_avg": 0,
            "equity": null,
            "current_ratio": null,
            "debt_ratio": null,
            "inventory_turnover_ratio": null,
            "account_receivable_turnover_ratio": null,
            "reinvestment_rate": null,
            "research_to_sale_ratio": null,
            "price_fair": 0,
            "eps_avg_yearly": 0,
            "eps_latest_yearly": 0,
            "eps_growth_yearly": 0
        },
        "20013": {
            "year_quarter": 20013,
            "year": 2001,
            "quarter": 3,
            "eps": null,
            "eps_growth_year": null,
            "eps_4q": null,
            "eps_4q_growth_year": null,
            "roe": null,
            "roe_4q": 0,
            "gross_profit": null,
            "gross_margin": null,
            "gross_margin_4q_avg": 0,
            "net_income": null,
            "net_income_4q": null,
            "revenue": null,
            "revenue_4q": null,
            "common_shares": null,
            "book_valuer_per_share": null,
            "book_valuer_per_share_4q_avg": 0,
            "equity": null,
            "current_ratio": null,
            "debt_ratio": null,
            "inventory_turnover_ratio": null,
            "account_receivable_turnover_ratio": null,
            "reinvestment_rate": null,
            "research_to_sale_ratio": null,
            "price_fair": 0,
            "eps_avg_yearly": 0,
            "eps_latest_yearly": 0,
            "eps_growth_yearly": 0
        },
        "20014": {
            "year_quarter": 20014,
            "year": 2001,
            "quarter": 4,
            "eps": null,
            "eps_growth_year": null,
            "eps_4q": null,
            "eps_4q_growth_year": null,
            "roe": null,
            "roe_4q": 0,
            "gross_profit": null,
            "gross_margin": null,
            "gross_margin_4q_avg": 0,
            "net_income": null,
            "net_income_4q": null,
            "revenue": null,
            "revenue_4q": null,
            "common_shares": null,
            "book_valuer_per_share": null,
            "book_valuer_per_share_4q_avg": 0,
            "equity": null,
            "current_ratio": null,
            "debt_ratio": null,
            "inventory_turnover_ratio": null,
            "account_receivable_turnover_ratio": null,
            "reinvestment_rate": null,
            "research_to_sale_ratio": null,
            "price_fair": 0,
            "eps_avg_yearly": 0,
            "eps_latest_yearly": 0,
            "eps_growth_yearly": 0
        },
        "20021": {
            "year_quarter": 20021,
            "year": 2002,
            "quarter": 1,
            "eps": null,
            "eps_growth_year": null,
            "eps_4q": null,
            "eps_4q_growth_year": null,
            "roe": null,
            "roe_4q": 0,
            "gross_profit": null,
            "gross_margin": null,
            "gross_margin_4q_avg": 0,
            "net_income": null,
            "net_income_4q": null,
            "revenue": null,
            "revenue_4q": null,
            "common_shares": null,
            "book_valuer_per_share": null,
            "book_valuer_per_share_4q_avg": 0,
            "equity": null,
            "current_ratio": null,
            "debt_ratio": null,
            "inventory_turnover_ratio": null,
            "account_receivable_turnover_ratio": null,
            "reinvestment_rate": null,
            "research_to_sale_ratio": null,
            "price_fair": 0,
            "eps_avg_yearly": 0,
            "eps_latest_yearly": 0,
            "eps_growth_yearly": 0
        },
        "20022": {
            "year_quarter": 20022,
            "year": 2002,
            "quarter": 2,
            "eps": null,
            "eps_growth_year": null,
            "eps_4q": null,
            "eps_4q_growth_year": null,
            "roe": null,
            "roe_4q": 0,
            "gross_profit": null,
            "gross_margin": null,
            "gross_margin_4q_avg": 0,
            "net_income": null,
            "net_income_4q": null,
            "revenue": null,
            "revenue_4q": null,
            "common_shares": null,
            "book_valuer_per_share": null,
            "book_valuer_per_share_4q_avg": 0,
            "equity": null,
            "current_ratio": null,
            "debt_ratio": null,
            "inventory_turnover_ratio": null,
            "account_receivable_turnover_ratio": null,
            "reinvestment_rate": null,
            "research_to_sale_ratio": null,
            "price_fair": 0,
            "eps_avg_yearly": 0,
            "eps_latest_yearly": 0,
            "eps_growth_yearly": 0
        },
        "20023": {
            "year_quarter": 20023,
            "year": 2002,
            "quarter": 3,
            "eps": null,
            "eps_growth_year": null,
            "eps_4q": null,
            "eps_4q_growth_year": null,
            "roe": null,
            "roe_4q": 0,
            "gross_profit": null,
            "gross_margin": null,
            "gross_margin_4q_avg": 0,
            "net_income": null,
            "net_income_4q": null,
            "revenue": null,
            "revenue_4q": null,
            "common_shares": null,
            "book_valuer_per_share": null,
            "book_valuer_per_share_4q_avg": 0,
            "equity": null,
            "current_ratio": null,
            "debt_ratio": null,
            "inventory_turnover_ratio": null,
            "account_receivable_turnover_ratio": null,
            "reinvestment_rate": null,
            "research_to_sale_ratio": null,
            "price_fair": 0,
            "eps_avg_yearly": 0,
            "eps_latest_yearly": 0,
            "eps_growth_yearly": 0
        },
        "20024": {
            "year_quarter": 20024,
            "year": 2002,
            "quarter": 4,
            "eps": null,
            "eps_growth_year": null,
            "eps_4q": null,
            "eps_4q_growth_year": null,
            "roe": null,
            "roe_4q": 0,
            "gross_profit": null,
            "gross_margin": null,
            "gross_margin_4q_avg": 0,
            "net_income": null,
            "net_income_4q": null,
            "revenue": null,
            "revenue_4q": null,
            "common_shares": null,
            "book_valuer_per_share": null,
            "book_valuer_per_share_4q_avg": 0,
            "equity": null,
            "current_ratio": null,
            "debt_ratio": null,
            "inventory_turnover_ratio": null,
            "account_receivable_turnover_ratio": null,
            "reinvestment_rate": null,
            "research_to_sale_ratio": null,
            "price_fair": 0,
            "eps_avg_yearly": 0,
            "eps_latest_yearly": 0,
            "eps_growth_yearly": 0
        },
        "20031": {
            "year_quarter": 20031,
            "year": 2003,
            "quarter": 1,
            "eps": null,
            "eps_growth_year": null,
            "eps_4q": null,
            "eps_4q_growth_year": null,
            "roe": null,
            "roe_4q": 0,
            "gross_profit": null,
            "gross_margin": null,
            "gross_margin_4q_avg": 0,
            "net_income": null,
            "net_income_4q": null,
            "revenue": null,
            "revenue_4q": null,
            "common_shares": null,
            "book_valuer_per_share": null,
            "book_valuer_per_share_4q_avg": 0,
            "equity": null,
            "current_ratio": null,
            "debt_ratio": null,
            "inventory_turnover_ratio": null,
            "account_receivable_turnover_ratio": null,
            "reinvestment_rate": null,
            "research_to_sale_ratio": null,
            "price_fair": 0,
            "eps_avg_yearly": 0,
            "eps_latest_yearly": 0,
            "eps_growth_yearly": 0
        },
        "20032": {
            "year_quarter": 20032,
            "year": 2003,
            "quarter": 2,
            "eps": null,
            "eps_growth_year": null,
            "eps_4q": null,
            "eps_4q_growth_year": null,
            "roe": null,
            "roe_4q": 0,
            "gross_profit": null,
            "gross_margin": null,
            "gross_margin_4q_avg": 0,
            "net_income": null,
            "net_income_4q": null,
            "revenue": null,
            "revenue_4q": null,
            "common_shares": null,
            "book_valuer_per_share": null,
            "book_valuer_per_share_4q_avg": 0,
            "equity": null,
            "current_ratio": null,
            "debt_ratio": null,
            "inventory_turnover_ratio": null,
            "account_receivable_turnover_ratio": null,
            "reinvestment_rate": null,
            "research_to_sale_ratio": null,
            "price_fair": 0,
            "eps_avg_yearly": 0,
            "eps_latest_yearly": 0,
            "eps_growth_yearly": 0
        },
        "20033": {
            "year_quarter": 20033,
            "year": 2003,
            "quarter": 3,
            "eps": null,
            "eps_growth_year": null,
            "eps_4q": null,
            "eps_4q_growth_year": null,
            "roe": null,
            "roe_4q": 0,
            "gross_profit": null,
            "gross_margin": null,
            "gross_margin_4q_avg": 0,
            "net_income": null,
            "net_income_4q": null,
            "revenue": null,
            "revenue_4q": null,
            "common_shares": null,
            "book_valuer_per_share": null,
            "book_valuer_per_share_4q_avg": 0,
            "equity": null,
            "current_ratio": null,
            "debt_ratio": null,
            "inventory_turnover_ratio": null,
            "account_receivable_turnover_ratio": null,
            "reinvestment_rate": null,
            "research_to_sale_ratio": null,
            "price_fair": 0,
            "eps_avg_yearly": 0,
            "eps_latest_yearly": 0,
            "eps_growth_yearly": 0
        },
        "20034": {
            "year_quarter": 20034,
            "year": 2003,
            "quarter": 4,
            "eps": null,
            "eps_growth_year": null,
            "eps_4q": null,
            "eps_4q_growth_year": null,
            "roe": null,
            "roe_4q": 0,
            "gross_profit": null,
            "gross_margin": null,
            "gross_margin_4q_avg": 0,
            "net_income": null,
            "net_income_4q": null,
            "revenue": null,
            "revenue_4q": null,
            "common_shares": null,
            "book_valuer_per_share": null,
            "book_valuer_per_share_4q_avg": 0,
            "equity": null,
            "current_ratio": null,
            "debt_ratio": null,
            "inventory_turnover_ratio": null,
            "account_receivable_turnover_ratio": null,
            "reinvestment_rate": null,
            "research_to_sale_ratio": null,
            "price_fair": 0,
            "eps_avg_yearly": 0,
            "eps_latest_yearly": 0,
            "eps_growth_yearly": 0
        },
        "20041": {
            "year_quarter": 20041,
            "year": 2004,
            "quarter": 1,
            "eps": null,
            "eps_growth_year": null,
            "eps_4q": null,
            "eps_4q_growth_year": null,
            "roe": null,
            "roe_4q": 0,
            "gross_profit": null,
            "gross_margin": null,
            "gross_margin_4q_avg": 0,
            "net_income": null,
            "net_income_4q": null,
            "revenue": null,
            "revenue_4q": null,
            "common_shares": null,
            "book_valuer_per_share": null,
            "book_valuer_per_share_4q_avg": 0,
            "equity": null,
            "current_ratio": null,
            "debt_ratio": null,
            "inventory_turnover_ratio": null,
            "account_receivable_turnover_ratio": null,
            "reinvestment_rate": null,
            "research_to_sale_ratio": null,
            "price_fair": 0,
            "eps_avg_yearly": 0,
            "eps_latest_yearly": 0,
            "eps_growth_yearly": 0
        },
        "20042": {
            "year_quarter": 20042,
            "year": 2004,
            "quarter": 2,
            "eps": null,
            "eps_growth_year": null,
            "eps_4q": null,
            "eps_4q_growth_year": null,
            "roe": null,
            "roe_4q": 0,
            "gross_profit": null,
            "gross_margin": null,
            "gross_margin_4q_avg": 0,
            "net_income": null,
            "net_income_4q": null,
            "revenue": null,
            "revenue_4q": null,
            "common_shares": null,
            "book_valuer_per_share": null,
            "book_valuer_per_share_4q_avg": 0,
            "equity": null,
            "current_ratio": null,
            "debt_ratio": null,
            "inventory_turnover_ratio": null,
            "account_receivable_turnover_ratio": null,
            "reinvestment_rate": null,
            "research_to_sale_ratio": null,
            "price_fair": 0,
            "eps_avg_yearly": 0,
            "eps_latest_yearly": 0,
            "eps_growth_yearly": 0
        },
        "20043": {
            "year_quarter": 20043,
            "year": 2004,
            "quarter": 3,
            "eps": null,
            "eps_growth_year": null,
            "eps_4q": null,
            "eps_4q_growth_year": null,
            "roe": null,
            "roe_4q": 0,
            "gross_profit": null,
            "gross_margin": null,
            "gross_margin_4q_avg": 0,
            "net_income": null,
            "net_income_4q": null,
            "revenue": null,
            "revenue_4q": null,
            "common_shares": null,
            "book_valuer_per_share": null,
            "book_valuer_per_share_4q_avg": 0,
            "equity": null,
            "current_ratio": null,
            "debt_ratio": null,
            "inventory_turnover_ratio": null,
            "account_receivable_turnover_ratio": null,
            "reinvestment_rate": null,
            "research_to_sale_ratio": null,
            "price_fair": 0,
            "eps_avg_yearly": 0,
            "eps_latest_yearly": 0,
            "eps_growth_yearly": 0
        },
        "20044": {
            "year_quarter": 20044,
            "year": 2004,
            "quarter": 4,
            "eps": null,
            "eps_growth_year": null,
            "eps_4q": null,
            "eps_4q_growth_year": null,
            "roe": null,
            "roe_4q": 0,
            "gross_profit": null,
            "gross_margin": null,
            "gross_margin_4q_avg": 0,
            "net_income": null,
            "net_income_4q": null,
            "revenue": null,
            "revenue_4q": null,
            "common_shares": null,
            "book_valuer_per_share": null,
            "book_valuer_per_share_4q_avg": 0,
            "equity": null,
            "current_ratio": null,
            "debt_ratio": null,
            "inventory_turnover_ratio": null,
            "account_receivable_turnover_ratio": null,
            "reinvestment_rate": null,
            "research_to_sale_ratio": null,
            "price_fair": 0,
            "eps_avg_yearly": 0,
            "eps_latest_yearly": 0,
            "eps_growth_yearly": 0
        },
        "20051": {
            "year_quarter": 20051,
            "year": 2005,
            "quarter": 1,
            "eps": null,
            "eps_growth_year": null,
            "eps_4q": null,
            "eps_4q_growth_year": null,
            "roe": null,
            "roe_4q": 0,
            "gross_profit": null,
            "gross_margin": null,
            "gross_margin_4q_avg": 0,
            "net_income": null,
            "net_income_4q": null,
            "revenue": null,
            "revenue_4q": null,
            "common_shares": null,
            "book_valuer_per_share": null,
            "book_valuer_per_share_4q_avg": 0,
            "equity": null,
            "current_ratio": null,
            "debt_ratio": null,
            "inventory_turnover_ratio": null,
            "account_receivable_turnover_ratio": null,
            "reinvestment_rate": null,
            "research_to_sale_ratio": null,
            "price_fair": 0,
            "eps_avg_yearly": 0,
            "eps_latest_yearly": 0,
            "eps_growth_yearly": 0
        },
        "20052": {
            "year_quarter": 20052,
            "year": 2005,
            "quarter": 2,
            "eps": null,
            "eps_growth_year": null,
            "eps_4q": null,
            "eps_4q_growth_year": null,
            "roe": null,
            "roe_4q": 0,
            "gross_profit": null,
            "gross_margin": null,
            "gross_margin_4q_avg": 0,
            "net_income": null,
            "net_income_4q": null,
            "revenue": null,
            "revenue_4q": null,
            "common_shares": null,
            "book_valuer_per_share": null,
            "book_valuer_per_share_4q_avg": 0,
            "equity": null,
            "current_ratio": null,
            "debt_ratio": null,
            "inventory_turnover_ratio": null,
            "account_receivable_turnover_ratio": null,
            "reinvestment_rate": null,
            "research_to_sale_ratio": null,
            "price_fair": 0,
            "eps_avg_yearly": 0,
            "eps_latest_yearly": 0,
            "eps_growth_yearly": 0
        },
        "20053": {
            "year_quarter": 20053,
            "year": 2005,
            "quarter": 3,
            "eps": null,
            "eps_growth_year": null,
            "eps_4q": null,
            "eps_4q_growth_year": null,
            "roe": null,
            "roe_4q": 0,
            "gross_profit": null,
            "gross_margin": null,
            "gross_margin_4q_avg": 0,
            "net_income": null,
            "net_income_4q": null,
            "revenue": null,
            "revenue_4q": null,
            "common_shares": null,
            "book_valuer_per_share": null,
            "book_valuer_per_share_4q_avg": 0,
            "equity": null,
            "current_ratio": null,
            "debt_ratio": null,
            "inventory_turnover_ratio": null,
            "account_receivable_turnover_ratio": null,
            "reinvestment_rate": null,
            "research_to_sale_ratio": null,
            "price_fair": 0,
            "eps_avg_yearly": 0,
            "eps_latest_yearly": 0,
            "eps_growth_yearly": 0
        },
        "20054": {
            "year_quarter": 20054,
            "year": 2005,
            "quarter": 4,
            "eps": null,
            "eps_growth_year": null,
            "eps_4q": null,
            "eps_4q_growth_year": null,
            "roe": null,
            "roe_4q": 0,
            "gross_profit": null,
            "gross_margin": null,
            "gross_margin_4q_avg": 0,
            "net_income": null,
            "net_income_4q": null,
            "revenue": null,
            "revenue_4q": null,
            "common_shares": null,
            "book_valuer_per_share": null,
            "book_valuer_per_share_4q_avg": 0,
            "equity": null,
            "current_ratio": null,
            "debt_ratio": null,
            "inventory_turnover_ratio": null,
            "account_receivable_turnover_ratio": null,
            "reinvestment_rate": null,
            "research_to_sale_ratio": null,
            "price_fair": 0,
            "eps_avg_yearly": 0,
            "eps_latest_yearly": 0,
            "eps_growth_yearly": 0
        },
        "20061": {
            "year_quarter": 20061,
            "year": 2006,
            "quarter": 1,
            "eps": null,
            "eps_growth_year": null,
            "eps_4q": null,
            "eps_4q_growth_year": null,
            "roe": null,
            "roe_4q": 0,
            "gross_profit": null,
            "gross_margin": null,
            "gross_margin_4q_avg": 0,
            "net_income": null,
            "net_income_4q": null,
            "revenue": null,
            "revenue_4q": null,
            "common_shares": null,
            "book_valuer_per_share": null,
            "book_valuer_per_share_4q_avg": 0,
            "equity": null,
            "current_ratio": null,
            "debt_ratio": null,
            "inventory_turnover_ratio": null,
            "account_receivable_turnover_ratio": null,
            "reinvestment_rate": null,
            "research_to_sale_ratio": null,
            "price_fair": 0,
            "eps_avg_yearly": 0,
            "eps_latest_yearly": 0,
            "eps_growth_yearly": 0
        },
        "20062": {
            "year_quarter": 20062,
            "year": 2006,
            "quarter": 2,
            "eps": null,
            "eps_growth_year": null,
            "eps_4q": null,
            "eps_4q_growth_year": null,
            "roe": null,
            "roe_4q": 0,
            "gross_profit": null,
            "gross_margin": null,
            "gross_margin_4q_avg": 0,
            "net_income": null,
            "net_income_4q": null,
            "revenue": null,
            "revenue_4q": null,
            "common_shares": null,
            "book_valuer_per_share": null,
            "book_valuer_per_share_4q_avg": 0,
            "equity": null,
            "current_ratio": null,
            "debt_ratio": null,
            "inventory_turnover_ratio": null,
            "account_receivable_turnover_ratio": null,
            "reinvestment_rate": null,
            "research_to_sale_ratio": null,
            "price_fair": 0,
            "eps_avg_yearly": 0,
            "eps_latest_yearly": 0,
            "eps_growth_yearly": 0
        },
        "20063": {
            "year_quarter": 20063,
            "year": 2006,
            "quarter": 3,
            "eps": null,
            "eps_growth_year": null,
            "eps_4q": null,
            "eps_4q_growth_year": null,
            "roe": null,
            "roe_4q": 0,
            "gross_profit": null,
            "gross_margin": null,
            "gross_margin_4q_avg": 0,
            "net_income": null,
            "net_income_4q": null,
            "revenue": null,
            "revenue_4q": null,
            "common_shares": null,
            "book_valuer_per_share": null,
            "book_valuer_per_share_4q_avg": 0,
            "equity": null,
            "current_ratio": null,
            "debt_ratio": null,
            "inventory_turnover_ratio": null,
            "account_receivable_turnover_ratio": null,
            "reinvestment_rate": null,
            "research_to_sale_ratio": null,
            "price_fair": 0,
            "eps_avg_yearly": 0,
            "eps_latest_yearly": 0,
            "eps_growth_yearly": 0
        },
        "20064": {
            "year_quarter": 20064,
            "year": 2006,
            "quarter": 4,
            "eps": null,
            "eps_growth_year": null,
            "eps_4q": null,
            "eps_4q_growth_year": null,
            "roe": null,
            "roe_4q": 0,
            "gross_profit": null,
            "gross_margin": null,
            "gross_margin_4q_avg": 0,
            "net_income": null,
            "net_income_4q": null,
            "revenue": null,
            "revenue_4q": null,
            "common_shares": null,
            "book_valuer_per_share": null,
            "book_valuer_per_share_4q_avg": 0,
            "equity": null,
            "current_ratio": null,
            "debt_ratio": null,
            "inventory_turnover_ratio": null,
            "account_receivable_turnover_ratio": null,
            "reinvestment_rate": null,
            "research_to_sale_ratio": null,
            "price_fair": 0,
            "eps_avg_yearly": 0,
            "eps_latest_yearly": 0,
            "eps_growth_yearly": 0
        },
        "20071": {
            "year_quarter": 20071,
            "year": 2007,
            "quarter": 1,
            "eps": null,
            "eps_growth_year": null,
            "eps_4q": null,
            "eps_4q_growth_year": null,
            "roe": null,
            "roe_4q": 0,
            "gross_profit": null,
            "gross_margin": null,
            "gross_margin_4q_avg": 0,
            "net_income": null,
            "net_income_4q": null,
            "revenue": null,
            "revenue_4q": null,
            "common_shares": null,
            "book_valuer_per_share": null,
            "book_valuer_per_share_4q_avg": 0,
            "equity": null,
            "current_ratio": null,
            "debt_ratio": null,
            "inventory_turnover_ratio": null,
            "account_receivable_turnover_ratio": null,
            "reinvestment_rate": null,
            "research_to_sale_ratio": null,
            "price_fair": 0,
            "eps_avg_yearly": 0,
            "eps_latest_yearly": 0,
            "eps_growth_yearly": 0
        },
        "20072": {
            "year_quarter": 20072,
            "year": 2007,
            "quarter": 2,
            "eps": null,
            "eps_growth_year": null,
            "eps_4q": null,
            "eps_4q_growth_year": null,
            "roe": null,
            "roe_4q": 0,
            "gross_profit": null,
            "gross_margin": null,
            "gross_margin_4q_avg": 0,
            "net_income": null,
            "net_income_4q": null,
            "revenue": null,
            "revenue_4q": null,
            "common_shares": null,
            "book_valuer_per_share": null,
            "book_valuer_per_share_4q_avg": 0,
            "equity": null,
            "current_ratio": null,
            "debt_ratio": null,
            "inventory_turnover_ratio": null,
            "account_receivable_turnover_ratio": null,
            "reinvestment_rate": null,
            "research_to_sale_ratio": null,
            "price_fair": 0,
            "eps_avg_yearly": 0,
            "eps_latest_yearly": 0,
            "eps_growth_yearly": 0
        },
        "20073": {
            "year_quarter": 20073,
            "year": 2007,
            "quarter": 3,
            "eps": null,
            "eps_growth_year": null,
            "eps_4q": null,
            "eps_4q_growth_year": null,
            "roe": null,
            "roe_4q": 0,
            "gross_profit": null,
            "gross_margin": null,
            "gross_margin_4q_avg": 0,
            "net_income": null,
            "net_income_4q": null,
            "revenue": null,
            "revenue_4q": null,
            "common_shares": null,
            "book_valuer_per_share": null,
            "book_valuer_per_share_4q_avg": 0,
            "equity": null,
            "current_ratio": null,
            "debt_ratio": null,
            "inventory_turnover_ratio": null,
            "account_receivable_turnover_ratio": null,
            "reinvestment_rate": null,
            "research_to_sale_ratio": null,
            "price_fair": 0,
            "eps_avg_yearly": 0,
            "eps_latest_yearly": 0,
            "eps_growth_yearly": 0
        },
        "20074": {
            "year_quarter": 20074,
            "year": 2007,
            "quarter": 4,
            "eps": null,
            "eps_growth_year": null,
            "eps_4q": null,
            "eps_4q_growth_year": null,
            "roe": null,
            "roe_4q": 0,
            "gross_profit": null,
            "gross_margin": null,
            "gross_margin_4q_avg": 0,
            "net_income": null,
            "net_income_4q": null,
            "revenue": null,
            "revenue_4q": null,
            "common_shares": null,
            "book_valuer_per_share": null,
            "book_valuer_per_share_4q_avg": 0,
            "equity": null,
            "current_ratio": null,
            "debt_ratio": null,
            "inventory_turnover_ratio": null,
            "account_receivable_turnover_ratio": null,
            "reinvestment_rate": null,
            "research_to_sale_ratio": null,
            "price_fair": 0,
            "eps_avg_yearly": 0,
            "eps_latest_yearly": 0,
            "eps_growth_yearly": 0
        },
        "20081": {
            "year_quarter": 20081,
            "year": 2008,
            "quarter": 1,
            "eps": null,
            "eps_growth_year": null,
            "eps_4q": null,
            "eps_4q_growth_year": null,
            "roe": null,
            "roe_4q": 0,
            "gross_profit": null,
            "gross_margin": null,
            "gross_margin_4q_avg": 0,
            "net_income": null,
            "net_income_4q": null,
            "revenue": null,
            "revenue_4q": null,
            "common_shares": null,
            "book_valuer_per_share": null,
            "book_valuer_per_share_4q_avg": 0,
            "equity": null,
            "current_ratio": null,
            "debt_ratio": null,
            "inventory_turnover_ratio": null,
            "account_receivable_turnover_ratio": null,
            "reinvestment_rate": null,
            "research_to_sale_ratio": null,
            "price_fair": 0,
            "eps_avg_yearly": 0,
            "eps_latest_yearly": 0,
            "eps_growth_yearly": 0
        },
        "20082": {
            "year_quarter": 20082,
            "year": 2008,
            "quarter": 2,
            "eps": null,
            "eps_growth_year": null,
            "eps_4q": null,
            "eps_4q_growth_year": null,
            "roe": null,
            "roe_4q": 0,
            "gross_profit": null,
            "gross_margin": null,
            "gross_margin_4q_avg": 0,
            "net_income": null,
            "net_income_4q": null,
            "revenue": null,
            "revenue_4q": null,
            "common_shares": null,
            "book_valuer_per_share": null,
            "book_valuer_per_share_4q_avg": 0,
            "equity": null,
            "current_ratio": null,
            "debt_ratio": null,
            "inventory_turnover_ratio": null,
            "account_receivable_turnover_ratio": null,
            "reinvestment_rate": null,
            "research_to_sale_ratio": null,
            "price_fair": 0,
            "eps_avg_yearly": 0,
            "eps_latest_yearly": 0,
            "eps_growth_yearly": 0
        },
        "20083": {
            "year_quarter": 20083,
            "year": 2008,
            "quarter": 3,
            "eps": null,
            "eps_growth_year": null,
            "eps_4q": null,
            "eps_4q_growth_year": null,
            "roe": null,
            "roe_4q": 0,
            "gross_profit": null,
            "gross_margin": null,
            "gross_margin_4q_avg": 0,
            "net_income": null,
            "net_income_4q": null,
            "revenue": null,
            "revenue_4q": null,
            "common_shares": null,
            "book_valuer_per_share": null,
            "book_valuer_per_share_4q_avg": 0,
            "equity": null,
            "current_ratio": null,
            "debt_ratio": null,
            "inventory_turnover_ratio": null,
            "account_receivable_turnover_ratio": null,
            "reinvestment_rate": null,
            "research_to_sale_ratio": null,
            "price_fair": 0,
            "eps_avg_yearly": 0,
            "eps_latest_yearly": 0,
            "eps_growth_yearly": 0
        },
        "20084": {
            "year_quarter": 20084,
            "year": 2008,
            "quarter": 4,
            "eps": null,
            "eps_growth_year": null,
            "eps_4q": null,
            "eps_4q_growth_year": null,
            "roe": null,
            "roe_4q": 0,
            "gross_profit": null,
            "gross_margin": null,
            "gross_margin_4q_avg": 0,
            "net_income": null,
            "net_income_4q": null,
            "revenue": null,
            "revenue_4q": null,
            "common_shares": 92285,
            "book_valuer_per_share": 18.52,
            "book_valuer_per_share_4q_avg": 4.63,
            "equity": 170897,
            "current_ratio": 144.7,
            "debt_ratio": 62,
            "inventory_turnover_ratio": null,
            "account_receivable_turnover_ratio": null,
            "reinvestment_rate": null,
            "research_to_sale_ratio": null,
            "price_fair": 0,
            "eps_avg_yearly": 0,
            "eps_latest_yearly": 0,
            "eps_growth_yearly": 0
        },
        "20091": {
            "year_quarter": 20091,
            "year": 2009,
            "quarter": 1,
            "eps": null,
            "eps_growth_year": null,
            "eps_4q": null,
            "eps_4q_growth_year": null,
            "roe": null,
            "roe_4q": 0,
            "gross_profit": null,
            "gross_margin": null,
            "gross_margin_4q_avg": 0,
            "net_income": null,
            "net_income_4q": null,
            "revenue": null,
            "revenue_4q": null,
            "common_shares": null,
            "book_valuer_per_share": null,
            "book_valuer_per_share_4q_avg": 4.63,
            "equity": null,
            "current_ratio": null,
            "debt_ratio": null,
            "inventory_turnover_ratio": null,
            "account_receivable_turnover_ratio": null,
            "reinvestment_rate": null,
            "research_to_sale_ratio": null,
            "price_fair": 0,
            "eps_avg_yearly": 0,
            "eps_latest_yearly": 0,
            "eps_growth_yearly": 0
        },
        "20092": {
            "year_quarter": 20092,
            "year": 2009,
            "quarter": 2,
            "eps": null,
            "eps_growth_year": null,
            "eps_4q": null,
            "eps_4q_growth_year": null,
            "roe": null,
            "roe_4q": 0,
            "gross_profit": null,
            "gross_margin": null,
            "gross_margin_4q_avg": 0,
            "net_income": null,
            "net_income_4q": null,
            "revenue": null,
            "revenue_4q": null,
            "common_shares": null,
            "book_valuer_per_share": null,
            "book_valuer_per_share_4q_avg": 4.63,
            "equity": null,
            "current_ratio": null,
            "debt_ratio": null,
            "inventory_turnover_ratio": null,
            "account_receivable_turnover_ratio": null,
            "reinvestment_rate": null,
            "research_to_sale_ratio": null,
            "price_fair": 0,
            "eps_avg_yearly": 0,
            "eps_latest_yearly": 0,
            "eps_growth_yearly": 0
        },
        "20093": {
            "year_quarter": 20093,
            "year": 2009,
            "quarter": 3,
            "eps": null,
            "eps_growth_year": null,
            "eps_4q": null,
            "eps_4q_growth_year": null,
            "roe": null,
            "roe_4q": 0,
            "gross_profit": null,
            "gross_margin": null,
            "gross_margin_4q_avg": 0,
            "net_income": null,
            "net_income_4q": null,
            "revenue": null,
            "revenue_4q": null,
            "common_shares": null,
            "book_valuer_per_share": null,
            "book_valuer_per_share_4q_avg": 4.63,
            "equity": null,
            "current_ratio": null,
            "debt_ratio": null,
            "inventory_turnover_ratio": null,
            "account_receivable_turnover_ratio": null,
            "reinvestment_rate": null,
            "research_to_sale_ratio": null,
            "price_fair": 0,
            "eps_avg_yearly": 0,
            "eps_latest_yearly": 0,
            "eps_growth_yearly": 0
        },
        "20094": {
            "year_quarter": 20094,
            "year": 2009,
            "quarter": 4,
            "eps": null,
            "eps_growth_year": null,
            "eps_4q": null,
            "eps_4q_growth_year": null,
            "roe": null,
            "roe_4q": 0,
            "gross_profit": null,
            "gross_margin": null,
            "gross_margin_4q_avg": 0,
            "net_income": null,
            "net_income_4q": null,
            "revenue": null,
            "revenue_4q": null,
            "common_shares": 50000,
            "book_valuer_per_share": 9.81,
            "book_valuer_per_share_4q_avg": 2.45,
            "equity": 49051,
            "current_ratio": 77.94,
            "debt_ratio": 70.66,
            "inventory_turnover_ratio": null,
            "account_receivable_turnover_ratio": null,
            "reinvestment_rate": null,
            "research_to_sale_ratio": null,
            "price_fair": 0,
            "eps_avg_yearly": 0,
            "eps_latest_yearly": 0,
            "eps_growth_yearly": 0
        },
        "20101": {
            "year_quarter": 20101,
            "year": 2010,
            "quarter": 1,
            "eps": null,
            "eps_growth_year": null,
            "eps_4q": null,
            "eps_4q_growth_year": null,
            "roe": null,
            "roe_4q": 0,
            "gross_profit": null,
            "gross_margin": null,
            "gross_margin_4q_avg": 0,
            "net_income": null,
            "net_income_4q": null,
            "revenue": null,
            "revenue_4q": null,
            "common_shares": null,
            "book_valuer_per_share": null,
            "book_valuer_per_share_4q_avg": 2.45,
            "equity": null,
            "current_ratio": null,
            "debt_ratio": null,
            "inventory_turnover_ratio": null,
            "account_receivable_turnover_ratio": null,
            "reinvestment_rate": null,
            "research_to_sale_ratio": null,
            "price_fair": 0,
            "eps_avg_yearly": 0,
            "eps_latest_yearly": 0,
            "eps_growth_yearly": 0
        },
        "20102": {
            "year_quarter": 20102,
            "year": 2010,
            "quarter": 2,
            "eps": null,
            "eps_growth_year": null,
            "eps_4q": null,
            "eps_4q_growth_year": null,
            "roe": null,
            "roe_4q": 0,
            "gross_profit": null,
            "gross_margin": null,
            "gross_margin_4q_avg": 0,
            "net_income": null,
            "net_income_4q": null,
            "revenue": null,
            "revenue_4q": null,
            "common_shares": 200000,
            "book_valuer_per_share": null,
            "book_valuer_per_share_4q_avg": 2.45,
            "equity": 268092,
            "current_ratio": null,
            "debt_ratio": null,
            "inventory_turnover_ratio": null,
            "account_receivable_turnover_ratio": null,
            "reinvestment_rate": null,
            "research_to_sale_ratio": null,
            "price_fair": 0,
            "eps_avg_yearly": 0,
            "eps_latest_yearly": 0,
            "eps_growth_yearly": 0
        },
        "20103": {
            "year_quarter": 20103,
            "year": 2010,
            "quarter": 3,
            "eps": null,
            "eps_growth_year": null,
            "eps_4q": null,
            "eps_4q_growth_year": null,
            "roe": null,
            "roe_4q": 0,
            "gross_profit": 106245,
            "gross_margin": null,
            "gross_margin_4q_avg": 0,
            "net_income": 8837,
            "net_income_4q": null,
            "revenue": 229368,
            "revenue_4q": null,
            "common_shares": 200000,
            "book_valuer_per_share": 13.54,
            "book_valuer_per_share_4q_avg": 5.84,
            "equity": 270857,
            "current_ratio": 141.52,
            "debt_ratio": 60.98,
            "inventory_turnover_ratio": null,
            "account_receivable_turnover_ratio": null,
            "reinvestment_rate": null,
            "research_to_sale_ratio": null,
            "price_fair": 0,
            "eps_avg_yearly": 0,
            "eps_latest_yearly": 0,
            "eps_growth_yearly": 0
        },
        "20104": {
            "year_quarter": 20104,
            "year": 2010,
            "quarter": 4,
            "eps": null,
            "eps_growth_year": null,
            "eps_4q": null,
            "eps_4q_growth_year": null,
            "roe": null,
            "roe_4q": 0,
            "gross_profit": 287336,
            "gross_margin": null,
            "gross_margin_4q_avg": 0,
            "net_income": 91246,
            "net_income_4q": null,
            "revenue": 426600,
            "revenue_4q": null,
            "common_shares": 250000,
            "book_valuer_per_share": 14.95,
            "book_valuer_per_share_4q_avg": 7.12,
            "equity": 373626,
            "current_ratio": 192.11,
            "debt_ratio": 44.19,
            "inventory_turnover_ratio": null,
            "account_receivable_turnover_ratio": null,
            "reinvestment_rate": null,
            "research_to_sale_ratio": null,
            "price_fair": 0,
            "eps_avg_yearly": 0,
            "eps_latest_yearly": 0,
            "eps_growth_yearly": 0
        },
        "20111": {
            "year_quarter": 20111,
            "year": 2011,
            "quarter": 1,
            "eps": null,
            "eps_growth_year": null,
            "eps_4q": null,
            "eps_4q_growth_year": null,
            "roe": null,
            "roe_4q": 0,
            "gross_profit": 158882,
            "gross_margin": null,
            "gross_margin_4q_avg": 0,
            "net_income": 35643,
            "net_income_4q": null,
            "revenue": 277110,
            "revenue_4q": null,
            "common_shares": 250000,
            "book_valuer_per_share": 16.57,
            "book_valuer_per_share_4q_avg": 11.27,
            "equity": 414189,
            "current_ratio": 195.21,
            "debt_ratio": 43.21,
            "inventory_turnover_ratio": null,
            "account_receivable_turnover_ratio": null,
            "reinvestment_rate": null,
            "research_to_sale_ratio": null,
            "price_fair": 0,
            "eps_avg_yearly": 0,
            "eps_latest_yearly": 0,
            "eps_growth_yearly": 0
        },
        "20112": {
            "year_quarter": 20112,
            "year": 2011,
            "quarter": 2,
            "eps": 0.46,
            "eps_growth_year": null,
            "eps_4q": 0.46,
            "eps_4q_growth_year": null,
            "roe": 3.13,
            "roe_4q": 3.13,
            "gross_profit": 132668,
            "gross_margin": 55.3,
            "gross_margin_4q_avg": 13.83,
            "net_income": 12687,
            "net_income_4q": null,
            "revenue": 239906,
            "revenue_4q": null,
            "common_shares": 250000,
            "book_valuer_per_share": 15.9,
            "book_valuer_per_share_4q_avg": 15.24,
            "equity": 397533,
            "current_ratio": 186.25,
            "debt_ratio": 45.16,
            "inventory_turnover_ratio": 0.39,
            "account_receivable_turnover_ratio": 4.33,
            "reinvestment_rate": null,
            "research_to_sale_ratio": null,
            "price_fair": 0,
            "eps_avg_yearly": 0,
            "eps_latest_yearly": 0,
            "eps_growth_yearly": 0
        },
        "20113": {
            "year_quarter": 20113,
            "year": 2011,
            "quarter": 3,
            "eps": 0.63,
            "eps_growth_year": null,
            "eps_4q": 1.09,
            "eps_4q_growth_year": null,
            "roe": 4.08,
            "roe_4q": 7.21,
            "gross_profit": 150303,
            "gross_margin": 54.09,
            "gross_margin_4q_avg": 27.35,
            "net_income": 17189,
            "net_income_4q": null,
            "revenue": 277857,
            "revenue_4q": null,
            "common_shares": 250000,
            "book_valuer_per_share": 17.83,
            "book_valuer_per_share_4q_avg": 16.31,
            "equity": 445750,
            "current_ratio": 175.47,
            "debt_ratio": 49.14,
            "inventory_turnover_ratio": 0.38,
            "account_receivable_turnover_ratio": 2.2,
            "reinvestment_rate": null,
            "research_to_sale_ratio": 1.25,
            "price_fair": 88.2,
            "eps_avg_yearly": 2.52,
            "eps_latest_yearly": 2.52,
            "eps_growth_yearly": 147.83
        },
        "20114": {
            "year_quarter": 20114,
            "year": 2011,
            "quarter": 4,
            "eps": 1.3,
            "eps_growth_year": null,
            "eps_4q": 2.29,
            "eps_4q_growth_year": null,
            "roe": 7.21,
            "roe_4q": 14.419999999999998,
            "gross_profit": 186702,
            "gross_margin": 58.07,
            "gross_margin_4q_avg": 41.87,
            "net_income": 39408,
            "net_income_4q": null,
            "revenue": 321515,
            "revenue_4q": null,
            "common_shares": 302370,
            "book_valuer_per_share": 21.41,
            "book_valuer_per_share_4q_avg": 17.93,
            "equity": 647294,
            "current_ratio": 253.37,
            "debt_ratio": 34.27,
            "inventory_turnover_ratio": 0.36,
            "account_receivable_turnover_ratio": 2.22,
            "reinvestment_rate": null,
            "research_to_sale_ratio": 1.18,
            "price_fair": 135.1,
            "eps_avg_yearly": 3.86,
            "eps_latest_yearly": 5.2,
            "eps_growth_yearly": 286.61
        },
        "20121": {
            "year_quarter": 20121,
            "year": 2012,
            "quarter": 1,
            "eps": 0.89,
            "eps_growth_year": null,
            "eps_4q": 3.18,
            "eps_4q_growth_year": null,
            "roe": 4.1,
            "roe_4q": 18.52,
            "gross_profit": 170680,
            "gross_margin": 55.74,
            "gross_margin_4q_avg": 55.8,
            "net_income": 26901,
            "net_income_4q": null,
            "revenue": 306213,
            "revenue_4q": null,
            "common_shares": 302370,
            "book_valuer_per_share": 21.95,
            "book_valuer_per_share_4q_avg": 19.27,
            "equity": 663585,
            "current_ratio": 267.57,
            "debt_ratio": 32.64,
            "inventory_turnover_ratio": 0.39,
            "account_receivable_turnover_ratio": 2.08,
            "reinvestment_rate": null,
            "research_to_sale_ratio": 1.18,
            "price_fair": 131.6,
            "eps_avg_yearly": 3.76,
            "eps_latest_yearly": 3.56,
            "eps_growth_yearly": 149.02
        },
        "20122": {
            "year_quarter": 20122,
            "year": 2012,
            "quarter": 2,
            "eps": 0.96,
            "eps_growth_year": 109.14,
            "eps_4q": 3.73,
            "eps_4q_growth_year": 707.7,
            "roe": 4.58,
            "roe_4q": 19.97,
            "gross_profit": 166554,
            "gross_margin": 56.95,
            "gross_margin_4q_avg": 56.21,
            "net_income": 29174,
            "net_income_4q": null,
            "revenue": 292435,
            "revenue_4q": null,
            "common_shares": 302370,
            "book_valuer_per_share": 20.23,
            "book_valuer_per_share_4q_avg": 20.36,
            "equity": 611680,
            "current_ratio": 238.66,
            "debt_ratio": 36.48,
            "inventory_turnover_ratio": 0.39,
            "account_receivable_turnover_ratio": 1.97,
            "reinvestment_rate": null,
            "research_to_sale_ratio": 1.14,
            "price_fair": 132.3,
            "eps_avg_yearly": 3.78,
            "eps_latest_yearly": 3.84,
            "eps_growth_yearly": 119.63
        },
        "20123": {
            "year_quarter": 20123,
            "year": 2012,
            "quarter": 3,
            "eps": 1.14,
            "eps_growth_year": 81.61,
            "eps_4q": 4.29,
            "eps_4q_growth_year": 295.16,
            "roe": 5.51,
            "roe_4q": 21.4,
            "gross_profit": 181829,
            "gross_margin": 56.43,
            "gross_margin_4q_avg": 56.8,
            "net_income": 34324,
            "net_income_4q": null,
            "revenue": 322217,
            "revenue_4q": null,
            "common_shares": 302370,
            "book_valuer_per_share": 20.96,
            "book_valuer_per_share_4q_avg": 21.14,
            "equity": 633895,
            "current_ratio": 238.63,
            "debt_ratio": 36.89,
            "inventory_turnover_ratio": 0.41,
            "account_receivable_turnover_ratio": 1.91,
            "reinvestment_rate": null,
            "research_to_sale_ratio": 0.97,
            "price_fair": 137.76,
            "eps_avg_yearly": 3.94,
            "eps_latest_yearly": 4.56,
            "eps_growth_yearly": 110.71
        },
        "20124": {
            "year_quarter": 20124,
            "year": 2012,
            "quarter": 4,
            "eps": 1.19,
            "eps_growth_year": -9.07,
            "eps_4q": 4.17,
            "eps_4q_growth_year": 82.2,
            "roe": 5.5,
            "roe_4q": 19.689999999999998,
            "gross_profit": 187768,
            "gross_margin": 56.31,
            "gross_margin_4q_avg": 56.36,
            "net_income": 35835,
            "net_income_4q": null,
            "revenue": 333426,
            "revenue_4q": null,
            "common_shares": 302370,
            "book_valuer_per_share": 22.12,
            "book_valuer_per_share_4q_avg": 21.32,
            "equity": 668773,
            "current_ratio": 287.58,
            "debt_ratio": 30.83,
            "inventory_turnover_ratio": 0.41,
            "account_receivable_turnover_ratio": 1.84,
            "reinvestment_rate": null,
            "research_to_sale_ratio": 0.91,
            "price_fair": 142.57,
            "eps_avg_yearly": 4.07,
            "eps_latest_yearly": 4.76,
            "eps_growth_yearly": 95.18
        },
        "20131": {
            "year_quarter": 20131,
            "year": 2013,
            "quarter": 1,
            "eps": 1,
            "eps_growth_year": 12.36,
            "eps_4q": 4.29,
            "eps_4q_growth_year": 34.71,
            "roe": 4.35,
            "roe_4q": 19.939999999999998,
            "gross_profit": 243151,
            "gross_margin": 63.97,
            "gross_margin_4q_avg": 58.42,
            "net_income": 30237,
            "net_income_4q": null,
            "revenue": 380113,
            "revenue_4q": null,
            "common_shares": 302370,
            "book_valuer_per_share": 23.81,
            "book_valuer_per_share_4q_avg": 21.78,
            "equity": 720045,
            "current_ratio": 387.27,
            "debt_ratio": 40.29,
            "inventory_turnover_ratio": 0.4,
            "account_receivable_turnover_ratio": 2.03,
            "reinvestment_rate": null,
            "research_to_sale_ratio": 0.83,
            "price_fair": 142.2,
            "eps_avg_yearly": 4.06,
            "eps_latest_yearly": 4,
            "eps_growth_yearly": 72.46
        },
        "20132": {
            "year_quarter": 20132,
            "year": 2013,
            "quarter": 2,
            "eps": 0.84,
            "eps_growth_year": -12.94,
            "eps_4q": 4,
            "eps_4q_growth_year": 7.29,
            "roe": 3.82,
            "roe_4q": 19.18,
            "gross_profit": 225593,
            "gross_margin": 65.39,
            "gross_margin_4q_avg": 60.53,
            "net_income": 26539,
            "net_income_4q": null,
            "revenue": 344978,
            "revenue_4q": null,
            "common_shares": 302370,
            "book_valuer_per_share": 22.09,
            "book_valuer_per_share_4q_avg": 22.25,
            "equity": 668022,
            "current_ratio": 320.94,
            "debt_ratio": 44.94,
            "inventory_turnover_ratio": 0.34,
            "account_receivable_turnover_ratio": 1.85,
            "reinvestment_rate": null,
            "research_to_sale_ratio": 1.03,
            "price_fair": 139.13,
            "eps_avg_yearly": 3.98,
            "eps_latest_yearly": 3.36,
            "eps_growth_yearly": 55.4
        },
        "20133": {
            "year_quarter": 20133,
            "year": 2013,
            "quarter": 3,
            "eps": 1.02,
            "eps_growth_year": -10.15,
            "eps_4q": 3.93,
            "eps_4q_growth_year": -8.34,
            "roe": 4.74,
            "roe_4q": 18.41,
            "gross_profit": 248841,
            "gross_margin": 63.71,
            "gross_margin_4q_avg": 62.35,
            "net_income": 32318,
            "net_income_4q": null,
            "revenue": 390589,
            "revenue_4q": null,
            "common_shares": 317489,
            "book_valuer_per_share": 21.87,
            "book_valuer_per_share_4q_avg": 22.47,
            "equity": 694344,
            "current_ratio": 326.6,
            "debt_ratio": 44.47,
            "inventory_turnover_ratio": 0.37,
            "account_receivable_turnover_ratio": 2,
            "reinvestment_rate": null,
            "research_to_sale_ratio": 0.89,
            "price_fair": 139.53,
            "eps_avg_yearly": 3.99,
            "eps_latest_yearly": 4.08,
            "eps_growth_yearly": 58.77
        },
        "20134": {
            "year_quarter": 20134,
            "year": 2013,
            "quarter": 4,
            "eps": 1.32,
            "eps_growth_year": 11.51,
            "eps_4q": 4.05,
            "eps_4q_growth_year": -3.03,
            "roe": 5.77,
            "roe_4q": 18.68,
            "gross_profit": 269881,
            "gross_margin": 63.75,
            "gross_margin_4q_avg": 64.21,
            "net_income": 43181,
            "net_income_4q": null,
            "revenue": 423369,
            "revenue_4q": null,
            "common_shares": 326756,
            "book_valuer_per_share": 24.53,
            "book_valuer_per_share_4q_avg": 23.08,
            "equity": 801679,
            "current_ratio": 368.22,
            "debt_ratio": 35.4,
            "inventory_turnover_ratio": 0.38,
            "account_receivable_turnover_ratio": 2.06,
            "reinvestment_rate": null,
            "research_to_sale_ratio": 0.77,
            "price_fair": 144.06,
            "eps_avg_yearly": 4.12,
            "eps_latest_yearly": 5.28,
            "eps_growth_yearly": 64.66
        },
        "20141": {
            "year_quarter": 20141,
            "year": 2014,
            "quarter": 1,
            "eps": 0.43,
            "eps_growth_year": -57,
            "eps_4q": 3.41,
            "eps_4q_growth_year": -20.31,
            "roe": 1.7,
            "roe_4q": 16.03,
            "gross_profit": 233598,
            "gross_margin": 66.37,
            "gross_margin_4q_avg": 64.81,
            "net_income": 14579,
            "net_income_4q": null,
            "revenue": 351966,
            "revenue_4q": null,
            "common_shares": 341497,
            "book_valuer_per_share": 26.65,
            "book_valuer_per_share_4q_avg": 23.79,
            "equity": 909956,
            "current_ratio": 331.47,
            "debt_ratio": 26.75,
            "inventory_turnover_ratio": 0.29,
            "account_receivable_turnover_ratio": 1.99,
            "reinvestment_rate": null,
            "research_to_sale_ratio": 0.74,
            "price_fair": 136.44,
            "eps_avg_yearly": 3.9,
            "eps_latest_yearly": 1.72,
            "eps_growth_yearly": 34.26
        },
        "20142": {
            "year_quarter": 20142,
            "year": 2014,
            "quarter": 2,
            "eps": 0.5,
            "eps_growth_year": -40.48,
            "eps_4q": 3.12,
            "eps_4q_growth_year": -21.97,
            "roe": 1.98,
            "roe_4q": 14.19,
            "gross_profit": 236134,
            "gross_margin": 65.41,
            "gross_margin_4q_avg": 64.81,
            "net_income": 17096,
            "net_income_4q": null,
            "revenue": 361030,
            "revenue_4q": null,
            "common_shares": 343544,
            "book_valuer_per_share": 23.68,
            "book_valuer_per_share_4q_avg": 24.18,
            "equity": 813456,
            "current_ratio": 255.24,
            "debt_ratio": 34.02,
            "inventory_turnover_ratio": 0.32,
            "account_receivable_turnover_ratio": 2.17,
            "reinvestment_rate": 25.58,
            "research_to_sale_ratio": 0.79,
            "price_fair": 130.9,
            "eps_avg_yearly": 3.74,
            "eps_latest_yearly": 2,
            "eps_growth_yearly": 36.83
        },
        "20143": {
            "year_quarter": 20143,
            "year": 2014,
            "quarter": 3,
            "eps": 0.62,
            "eps_growth_year": -39.22,
            "eps_4q": 2.79,
            "eps_4q_growth_year": -29,
            "roe": 2.56,
            "roe_4q": 12.01,
            "gross_profit": 235174,
            "gross_margin": 63.72,
            "gross_margin_4q_avg": 64.81,
            "net_income": 21355,
            "net_income_4q": null,
            "revenue": 369100,
            "revenue_4q": null,
            "common_shares": 344368,
            "book_valuer_per_share": 24.77,
            "book_valuer_per_share_4q_avg": 24.91,
            "equity": 853141,
            "current_ratio": 278.8,
            "debt_ratio": 30.76,
            "inventory_turnover_ratio": 0.33,
            "account_receivable_turnover_ratio": 2.01,
            "reinvestment_rate": 23.43,
            "research_to_sale_ratio": 0.56,
            "price_fair": 127.51,
            "eps_avg_yearly": 3.64,
            "eps_latest_yearly": 2.48,
            "eps_growth_yearly": 41.38
        },
        "20144": {
            "year_quarter": 20144,
            "year": 2014,
            "quarter": 4,
            "eps": 0.93,
            "eps_growth_year": -29.53,
            "eps_4q": 2.45,
            "eps_4q_growth_year": -39.4,
            "roe": 3.61,
            "roe_4q": 9.85,
            "gross_profit": 287309,
            "gross_margin": 64,
            "gross_margin_4q_avg": 64.88,
            "net_income": 32454,
            "net_income_4q": null,
            "revenue": 448939,
            "revenue_4q": null,
            "common_shares": 348482,
            "book_valuer_per_share": 27.12,
            "book_valuer_per_share_4q_avg": 25.56,
            "equity": 945063,
            "current_ratio": 333.5,
            "debt_ratio": 26.26,
            "inventory_turnover_ratio": 0.39,
            "account_receivable_turnover_ratio": 2.37,
            "reinvestment_rate": 25.28,
            "research_to_sale_ratio": 0.53,
            "price_fair": 127.7,
            "eps_avg_yearly": 3.65,
            "eps_latest_yearly": 3.72,
            "eps_growth_yearly": 52.71
        },
        "20151": {
            "year_quarter": 20151,
            "year": 2015,
            "quarter": 1,
            "eps": 0.09,
            "eps_growth_year": -79.07,
            "eps_4q": 2.12,
            "eps_4q_growth_year": -38.06,
            "roe": 0.35,
            "roe_4q": 8.5,
            "gross_profit": 228131,
            "gross_margin": 65.18,
            "gross_margin_4q_avg": 64.58,
            "net_income": 3314,
            "net_income_4q": null,
            "revenue": 350003,
            "revenue_4q": null,
            "common_shares": 350878,
            "book_valuer_per_share": 27.07,
            "book_valuer_per_share_4q_avg": 25.66,
            "equity": 949681,
            "current_ratio": 413.69,
            "debt_ratio": 21.62,
            "inventory_turnover_ratio": 0.32,
            "account_receivable_turnover_ratio": 2.04,
            "reinvestment_rate": 22.88,
            "research_to_sale_ratio": 0.93,
            "price_fair": 120.03,
            "eps_avg_yearly": 3.43,
            "eps_latest_yearly": 0.36,
            "eps_growth_yearly": 25.11
        },
        "20152": {
            "year_quarter": 20152,
            "year": 2015,
            "quarter": 2,
            "eps": 0.12,
            "eps_growth_year": -76,
            "eps_4q": 1.75,
            "eps_4q_growth_year": -43.85,
            "roe": 0.48,
            "roe_4q": 7,
            "gross_profit": 209376,
            "gross_margin": 64.8,
            "gross_margin_4q_avg": 64.43,
            "net_income": 4341,
            "net_income_4q": null,
            "revenue": 323116,
            "revenue_4q": null,
            "common_shares": 350878,
            "book_valuer_per_share": 24.76,
            "book_valuer_per_share_4q_avg": 25.93,
            "equity": 868837,
            "current_ratio": 325.6,
            "debt_ratio": 27.35,
            "inventory_turnover_ratio": 0.32,
            "account_receivable_turnover_ratio": 2.08,
            "reinvestment_rate": 20.99,
            "research_to_sale_ratio": 1.11,
            "price_fair": 113.58,
            "eps_avg_yearly": 3.25,
            "eps_latest_yearly": 0.48,
            "eps_growth_yearly": 31.88
        },
        "20153": {
            "year_quarter": 20153,
            "year": 2015,
            "quarter": 3,
            "eps": 0.15,
            "eps_growth_year": -75.81,
            "eps_4q": 1.29,
            "eps_4q_growth_year": -53.91,
            "roe": 0.58,
            "roe_4q": 5.02,
            "gross_profit": 192676,
            "gross_margin": 64.13,
            "gross_margin_4q_avg": 64.53,
            "net_income": 5091,
            "net_income_4q": null,
            "revenue": 300427,
            "revenue_4q": null,
            "common_shares": 351051,
            "book_valuer_per_share": 25.47,
            "book_valuer_per_share_4q_avg": 26.11,
            "equity": 894125,
            "current_ratio": 335.99,
            "debt_ratio": 23.42,
            "inventory_turnover_ratio": 0.29,
            "account_receivable_turnover_ratio": 1.96,
            "reinvestment_rate": 20.38,
            "research_to_sale_ratio": 1.1,
            "price_fair": 109.38,
            "eps_avg_yearly": 3.13,
            "eps_latest_yearly": 0.6,
            "eps_growth_yearly": 28.89
        },
        "20154": {
            "year_quarter": 20154,
            "year": 2015,
            "quarter": 4,
            "eps": 0.35,
            "eps_growth_year": -62.9,
            "eps_4q": 0.71,
            "eps_4q_growth_year": -71.1,
            "roe": 1.35,
            "roe_4q": 2.7600000000000002,
            "gross_profit": 220994,
            "gross_margin": 66.22,
            "gross_margin_4q_avg": 65.08,
            "net_income": 12117,
            "net_income_4q": null,
            "revenue": 333713,
            "revenue_4q": null,
            "common_shares": 351051,
            "book_valuer_per_share": 25.57,
            "book_valuer_per_share_4q_avg": 25.72,
            "equity": 896679,
            "current_ratio": 411.22,
            "debt_ratio": 36.69,
            "inventory_turnover_ratio": 0.29,
            "account_receivable_turnover_ratio": 2.35,
            "reinvestment_rate": 21.69,
            "research_to_sale_ratio": 0.98,
            "price_fair": 101.06,
            "eps_avg_yearly": 2.89,
            "eps_latest_yearly": 1.4,
            "eps_growth_yearly": 35.63
        },
        "20161": {
            "year_quarter": 20161,
            "year": 2016,
            "quarter": 1,
            "eps": 0,
            "eps_growth_year": -100,
            "eps_4q": 0.64,
            "eps_4q_growth_year": -69.81,
            "roe": 0.02,
            "roe_4q": 2.43,
            "gross_profit": 186201,
            "gross_margin": 66.5,
            "gross_margin_4q_avg": 65.41,
            "net_income": 163,
            "net_income_4q": null,
            "revenue": 280016,
            "revenue_4q": null,
            "common_shares": 351051,
            "book_valuer_per_share": 24.19,
            "book_valuer_per_share_4q_avg": 25,
            "equity": 822585,
            "current_ratio": 384.26,
            "debt_ratio": 38.81,
            "inventory_turnover_ratio": 0.25,
            "account_receivable_turnover_ratio": 2.21,
            "reinvestment_rate": 24.04,
            "research_to_sale_ratio": 1.11,
            "price_fair": 99.49,
            "eps_avg_yearly": 2.84,
            "eps_latest_yearly": 1.4,
            "eps_growth_yearly": 46.42
        },
        "20162": {
            "year_quarter": 20162,
            "year": 2016,
            "quarter": 2,
            "eps": 0.01,
            "eps_growth_year": -91.67,
            "eps_4q": 0.52,
            "eps_4q_growth_year": -70.49,
            "roe": 0.03,
            "roe_4q": 1.98,
            "gross_profit": 171889,
            "gross_margin": 66.06,
            "gross_margin_4q_avg": 65.73,
            "net_income": 206,
            "net_income_4q": null,
            "revenue": 260206,
            "revenue_4q": null,
            "common_shares": 340051,
            "book_valuer_per_share": 23.28,
            "book_valuer_per_share_4q_avg": 24.63,
            "equity": 791690,
            "current_ratio": 380.88,
            "debt_ratio": 39.79,
            "inventory_turnover_ratio": 0.24,
            "account_receivable_turnover_ratio": 2.23,
            "reinvestment_rate": 26.85,
            "research_to_sale_ratio": 1.11,
            "price_fair": 97,
            "eps_avg_yearly": 2.77,
            "eps_latest_yearly": 1.4,
            "eps_growth_yearly": 47.49
        },
        "20163": {
            "year_quarter": 20163,
            "year": 2016,
            "quarter": 3,
            "eps": 0.02,
            "eps_growth_year": -86.67,
            "eps_4q": 0.39,
            "eps_4q_growth_year": -69.85,
            "roe": 0.09,
            "roe_4q": 1.49,
            "gross_profit": 159290,
            "gross_margin": 63.75,
            "gross_margin_4q_avg": 65.63,
            "net_income": 716,
            "net_income_4q": null,
            "revenue": 249886,
            "revenue_4q": null,
            "common_shares": 340051,
            "book_valuer_per_share": 22.5,
            "book_valuer_per_share_4q_avg": 23.89,
            "equity": 765051,
            "current_ratio": 338.77,
            "debt_ratio": 42.4,
            "inventory_turnover_ratio": 0.25,
            "account_receivable_turnover_ratio": 2.08,
            "reinvestment_rate": 31.34,
            "research_to_sale_ratio": 0.98,
            "price_fair": 85.8,
            "eps_avg_yearly": 2.45,
            "eps_latest_yearly": 0.08,
            "eps_growth_yearly": 70.7
        },
        "20164": {
            "year_quarter": 20164,
            "year": 2016,
            "quarter": 4,
            "eps": 0.38,
            "eps_growth_year": 9.28,
            "eps_4q": 0.41,
            "eps_4q_growth_year": -42.24,
            "roe": 1.67,
            "roe_4q": 1.81,
            "gross_profit": 191317,
            "gross_margin": 62.95,
            "gross_margin_4q_avg": 64.82,
            "net_income": 12840,
            "net_income_4q": null,
            "revenue": 303921,
            "revenue_4q": null,
            "common_shares": 340051,
            "book_valuer_per_share": 22.71,
            "book_valuer_per_share_4q_avg": 23.17,
            "equity": 772406,
            "current_ratio": 203.95,
            "debt_ratio": 40.14,
            "inventory_turnover_ratio": 0.32,
            "account_receivable_turnover_ratio": 2.52,
            "reinvestment_rate": 34.81,
            "research_to_sale_ratio": 0.91,
            "price_fair": 77.7,
            "eps_avg_yearly": 2.22,
            "eps_latest_yearly": 1.52,
            "eps_growth_yearly": 583.74
        },
        "20171": {
            "year_quarter": 20171,
            "year": 2017,
            "quarter": 1,
            "eps": -0.54,
            "eps_growth_year": null,
            "eps_4q": -0.13,
            "eps_4q_growth_year": -120.79,
            "roe": -2.46,
            "roe_4q": -0.67,
            "gross_profit": 141910,
            "gross_margin": 62.46,
            "gross_margin_4q_avg": 63.81,
            "net_income": -18277,
            "net_income_4q": null,
            "revenue": 227194,
            "revenue_4q": null,
            "common_shares": 340051,
            "book_valuer_per_share": 21.06,
            "book_valuer_per_share_4q_avg": 22.39,
            "equity": 716224,
            "current_ratio": 202.7,
            "debt_ratio": 40.06,
            "inventory_turnover_ratio": 0.28,
            "account_receivable_turnover_ratio": 2.23,
            "reinvestment_rate": 39.55,
            "research_to_sale_ratio": 1.03,
            "price_fair": 72.91,
            "eps_avg_yearly": 2.08,
            "eps_latest_yearly": 1.52,
            "eps_growth_yearly": 633.55
        },
        "20172": {
            "year_quarter": 20172,
            "year": 2017,
            "quarter": 2,
            "eps": -0.25,
            "eps_growth_year": -2600,
            "eps_4q": -0.39,
            "eps_4q_growth_year": -175.07,
            "roe": -1.19,
            "roe_4q": -1.89,
            "gross_profit": 128528,
            "gross_margin": 61.26,
            "gross_margin_4q_avg": 62.61,
            "net_income": -8474,
            "net_income_4q": null,
            "revenue": 209821,
            "revenue_4q": null,
            "common_shares": 340051,
            "book_valuer_per_share": 20.7,
            "book_valuer_per_share_4q_avg": 21.74,
            "equity": 703887,
            "current_ratio": 214.66,
            "debt_ratio": 37.05,
            "inventory_turnover_ratio": 0.29,
            "account_receivable_turnover_ratio": 2.43,
            "reinvestment_rate": 15.01,
            "research_to_sale_ratio": 1.08,
            "price_fair": 69.18,
            "eps_avg_yearly": 1.98,
            "eps_latest_yearly": 1.52,
            "eps_growth_yearly": 691.68
        },
        "20173": {
            "year_quarter": 20173,
            "year": 2017,
            "quarter": 3,
            "eps": -1.25,
            "eps_growth_year": -6350,
            "eps_4q": -1.66,
            "eps_4q_growth_year": -526.85,
            "roe": -6.17,
            "roe_4q": -8.15,
            "gross_profit": 124827,
            "gross_margin": 59.91,
            "gross_margin_4q_avg": 61.65,
            "net_income": -42442,
            "net_income_4q": null,
            "revenue": 208367,
            "revenue_4q": null,
            "common_shares": 340051,
            "book_valuer_per_share": 19.79,
            "book_valuer_per_share_4q_avg": 21.07,
            "equity": 672820,
            "current_ratio": 186.29,
            "debt_ratio": 40.02,
            "inventory_turnover_ratio": 0.3,
            "account_receivable_turnover_ratio": 2.27,
            "reinvestment_rate": 10.98,
            "research_to_sale_ratio": 1.09,
            "price_fair": 62.49,
            "eps_avg_yearly": 1.79,
            "eps_latest_yearly": 1.52,
            "eps_growth_yearly": 746.77
        },
        "20174": {
            "year_quarter": 20174,
            "year": 2017,
            "quarter": 4,
            "eps": -0.81,
            "eps_growth_year": -315.11,
            "eps_4q": -2.85,
            "eps_4q_growth_year": -795.25,
            "roe": -4.19,
            "roe_4q": -14.009999999999998,
            "gross_profit": 141698,
            "gross_margin": 58.97,
            "gross_margin_4q_avg": 60.65,
            "net_income": -27620,
            "net_income_4q": null,
            "revenue": 240294,
            "revenue_4q": null,
            "common_shares": 340051,
            "book_valuer_per_share": 18.94,
            "book_valuer_per_share_4q_avg": 20.12,
            "equity": 644136,
            "current_ratio": 179.42,
            "debt_ratio": 40.7,
            "inventory_turnover_ratio": 0.37,
            "account_receivable_turnover_ratio": 2.47,
            "reinvestment_rate": -130.19,
            "research_to_sale_ratio": 1,
            "price_fair": 50.26,
            "eps_avg_yearly": 1.44,
            "eps_latest_yearly": 1.52,
            "eps_growth_yearly": 809.68
        },
        "20181": {
            "year_quarter": 20181,
            "year": 2018,
            "quarter": 1,
            "eps": -0.82,
            "eps_growth_year": null,
            "eps_4q": -3.12,
            "eps_4q_growth_year": null,
            "roe": -4.46,
            "roe_4q": -16.01,
            "gross_profit": 110629,
            "gross_margin": 60.58,
            "gross_margin_4q_avg": 60.18,
            "net_income": -27599,
            "net_income_4q": null,
            "revenue": 182607,
            "revenue_4q": null,
            "common_shares": 340051,
            "book_valuer_per_share": 17.49,
            "book_valuer_per_share_4q_avg": 19.23,
            "equity": 594868,
            "current_ratio": 176.51,
            "debt_ratio": 39.16,
            "inventory_turnover_ratio": 0.29,
            "account_receivable_turnover_ratio": 2.04,
            "reinvestment_rate": null,
            "research_to_sale_ratio": 0.97,
            "price_fair": 49.16,
            "eps_avg_yearly": 1.4,
            "eps_latest_yearly": 1.52,
            "eps_growth_yearly": 929.61
        },
        "20182": {
            "year_quarter": 20182,
            "year": 2018,
            "quarter": 2,
            "eps": -0.95,
            "eps_growth_year": null,
            "eps_4q": -3.93,
            "eps_4q_growth_year": null,
            "roe": -5.5,
            "roe_4q": -20.32,
            "gross_profit": 104311,
            "gross_margin": 63.42,
            "gross_margin_4q_avg": 60.72,
            "net_income": -31159,
            "net_income_4q": null,
            "revenue": 164488,
            "revenue_4q": null,
            "common_shares": 340051,
            "book_valuer_per_share": 16.42,
            "book_valuer_per_share_4q_avg": 18.16,
            "equity": 538777,
            "current_ratio": 161.9,
            "debt_ratio": 41.58,
            "inventory_turnover_ratio": 0.25,
            "account_receivable_turnover_ratio": 2.1,
            "reinvestment_rate": null,
            "research_to_sale_ratio": 0.95,
            "price_fair": 46.55,
            "eps_avg_yearly": 1.33,
            "eps_latest_yearly": 1.52,
            "eps_growth_yearly": 1037.67
        },
        "20183": {
            "year_quarter": 20183,
            "year": 2018,
            "quarter": 3,
            "eps": -1.22,
            "eps_growth_year": null,
            "eps_4q": -3.86,
            "eps_4q_growth_year": null,
            "roe": -7.88,
            "roe_4q": -22.03,
            "gross_profit": 94539,
            "gross_margin": 64.13,
            "gross_margin_4q_avg": 61.78,
            "net_income": -40149,
            "net_income_4q": null,
            "revenue": 147422,
            "revenue_4q": null,
            "common_shares": 328051,
            "book_valuer_per_share": 14.62,
            "book_valuer_per_share_4q_avg": 16.87,
            "equity": 479682,
            "current_ratio": 148.62,
            "debt_ratio": 44.98,
            "inventory_turnover_ratio": 0.22,
            "account_receivable_turnover_ratio": 1.94,
            "reinvestment_rate": null,
            "research_to_sale_ratio": 1.09,
            "price_fair": 40.8,
            "eps_avg_yearly": 1.17,
            "eps_latest_yearly": 1.52,
            "eps_growth_yearly": 1172.2
        },
        "20184": {
            "year_quarter": 20184,
            "year": 2018,
            "quarter": 4,
            "eps": -0.86,
            "eps_growth_year": null,
            "eps_4q": -3.87,
            "eps_4q_growth_year": null,
            "roe": -6.02,
            "roe_4q": -23.86,
            "gross_profit": 113280,
            "gross_margin": 62.23,
            "gross_margin_4q_avg": 62.59,
            "net_income": -28156,
            "net_income_4q": null,
            "revenue": 182038,
            "revenue_4q": null,
            "common_shares": 328051,
            "book_valuer_per_share": 13.9,
            "book_valuer_per_share_4q_avg": 15.61,
            "equity": 456051,
            "current_ratio": 173.8,
            "debt_ratio": 40.52,
            "inventory_turnover_ratio": 0.29,
            "account_receivable_turnover_ratio": 2.31,
            "reinvestment_rate": null,
            "research_to_sale_ratio": 0.78,
            "price_fair": 25.9,
            "eps_avg_yearly": 0.74,
            "eps_latest_yearly": 1.52,
            "eps_growth_yearly": 1334.23
        },
        "20191": {
            "year_quarter": 20191,
            "year": 2019,
            "quarter": 1,
            "eps": -0.79,
            "eps_growth_year": null,
            "eps_4q": -3.82,
            "eps_4q_growth_year": null,
            "roe": -5.78,
            "roe_4q": -25.18,
            "gross_profit": 82591,
            "gross_margin": 55.2,
            "gross_margin_4q_avg": 61.25,
            "net_income": -25924,
            "net_income_4q": null,
            "revenue": 149625,
            "revenue_4q": null,
            "common_shares": 328051,
            "book_valuer_per_share": 13.43,
            "book_valuer_per_share_4q_avg": 14.59,
            "equity": 440653,
            "current_ratio": 167.65,
            "debt_ratio": 40.68,
            "inventory_turnover_ratio": 0.32,
            "account_receivable_turnover_ratio": 2.08,
            "reinvestment_rate": null,
            "research_to_sale_ratio": 0.69,
            "price_fair": 28.56,
            "eps_avg_yearly": 0.82,
            "eps_latest_yearly": 1.52,
            "eps_growth_yearly": 1673.33
        },
        "20192": {
            "year_quarter": 20192,
            "year": 2019,
            "quarter": 2,
            "eps": -0.56,
            "eps_growth_year": null,
            "eps_4q": -3.43,
            "eps_4q_growth_year": null,
            "roe": -4.26,
            "roe_4q": -23.939999999999998,
            "gross_profit": 79139,
            "gross_margin": 61.91,
            "gross_margin_4q_avg": 60.87,
            "net_income": -18277,
            "net_income_4q": null,
            "revenue": 127829,
            "revenue_4q": null,
            "common_shares": 328051,
            "book_valuer_per_share": 12.71,
            "book_valuer_per_share_4q_avg": 13.67,
            "equity": 416874,
            "current_ratio": 162.59,
            "debt_ratio": 40.8,
            "inventory_turnover_ratio": 0.26,
            "account_receivable_turnover_ratio": 2.04,
            "reinvestment_rate": null,
            "research_to_sale_ratio": 0.81,
            "price_fair": 31.5,
            "eps_avg_yearly": 0.9,
            "eps_latest_yearly": 1.52,
            "eps_growth_yearly": 2058.33
        },
        "20193": {
            "year_quarter": 20193,
            "year": 2019,
            "quarter": 3,
            "eps": -0.72,
            "eps_growth_year": null,
            "eps_4q": -2.92,
            "eps_4q_growth_year": null,
            "roe": -5.89,
            "roe_4q": -21.95,
            "gross_profit": 75310,
            "gross_margin": 61.01,
            "gross_margin_4q_avg": 60.09,
            "net_income": -23500,
            "net_income_4q": null,
            "revenue": 123437,
            "revenue_4q": null,
            "common_shares": 328051,
            "book_valuer_per_share": 11.63,
            "book_valuer_per_share_4q_avg": 12.92,
            "equity": 381508,
            "current_ratio": 143.34,
            "debt_ratio": 46.09,
            "inventory_turnover_ratio": 0.25,
            "account_receivable_turnover_ratio": 1.91,
            "reinvestment_rate": null,
            "research_to_sale_ratio": 0.77,
            "price_fair": 35,
            "eps_avg_yearly": 1,
            "eps_latest_yearly": 1.52,
            "eps_growth_yearly": 2711.11
        },
        "20194": {
            "year_quarter": 20194,
            "year": 2019,
            "quarter": 4,
            "eps": -0.49,
            "eps_growth_year": null,
            "eps_4q": -2.56,
            "eps_4q_growth_year": null,
            "roe": -4.36,
            "roe_4q": -20.29,
            "gross_profit": 81241,
            "gross_margin": 56.27,
            "gross_margin_4q_avg": 58.6,
            "net_income": -16129,
            "net_income_4q": null,
            "revenue": 144385,
            "revenue_4q": null,
            "common_shares": 328051,
            "book_valuer_per_share": 10.9,
            "book_valuer_per_share_4q_avg": 12.17,
            "equity": 357580,
            "current_ratio": 138.76,
            "debt_ratio": 45.48,
            "inventory_turnover_ratio": 0.35,
            "account_receivable_turnover_ratio": 2.29,
            "reinvestment_rate": null,
            "research_to_sale_ratio": 0.72,
            "price_fair": 28,
            "eps_avg_yearly": 0.8,
            "eps_latest_yearly": 1.52,
            "eps_growth_yearly": 3800
        },
        "20201": {
            "year_quarter": 20201,
            "year": 2020,
            "quarter": 1,
            "eps": -0.67,
            "eps_growth_year": null,
            "eps_4q": -2.43,
            "eps_4q_growth_year": null,
            "roe": -6.35,
            "roe_4q": -20.86,
            "gross_profit": 47113,
            "gross_margin": 60.7,
            "gross_margin_4q_avg": 59.97,
            "net_income": -21946,
            "net_income_4q": null,
            "revenue": 77617,
            "revenue_4q": null,
            "common_shares": 328051,
            "book_valuer_per_share": 10.16,
            "book_valuer_per_share_4q_avg": 11.35,
            "equity": 333189,
            "current_ratio": 124.15,
            "debt_ratio": 46.47,
            "inventory_turnover_ratio": 0.19,
            "account_receivable_turnover_ratio": 1.55,
            "reinvestment_rate": null,
            "research_to_sale_ratio": 1.08,
            "price_fair": 28,
            "eps_avg_yearly": 0.8,
            "eps_latest_yearly": 1.52,
            "eps_growth_yearly": 3800
        },
        "20202": {
            "year_quarter": 20202,
            "year": 2020,
            "quarter": 2,
            "eps": -0.3,
            "eps_growth_year": null,
            "eps_4q": -2.18,
            "eps_4q_growth_year": null,
            "roe": -3.03,
            "roe_4q": -19.63,
            "gross_profit": 53455,
            "gross_margin": 59.22,
            "gross_margin_4q_avg": 59.3,
            "net_income": -9854,
            "net_income_4q": null,
            "revenue": 90266,
            "revenue_4q": null,
            "common_shares": 328051,
            "book_valuer_per_share": 9.66,
            "book_valuer_per_share_4q_avg": 10.59,
            "equity": 316777,
            "current_ratio": 121.79,
            "debt_ratio": 46.96,
            "inventory_turnover_ratio": 0.25,
            "account_receivable_turnover_ratio": 2.15,
            "reinvestment_rate": null,
            "research_to_sale_ratio": 0.91,
            "price_fair": 28,
            "eps_avg_yearly": 0.8,
            "eps_latest_yearly": 1.52,
            "eps_growth_yearly": 3800
        },
        "20203": {
            "year_quarter": 20203,
            "year": 2020,
            "quarter": 3,
            "eps": -0.52,
            "eps_growth_year": null,
            "eps_4q": -1.98,
            "eps_4q_growth_year": null,
            "roe": -5.5,
            "roe_4q": -19.24,
            "gross_profit": 54753,
            "gross_margin": 58.39,
            "gross_margin_4q_avg": 58.65,
            "net_income": -17131,
            "net_income_4q": null,
            "revenue": 93779,
            "revenue_4q": null,
            "common_shares": 328051,
            "book_valuer_per_share": 9.34,
            "book_valuer_per_share_4q_avg": 10.02,
            "equity": 306379,
            "current_ratio": 118.51,
            "debt_ratio": 49.47,
            "inventory_turnover_ratio": 0.26,
            "account_receivable_turnover_ratio": 2.03,
            "reinvestment_rate": null,
            "research_to_sale_ratio": 0.78,
            "price_fair": 53.2,
            "eps_avg_yearly": 1.52,
            "eps_latest_yearly": 1.52,
            "eps_growth_yearly": 7200
        },
        "20204": {
            "year_quarter": 20204,
            "year": 2020,
            "quarter": 4,
            "eps": -2.3,
            "eps_growth_year": null,
            "eps_4q": -3.79,
            "eps_4q_growth_year": null,
            "roe": -27.79,
            "roe_4q": -42.67,
            "gross_profit": 63036,
            "gross_margin": 60.32,
            "gross_margin_4q_avg": 59.66,
            "net_income": -75404,
            "net_income_4q": null,
            "revenue": 104503,
            "revenue_4q": null,
            "common_shares": 328051,
            "book_valuer_per_share": 7.2,
            "book_valuer_per_share_4q_avg": 9.09,
            "equity": 236259,
            "current_ratio": 116.68,
            "debt_ratio": 53.38,
            "inventory_turnover_ratio": 0.29,
            "account_receivable_turnover_ratio": 2.19,
            "reinvestment_rate": null,
            "research_to_sale_ratio": 0.76,
            "price_fair": 0,
            "eps_avg_yearly": 0,
            "eps_latest_yearly": 0,
            "eps_growth_yearly": 0
        },
        "20211": {
            "year_quarter": 20211,
            "year": 2021,
            "quarter": 1,
            "eps": -0.65,
            "eps_growth_year": null,
            "eps_4q": -3.78,
            "eps_4q_growth_year": null,
            "roe": -9.54,
            "roe_4q": -45.86,
            "gross_profit": 41994,
            "gross_margin": 56.49,
            "gross_margin_4q_avg": 58.61,
            "net_income": -21463,
            "net_income_4q": null,
            "revenue": 74338,
            "revenue_4q": null,
            "common_shares": 328051,
            "book_valuer_per_share": 6.51,
            "book_valuer_per_share_4q_avg": 8.18,
            "equity": 213700,
            "current_ratio": 107.24,
            "debt_ratio": 56.94,
            "inventory_turnover_ratio": 0.25,
            "account_receivable_turnover_ratio": 1.94,
            "reinvestment_rate": null,
            "research_to_sale_ratio": 0.82,
            "price_fair": 0,
            "eps_avg_yearly": 0,
            "eps_latest_yearly": 0,
            "eps_growth_yearly": 0
        },
        "20212": {
            "year_quarter": 20212,
            "year": 2021,
            "quarter": 2,
            "eps": -0.87,
            "eps_growth_year": null,
            "eps_4q": -4.35,
            "eps_4q_growth_year": null,
            "roe": -14.33,
            "roe_4q": -57.16,
            "gross_profit": 42116,
            "gross_margin": 60.34,
            "gross_margin_4q_avg": 58.89,
            "net_income": -28574,
            "net_income_4q": null,
            "revenue": 69795,
            "revenue_4q": null,
            "common_shares": 328051,
            "book_valuer_per_share": 5.64,
            "book_valuer_per_share_4q_avg": 7.17,
            "equity": 185182,
            "current_ratio": 98.5,
            "debt_ratio": 59.13,
            "inventory_turnover_ratio": 0.22,
            "account_receivable_turnover_ratio": 2.25,
            "reinvestment_rate": null,
            "research_to_sale_ratio": 0.88,
            "price_fair": 0,
            "eps_avg_yearly": 0,
            "eps_latest_yearly": 0,
            "eps_growth_yearly": 0
        },
        "20213": {
            "year_quarter": 20213,
            "year": 2021,
            "quarter": 3,
            "eps": 3.31,
            "eps_growth_year": null,
            "eps_4q": -0.51,
            "eps_4q_growth_year": null,
            "roe": 45.56,
            "roe_4q": -6.099999999999994,
            "gross_profit": 31145,
            "gross_margin": 52.07,
            "gross_margin_4q_avg": 57.31,
            "net_income": 108738,
            "net_income_4q": null,
            "revenue": 59819,
            "revenue_4q": null,
            "common_shares": 328051,
            "book_valuer_per_share": 8.91,
            "book_valuer_per_share_4q_avg": 7.07,
            "equity": 292169,
            "current_ratio": 150.44,
            "debt_ratio": 48.68,
            "inventory_turnover_ratio": 0.24,
            "account_receivable_turnover_ratio": 2.09,
            "reinvestment_rate": null,
            "research_to_sale_ratio": 3.31,
            "price_fair": 0,
            "eps_avg_yearly": 0,
            "eps_latest_yearly": 0,
            "eps_growth_yearly": 0
        },
        "20214": {
            "year_quarter": 20214,
            "year": 2021,
            "quarter": 4,
            "eps": -3.51,
            "eps_growth_year": null,
            "eps_4q": -1.72,
            "eps_4q_growth_year": null,
            "roe": -48.83,
            "roe_4q": -27.139999999999993,
            "gross_profit": -23946,
            "gross_margin": -35,
            "gross_margin_4q_avg": 33.48,
            "net_income": -115086,
            "net_income_4q": null,
            "revenue": 68412,
            "revenue_4q": null,
            "common_shares": 328051,
            "book_valuer_per_share": 5.46,
            "book_valuer_per_share_4q_avg": 6.63,
            "equity": 179215,
            "current_ratio": 170.48,
            "debt_ratio": 36.28,
            "inventory_turnover_ratio": 1.15,
            "account_receivable_turnover_ratio": 2.3,
            "reinvestment_rate": null,
            "research_to_sale_ratio": -0.91,
            "price_fair": 0,
            "eps_avg_yearly": 0,
            "eps_latest_yearly": 0,
            "eps_growth_yearly": 0
        },
        "20221": {
            "year_quarter": 20221,
            "year": 2022,
            "quarter": 1,
            "eps": -0.67,
            "eps_growth_year": null,
            "eps_4q": -1.73,
            "eps_4q_growth_year": null,
            "roe": -13.01,
            "roe_4q": -30.609999999999992,
            "gross_profit": 3989,
            "gross_margin": 11.78,
            "gross_margin_4q_avg": 22.3,
            "net_income": -21959,
            "net_income_4q": null,
            "revenue": 33855,
            "revenue_4q": null,
            "common_shares": 328051,
            "book_valuer_per_share": 4.83,
            "book_valuer_per_share_4q_avg": 6.21,
            "equity": 158343,
            "current_ratio": 159.29,
            "debt_ratio": 35.34,
            "inventory_turnover_ratio": 1.02,
            "account_receivable_turnover_ratio": 1.51,
            "reinvestment_rate": null,
            "research_to_sale_ratio": 1.78,
            "price_fair": 0,
            "eps_avg_yearly": 0,
            "eps_latest_yearly": 0,
            "eps_growth_yearly": 0
        },
        "20222": {
            "year_quarter": 20222,
            "year": 2022,
            "quarter": 2,
            "eps": 1.39,
            "eps_growth_year": null,
            "eps_4q": 0.52,
            "eps_4q_growth_year": null,
            "roe": 25.12,
            "roe_4q": 8.840000000000003,
            "gross_profit": 4286,
            "gross_margin": 21.82,
            "gross_margin_4q_avg": 12.67,
            "net_income": 45441,
            "net_income_4q": null,
            "revenue": 19639,
            "revenue_4q": null,
            "common_shares": 328051,
            "book_valuer_per_share": 6.2,
            "book_valuer_per_share_4q_avg": 6.35,
            "equity": 203470,
            "current_ratio": 278.47,
            "debt_ratio": 22.03,
            "inventory_turnover_ratio": 1.17,
            "account_receivable_turnover_ratio": 2,
            "reinvestment_rate": null,
            "research_to_sale_ratio": 3.65,
            "price_fair": 0,
            "eps_avg_yearly": 0,
            "eps_latest_yearly": 0,
            "eps_growth_yearly": 0
        },
        "20223": {
            "year_quarter": 20223,
            "year": 2022,
            "quarter": 3,
            "eps": -0.27,
            "eps_growth_year": -108.16,
            "eps_4q": -3.06,
            "eps_4q_growth_year": null,
            "roe": -4.46,
            "roe_4q": -41.18,
            "gross_profit": 4796,
            "gross_margin": 34.25,
            "gross_margin_4q_avg": 8.21,
            "net_income": -8877,
            "net_income_4q": null,
            "revenue": 14003,
            "revenue_4q": null,
            "common_shares": 328051,
            "book_valuer_per_share": 5.93,
            "book_valuer_per_share_4q_avg": 5.61,
            "equity": 194611,
            "current_ratio": 275.82,
            "debt_ratio": 21.53,
            "inventory_turnover_ratio": 1.27,
            "account_receivable_turnover_ratio": 3.43,
            "reinvestment_rate": null,
            "research_to_sale_ratio": 1.68,
            "price_fair": 0,
            "eps_avg_yearly": 0,
            "eps_latest_yearly": 0,
            "eps_growth_yearly": 0
        },
        "20224": {
            "year_quarter": 20224,
            "year": 2022,
            "quarter": 4,
            "eps": -0.22,
            "eps_growth_year": null,
            "eps_4q": 0.23,
            "eps_4q_growth_year": null,
            "roe": -3.7,
            "roe_4q": 3.950000000000001,
            "gross_profit": 5961,
            "gross_margin": 49.37,
            "gross_margin_4q_avg": 29.31,
            "net_income": -7077,
            "net_income_4q": null,
            "revenue": 12074,
            "revenue_4q": null,
            "common_shares": 328051,
            "book_valuer_per_share": 5.71,
            "book_valuer_per_share_4q_avg": 5.67,
            "equity": 187446,
            "current_ratio": 248.7,
            "debt_ratio": 23.67,
            "inventory_turnover_ratio": 1.04,
            "account_receivable_turnover_ratio": 2.89,
            "reinvestment_rate": null,
            "research_to_sale_ratio": 2.16,
            "price_fair": 0,
            "eps_avg_yearly": 0,
            "eps_latest_yearly": 0,
            "eps_growth_yearly": 0
        },
        "20231": {
            "year_quarter": 20231,
            "year": 2023,
            "quarter": 1,
            "eps": -0.51,
            "eps_growth_year": null,
            "eps_4q": 0.39,
            "eps_4q_growth_year": null,
            "roe": -9.1,
            "roe_4q": 7.859999999999999,
            "gross_profit": 2706,
            "gross_margin": 36.73,
            "gross_margin_4q_avg": 35.54,
            "net_income": -16625,
            "net_income_4q": null,
            "revenue": 7368,
            "revenue_4q": null,
            "common_shares": 328051,
            "book_valuer_per_share": 5.42,
            "book_valuer_per_share_4q_avg": 5.82,
            "equity": 177892,
            "current_ratio": 207.46,
            "debt_ratio": 28.33,
            "inventory_turnover_ratio": 0.8,
            "account_receivable_turnover_ratio": 1.93,
            "reinvestment_rate": null,
            "research_to_sale_ratio": 6.05,
            "price_fair": 0,
            "eps_avg_yearly": 0,
            "eps_latest_yearly": 0,
            "eps_growth_yearly": 0
        },
        "20232": {
            "year_quarter": 20232,
            "year": 2023,
            "quarter": 2,
            "eps": -0.12,
            "eps_growth_year": -108.63,
            "eps_4q": -1.12,
            "eps_4q_growth_year": -313.59,
            "roe": -2.29,
            "roe_4q": -19.55,
            "gross_profit": 4670,
            "gross_margin": 38.36,
            "gross_margin_4q_avg": 39.68,
            "net_income": -4018,
            "net_income_4q": null,
            "revenue": 12174,
            "revenue_4q": null,
            "common_shares": 328051,
            "book_valuer_per_share": 5.26,
            "book_valuer_per_share_4q_avg": 5.58,
            "equity": 172597,
            "current_ratio": 173.8,
            "debt_ratio": 34.09,
            "inventory_turnover_ratio": 1.34,
            "account_receivable_turnover_ratio": 4.47,
            "reinvestment_rate": null,
            "research_to_sale_ratio": 3.16,
            "price_fair": 0,
            "eps_avg_yearly": 0,
            "eps_latest_yearly": 0,
            "eps_growth_yearly": 0
        },
        "20233": {
            "year_quarter": 20233,
            "year": 2023,
            "quarter": 3,
            "eps": -0.15,
            "eps_growth_year": null,
            "eps_4q": -1,
            "eps_4q_growth_year": null,
            "roe": -2.96,
            "roe_4q": -18.05,
            "gross_profit": 3349,
            "gross_margin": 34.43,
            "gross_margin_4q_avg": 39.72,
            "net_income": -5039,
            "net_income_4q": null,
            "revenue": 9728,
            "revenue_4q": null,
            "common_shares": 328051,
            "book_valuer_per_share": 5.12,
            "book_valuer_per_share_4q_avg": 5.38,
            "equity": 167833,
            "current_ratio": 167.9,
            "debt_ratio": 34.73,
            "inventory_turnover_ratio": 1.08,
            "account_receivable_turnover_ratio": 1.92,
            "reinvestment_rate": null,
            "research_to_sale_ratio": 3.84,
            "price_fair": 0,
            "eps_avg_yearly": 0,
            "eps_latest_yearly": 0,
            "eps_growth_yearly": 0
        }
    },
    "months": {
        "2011-09": {
            "month": "2011-09",
            "price": "84.60",
            "revenue": 115024
        },
        "2011-10": {
            "month": "2011-10",
            "price": "78.43",
            "revenue": 118108
        },
        "2011-11": {
            "month": "2011-11",
            "price": "75.84",
            "revenue": 94325
        },
        "2011-12": {
            "month": "2011-12",
            "price": "53.69",
            "revenue": 109118
        },
        "2012-01": {
            "month": "2012-01",
            "price": "61.99",
            "revenue": 93404
        },
        "2012-02": {
            "month": "2012-02",
            "price": "64.90",
            "revenue": 90351
        },
        "2012-03": {
            "month": "2012-03",
            "price": "63.24",
            "revenue": 123198
        },
        "2012-04": {
            "month": "2012-04",
            "price": "59.44",
            "revenue": 103834
        },
        "2012-05": {
            "month": "2012-05",
            "price": "58.43",
            "revenue": 98927
        },
        "2012-06": {
            "month": "2012-06",
            "price": "64.60",
            "revenue": 88884
        },
        "2012-07": {
            "month": "2012-07",
            "price": "63.28",
            "revenue": 82603
        },
        "2012-08": {
            "month": "2012-08",
            "price": "61.58",
            "revenue": 106532
        },
        "2012-09": {
            "month": "2012-09",
            "price": "60.72",
            "revenue": 133120
        },
        "2012-10": {
            "month": "2012-10",
            "price": "59.84",
            "revenue": 121095
        },
        "2012-11": {
            "month": "2012-11",
            "price": "60.57",
            "revenue": 109795
        },
        "2012-12": {
            "month": "2012-12",
            "price": "64.38",
            "revenue": 102548
        },
        "2013-01": {
            "month": "2013-01",
            "price": "63.86",
            "revenue": 126693
        },
        "2013-02": {
            "month": "2013-02",
            "price": "59.02",
            "revenue": 109227
        },
        "2013-03": {
            "month": "2013-03",
            "price": "57.18",
            "revenue": 144193
        },
        "2013-04": {
            "month": "2013-04",
            "price": "56.98",
            "revenue": 116959
        },
        "2013-05": {
            "month": "2013-05",
            "price": "53.84",
            "revenue": 120569
        },
        "2013-06": {
            "month": "2013-06",
            "price": "54.06",
            "revenue": 107160
        },
        "2013-07": {
            "month": "2013-07",
            "price": "54.29",
            "revenue": 101603
        },
        "2013-08": {
            "month": "2013-08",
            "price": "54.26",
            "revenue": 130629
        },
        "2013-09": {
            "month": "2013-09",
            "price": "53.73",
            "revenue": 158647
        },
        "2013-10": {
            "month": "2013-10",
            "price": "54.32",
            "revenue": 143175
        },
        "2013-11": {
            "month": "2013-11",
            "price": "56.15",
            "revenue": 147600
        },
        "2013-12": {
            "month": "2013-12",
            "price": "66.05",
            "revenue": 133143
        },
        "2014-01": {
            "month": "2014-01",
            "price": "69.52",
            "revenue": 129178
        },
        "2014-02": {
            "month": "2014-02",
            "price": "70.70",
            "revenue": 95009
        },
        "2014-03": {
            "month": "2014-03",
            "price": "75.92",
            "revenue": 127779
        },
        "2014-04": {
            "month": "2014-04",
            "price": "78.41",
            "revenue": 123411
        },
        "2014-05": {
            "month": "2014-05",
            "price": "73.21",
            "revenue": 127844
        },
        "2014-06": {
            "month": "2014-06",
            "price": "75.16",
            "revenue": 109775
        },
        "2014-07": {
            "month": "2014-07",
            "price": "73.33",
            "revenue": 92059
        },
        "2014-08": {
            "month": "2014-08",
            "price": "66.25",
            "revenue": 131492
        },
        "2014-09": {
            "month": "2014-09",
            "price": "69.16",
            "revenue": 145549
        },
        "2014-10": {
            "month": "2014-10",
            "price": "71.27",
            "revenue": 153062
        },
        "2014-11": {
            "month": "2014-11",
            "price": "75.18",
            "revenue": 162887
        },
        "2014-12": {
            "month": "2014-12",
            "price": "74.39",
            "revenue": 132956
        },
        "2015-01": {
            "month": "2015-01",
            "price": "73.38",
            "revenue": 110985
        },
        "2015-02": {
            "month": "2015-02",
            "price": "73.58",
            "revenue": 118658
        },
        "2015-03": {
            "month": "2015-03",
            "price": "76.00",
            "revenue": 120360
        },
        "2015-04": {
            "month": "2015-04",
            "price": "76.96",
            "revenue": 108586
        },
        "2015-05": {
            "month": "2015-05",
            "price": "76.52",
            "revenue": 121380
        },
        "2015-06": {
            "month": "2015-06",
            "price": "76.44",
            "revenue": 93150
        },
        "2015-07": {
            "month": "2015-07",
            "price": "76.00",
            "revenue": 78965
        },
        "2015-08": {
            "month": "2015-08",
            "price": "72.55",
            "revenue": 95385
        },
        "2015-09": {
            "month": "2015-09",
            "price": "71.60",
            "revenue": 126075
        },
        "2015-10": {
            "month": "2015-10",
            "price": "66.69",
            "revenue": 118243
        },
        "2015-11": {
            "month": "2015-11",
            "price": "61.56",
            "revenue": 116454
        },
        "2015-12": {
            "month": "2015-12",
            "price": "60.18",
            "revenue": 99017
        },
        "2016-01": {
            "month": "2016-01",
            "price": "59.56",
            "revenue": 93242
        },
        "2016-02": {
            "month": "2016-02",
            "price": "59.12",
            "revenue": 85396
        },
        "2016-03": {
            "month": "2016-03",
            "price": "57.25",
            "revenue": 100815
        },
        "2016-04": {
            "month": "2016-04",
            "price": "55.28",
            "revenue": 87935
        },
        "2016-05": {
            "month": "2016-05",
            "price": "53.44",
            "revenue": 96898
        },
        "2016-06": {
            "month": "2016-06",
            "price": "51.37",
            "revenue": 75937
        },
        "2016-07": {
            "month": "2016-07",
            "price": "52.32",
            "revenue": 63563
        },
        "2016-08": {
            "month": "2016-08",
            "price": "52.99",
            "revenue": 79969
        },
        "2016-09": {
            "month": "2016-09",
            "price": "53.33",
            "revenue": 106353
        },
        "2016-10": {
            "month": "2016-10",
            "price": "53.44",
            "revenue": 117730
        },
        "2016-11": {
            "month": "2016-11",
            "price": "53.82",
            "revenue": 103542
        },
        "2016-12": {
            "month": "2016-12",
            "price": "54.03",
            "revenue": 82649
        },
        "2017-01": {
            "month": "2017-01",
            "price": "54.06",
            "revenue": 91548
        },
        "2017-02": {
            "month": "2017-02",
            "price": "54.05",
            "revenue": 62133
        },
        "2017-03": {
            "month": "2017-03",
            "price": "54.28",
            "revenue": 73513
        },
        "2017-04": {
            "month": "2017-04",
            "price": "54.54",
            "revenue": 73157
        },
        "2017-05": {
            "month": "2017-05",
            "price": "54.66",
            "revenue": 76464
        },
        "2017-06": {
            "month": "2017-06",
            "price": "55.06",
            "revenue": 60200
        },
        "2017-07": {
            "month": "2017-07",
            "price": "55.91",
            "revenue": 54491
        },
        "2017-08": {
            "month": "2017-08",
            "price": "56.02",
            "revenue": 66109
        },
        "2017-09": {
            "month": "2017-09",
            "price": "57.22",
            "revenue": 87767
        },
        "2017-10": {
            "month": "2017-10",
            "price": "57.69",
            "revenue": 93798
        },
        "2017-11": {
            "month": "2017-11",
            "price": "57.19",
            "revenue": 76214
        },
        "2017-12": {
            "month": "2017-12",
            "price": "57.13",
            "revenue": 70282
        },
        "2018-01": {
            "month": "2018-01",
            "price": "56.75",
            "revenue": 65879
        },
        "2018-02": {
            "month": "2018-02",
            "price": "45.40",
            "revenue": 59175
        },
        "2018-03": {
            "month": "2018-03",
            "price": "44.76",
            "revenue": 57553
        },
        "2018-04": {
            "month": "2018-04",
            "price": "45.14",
            "revenue": 57781
        },
        "2018-05": {
            "month": "2018-05",
            "price": "39.16",
            "revenue": 60608
        },
        "2018-06": {
            "month": "2018-06",
            "price": "36.03",
            "revenue": 46099
        },
        "2018-07": {
            "month": "2018-07",
            "price": "34.15",
            "revenue": 38327
        },
        "2018-08": {
            "month": "2018-08",
            "price": "34.57",
            "revenue": 45951
        },
        "2018-09": {
            "month": "2018-09",
            "price": "34.45",
            "revenue": 63144
        },
        "2018-10": {
            "month": "2018-10",
            "price": "34.50",
            "revenue": 66123
        },
        "2018-11": {
            "month": "2018-11",
            "price": "34.90",
            "revenue": 63748
        },
        "2018-12": {
            "month": "2018-12",
            "price": "35.10",
            "revenue": 52164
        },
        "2019-01": {
            "month": "2019-01",
            "price": "35.28",
            "revenue": 54654
        },
        "2019-02": {
            "month": "2019-02",
            "price": "35.22",
            "revenue": 43257
        },
        "2019-03": {
            "month": "2019-03",
            "price": "35.21",
            "revenue": 51765
        },
        "2019-04": {
            "month": "2019-04",
            "price": "35.16",
            "revenue": 45744
        },
        "2019-05": {
            "month": "2019-05",
            "price": "34.56",
            "revenue": 44015
        },
        "2019-06": {
            "month": "2019-06",
            "price": "34.99",
            "revenue": 38019
        },
        "2019-07": {
            "month": "2019-07",
            "price": "34.99",
            "revenue": 31014
        },
        "2019-08": {
            "month": "2019-08",
            "price": "31.87",
            "revenue": 37669
        },
        "2019-09": {
            "month": "2019-09",
            "price": "29.71",
            "revenue": 54754
        },
        "2019-10": {
            "month": "2019-10",
            "price": "29.78",
            "revenue": 53944
        },
        "2019-11": {
            "month": "2019-11",
            "price": "29.44",
            "revenue": 49556
        },
        "2019-12": {
            "month": "2019-12",
            "price": "28.53",
            "revenue": 40886
        },
        "2020-01": {
            "month": "2020-01",
            "price": "28.55",
            "revenue": 39645
        },
        "2020-02": {
            "month": "2020-02",
            "price": "29.47",
            "revenue": 11229
        },
        "2020-03": {
            "month": "2020-03",
            "price": "26.52",
            "revenue": 26743
        },
        "2020-04": {
            "month": "2020-04",
            "price": "21.37",
            "revenue": 29711
        },
        "2020-05": {
            "month": "2020-05",
            "price": "19.89",
            "revenue": 36629
        },
        "2020-06": {
            "month": "2020-06",
            "price": "19.31",
            "revenue": 23926
        },
        "2020-07": {
            "month": "2020-07",
            "price": "18.96",
            "revenue": 23543
        },
        "2020-08": {
            "month": "2020-08",
            "price": "18.90",
            "revenue": 28799
        },
        "2020-09": {
            "month": "2020-09",
            "price": "18.89",
            "revenue": 41437
        },
        "2020-10": {
            "month": "2020-10",
            "price": "21.33",
            "revenue": 41838
        },
        "2020-11": {
            "month": "2020-11",
            "price": "23.19",
            "revenue": 34574
        },
        "2020-12": {
            "month": "2020-12",
            "price": "23.46",
            "revenue": 28091
        },
        "2021-01": {
            "month": "2021-01",
            "price": "22.24",
            "revenue": 23983
        },
        "2021-02": {
            "month": "2021-02",
            "price": "20.17",
            "revenue": 24953
        },
        "2021-03": {
            "month": "2021-03",
            "price": "19.66",
            "revenue": 25402
        },
        "2021-04": {
            "month": "2021-04",
            "price": "19.13",
            "revenue": 23779
        },
        "2021-05": {
            "month": "2021-05",
            "price": "18.66",
            "revenue": 27069
        },
        "2021-06": {
            "month": "2021-06",
            "price": "19.06",
            "revenue": 18947
        },
        "2021-07": {
            "month": "2021-07",
            "price": "18.67",
            "revenue": 19607
        },
        "2021-08": {
            "month": "2021-08",
            "price": "18.52",
            "revenue": 17738
        },
        "2021-09": {
            "month": "2021-09",
            "price": "18.48",
            "revenue": 22474
        },
        "2021-10": {
            "month": "2021-10",
            "price": "18.37",
            "revenue": 28879
        },
        "2021-11": {
            "month": "2021-11",
            "price": "17.75",
            "revenue": 22146
        },
        "2021-12": {
            "month": "2021-12",
            "price": "17.65",
            "revenue": 22205
        },
        "2022-01": {
            "month": "2022-01",
            "price": "17.35",
            "revenue": 12802
        },
        "2022-02": {
            "month": "2022-02",
            "price": "21.35",
            "revenue": 14139
        },
        "2022-03": {
            "month": "2022-03",
            "price": "34.63",
            "revenue": 8033
        },
        "2022-04": {
            "month": "2022-04",
            "price": "31.32",
            "revenue": 5203
        },
        "2022-05": {
            "month": "2022-05",
            "price": "29.11",
            "revenue": 4354
        },
        "2022-06": {
            "month": "2022-06",
            "price": "27.33",
            "revenue": 8667
        },
        "2022-07": {
            "month": "2022-07",
            "price": "29.25",
            "revenue": 4178
        },
        "2022-08": {
            "month": "2022-08",
            "price": "29.41",
            "revenue": 5930
        },
        "2022-09": {
            "month": "2022-09",
            "price": "33.20",
            "revenue": 4191
        },
        "2022-11": {
            "month": "2022-11",
            "price": "30.88",
            "revenue": 4918
        },
        "2022-12": {
            "month": "2022-12",
            "price": "31.85",
            "revenue": 3132
        },
        "2023-01": {
            "month": "2023-01",
            "price": "36.79",
            "revenue": 2813
        },
        "2023-02": {
            "month": "2023-02",
            "price": "36.62",
            "revenue": 2007
        },
        "2023-03": {
            "month": "2023-03",
            "price": "37.30",
            "revenue": 2548
        },
        "2023-04": {
            "month": "2023-04",
            "price": "32.59",
            "revenue": 3369
        },
        "2023-05": {
            "month": "2023-05",
            "price": "30.14",
            "revenue": 3442
        },
        "2023-06": {
            "month": "2023-06",
            "price": "26.05",
            "revenue": 5364
        },
        "2023-07": {
            "month": "2023-07",
            "price": "28.69",
            "revenue": 2242
        },
        "2023-08": {
            "month": "2023-08",
            "price": "28.36",
            "revenue": 4350
        },
        "2023-09": {
            "month": "2023-09",
            "price": "23.49",
            "revenue": 3135
        },
        "2023-10": {
            "month": "2023-10",
            "price": "24.12",
            "revenue": 3980
        },
        "2023-11": {
            "month": "2023-11",
            "price": "25.16",
            "revenue": 4235
        },
        "2023-12": {
            "month": "2023-12",
            "price": "25.68",
            "revenue": 3833
        }
    }
}
