{
    "summary": {
        "stock_name": "誠品生活",
        "stock_id": "2926",
        "category": "文化創意",
        "main_business": "商場之經營管理<br>各類食品之進口代理及零售、咖啡館及餐廳業務之經營等<br>各類餐旅用品設備之買賣進口與安裝",
        "website_url": "http://www.eslitespectrum.com.tw",
        "ceo": "吳旻潔",
        "pe_ratio": -22,
        "report_year_from": 2009,
        "report_year_to": 2023,
        "age": 15,
        "eps_negative_percentage": 25,
        "eps_growth_avg": {
            "last_all": -10.68,
            "last_2y": -100,
            "last_4y": -69.71,
            "last_8y": -31.13,
            "last_12y": null,
            "last_16y": null,
            "last_20y": null,
            "at_2006_last_3y": null,
            "at_2007_last_3y": null,
            "at_2008_last_3y": null,
            "at_2009_last_3y": null,
            "at_2010_last_3y": null,
            "at_2011_last_3y": null,
            "at_2012_last_3y": null,
            "at_2013_last_3y": null,
            "at_2014_last_3y": null,
            "at_2015_last_3y": null,
            "at_2016_last_3y": 33,
            "at_2017_last_3y": 7.75,
            "at_2018_last_3y": -2.19,
            "at_2019_last_3y": -13.24,
            "at_2020_last_3y": -32.04,
            "at_2021_last_3y": -56.79,
            "at_2022_last_3y": -69.71,
            "at_2023_last_3y": -88.21,
            "at_2024_last_3y": -88.21,
            "at_2006_last_all": null,
            "at_2007_last_all": null,
            "at_2008_last_all": null,
            "at_2009_last_all": null,
            "at_2010_last_all": null,
            "at_2011_last_all": null,
            "at_2012_last_all": null,
            "at_2013_last_all": null,
            "at_2014_last_all": 60.86,
            "at_2015_last_all": 44.41,
            "at_2016_last_all": 33,
            "at_2017_last_all": 26.2,
            "at_2018_last_all": 18.83,
            "at_2019_last_all": 11.47,
            "at_2020_last_all": 0.48,
            "at_2021_last_all": -10.68,
            "at_2022_last_all": -10.68,
            "at_2023_last_all": -10.68,
            "at_2024_last_all": -10.68
        },
        "latest_eps": -2.73,
        "latest_price": 59.5,
        "latest_roe": -20.86,
        "latest_gross_margin": 39.05,
        "latest_equity": 561518,
        "latest_revenue": 1991670,
        "latest_gross_profit": 777682,
        "latest_net_income": 31166,
        "latest_debt_ratio": 96.78,
        "latest_current_ratio": 81.49,
        "latest_account_receivable_turnover_ratio": 2.02,
        "latest_inventory_turnover_ratio": 0.98,
        "latest_reinvestment_rate": null,
        "latest_research_to_sale_ratio": null
    },
    "eps_dividends": {
        "2001": {
            "cash": 0,
            "stock": 0,
            "eps": 0
        },
        "2002": {
            "cash": 0,
            "stock": 0,
            "eps": 0
        },
        "2003": {
            "cash": 0,
            "stock": 0,
            "eps": 0
        },
        "2004": {
            "cash": 0,
            "stock": 0,
            "eps": 0
        },
        "2005": {
            "cash": 0,
            "stock": 0,
            "eps": 0
        },
        "2006": {
            "cash": 0,
            "stock": 0,
            "eps": 0
        },
        "2007": {
            "cash": 0,
            "stock": 0,
            "eps": 0
        },
        "2008": {
            "cash": 0,
            "stock": 0,
            "eps": 0
        },
        "2009": {
            "cash": 0,
            "stock": 0,
            "eps": 0
        },
        "2010": {
            "cash": 0,
            "stock": 0,
            "eps": 0
        },
        "2011": {
            "cash": 0,
            "stock": 0,
            "eps": 0
        },
        "2012": {
            "cash": 4.81,
            "stock": 0,
            "eps": 3.15
        },
        "2013": {
            "cash": 5.6,
            "stock": 0,
            "eps": 6.72
        },
        "2014": {
            "cash": 6,
            "stock": 0,
            "eps": 8.18
        },
        "2015": {
            "cash": 6.92,
            "stock": 0,
            "eps": 9.12
        },
        "2016": {
            "cash": 7.58,
            "stock": 0.5,
            "eps": 9.01
        },
        "2017": {
            "cash": 7.68,
            "stock": 0,
            "eps": 8.92
        },
        "2018": {
            "cash": 7.56,
            "stock": 0,
            "eps": 7.31
        },
        "2019": {
            "cash": 6.8,
            "stock": 0,
            "eps": 4.92
        },
        "2020": {
            "cash": 4.2,
            "stock": 0,
            "eps": 1.16
        },
        "2021": {
            "cash": 0.84,
            "stock": 0,
            "eps": -4.82
        },
        "2022": {
            "cash": 0,
            "stock": 0,
            "eps": -3.96
        },
        "2023": {
            "cash": 0,
            "stock": 0,
            "eps": -2.72
        }
    },
    "dividends": {
        "2012-04-23": {
            "cash": 4.81,
            "stock": 0
        },
        "2013-06-24": {
            "cash": 5.6,
            "stock": 0
        },
        "2014-08-07": {
            "cash": 6,
            "stock": 0
        },
        "2015-07-30": {
            "cash": 6.92,
            "stock": 0
        },
        "2016-09-12": {
            "cash": 7.58,
            "stock": 0.5
        },
        "2017-07-14": {
            "cash": 7.68,
            "stock": 0
        },
        "2018-07-18": {
            "cash": 7.56,
            "stock": 0
        },
        "2019-07-22": {
            "cash": 6.8,
            "stock": 0
        },
        "2020-07-20": {
            "cash": 4.2,
            "stock": 0
        },
        "2021-07-12": {
            "cash": 0.84,
            "stock": 0
        }
    },
    "prices": {
        "200101": "無",
        "200102": "無",
        "200103": "無",
        "200104": "無",
        "200105": "無",
        "200106": "無",
        "200107": "無",
        "200108": "無",
        "200109": "無",
        "200110": "無",
        "200111": "無",
        "200112": "無",
        "200201": "無",
        "200202": "無",
        "200203": "無",
        "200204": "無",
        "200205": "無",
        "200206": "無",
        "200207": "無",
        "200208": "無",
        "200209": "無",
        "200210": "無",
        "200211": "無",
        "200212": "無",
        "200301": "無",
        "200302": "無",
        "200303": "無",
        "200304": "無",
        "200305": "無",
        "200306": "無",
        "200307": "無",
        "200308": "無",
        "200309": "無",
        "200310": "無",
        "200311": "無",
        "200312": "無",
        "200401": "無",
        "200402": "無",
        "200403": "無",
        "200404": "無",
        "200405": "無",
        "200406": "無",
        "200407": "無",
        "200408": "無",
        "200409": "無",
        "200410": "無",
        "200411": "無",
        "200412": "無",
        "200501": "無",
        "200502": "無",
        "200503": "無",
        "200504": "無",
        "200505": "無",
        "200506": "無",
        "200507": "無",
        "200508": "無",
        "200509": "無",
        "200510": "無",
        "200511": "無",
        "200512": "無",
        "200601": "無",
        "200602": "無",
        "200603": "無",
        "200604": "無",
        "200605": "無",
        "200606": "無",
        "200607": "無",
        "200608": "無",
        "200609": "無",
        "200610": "無",
        "200611": "無",
        "200612": "無",
        "200701": "無",
        "200702": "無",
        "200703": "無",
        "200704": "無",
        "200705": "無",
        "200706": "無",
        "200707": "無",
        "200708": "無",
        "200709": "無",
        "200710": "無",
        "200711": "無",
        "200712": "無",
        "200801": "無",
        "200802": "無",
        "200803": "無",
        "200804": "無",
        "200805": "無",
        "200806": "無",
        "200807": "無",
        "200808": "無",
        "200809": "無",
        "200810": "無",
        "200811": "無",
        "200812": "無",
        "200901": "無",
        "200902": "無",
        "200903": "無",
        "200904": "無",
        "200905": "無",
        "200906": "無",
        "200907": "無",
        "200908": "無",
        "200909": "無",
        "200910": "無",
        "200911": "無",
        "200912": "無",
        "201001": "無",
        "201002": "無",
        "201003": "無",
        "201004": "無",
        "201005": "無",
        "201006": "無",
        "201007": "無",
        "201008": "無",
        "201009": "無",
        "201010": "無",
        "201011": "無",
        "201012": "無",
        "201101": "無",
        "201102": "無",
        "201103": "無",
        "201104": "無",
        "201105": "無",
        "201106": "無",
        "201107": "無",
        "201108": "無",
        "201109": "無",
        "201110": "無",
        "201111": "無",
        "201112": "無",
        "201201": "無",
        "201202": "無",
        "201203": "214.00",
        "201204": "185.01",
        "201205": "171.83",
        "201206": "160.85",
        "201207": "159.71",
        "201208": "173.39",
        "201209": "178.66",
        "201210": "187.55",
        "201211": "188.76",
        "201212": "185.99",
        "201301": "195.75",
        "201302": "239.88",
        "201303": "238.95",
        "201304": "192.58",
        "201305": "187.80",
        "201306": "173.13",
        "201307": "176.87",
        "201308": "189.57",
        "201309": "201.78",
        "201310": "201.18",
        "201311": "195.24",
        "201312": "213.82",
        "201401": "197.64",
        "201402": "182.53",
        "201403": "180.95",
        "201404": "180.93",
        "201405": "179.69",
        "201406": "186.02",
        "201407": "180.14",
        "201408": "174.26",
        "201409": "171.98",
        "201410": "162.57",
        "201411": "158.22",
        "201412": "161.33",
        "201501": "169.08",
        "201502": "162.85",
        "201503": "162.02",
        "201504": "162.62",
        "201505": "157.05",
        "201506": "158.55",
        "201507": "161.57",
        "201508": "154.95",
        "201509": "152.68",
        "201510": "152.50",
        "201511": "155.40",
        "201512": "192.48",
        "201601": "209.98",
        "201602": "206.31",
        "201603": "201.65",
        "201604": "188.68",
        "201605": "184.00",
        "201606": "187.36",
        "201607": "186.30",
        "201608": "182.80",
        "201609": "178.61",
        "201610": "180.38",
        "201611": "176.26",
        "201612": "162.95",
        "201701": "153.09",
        "201702": "153.83",
        "201703": "151.74",
        "201704": "148.25",
        "201705": "149.78",
        "201706": "156.59",
        "201707": "148.64",
        "201708": "137.63",
        "201709": "137.16",
        "201710": "137.87",
        "201711": "139.95",
        "201712": "138.60",
        "201801": "138.11",
        "201802": "135.50",
        "201803": "138.35",
        "201804": "137.64",
        "201805": "137.84",
        "201806": "139.75",
        "201807": "133.34",
        "201808": "133.20",
        "201809": "133.11",
        "201810": "130.98",
        "201811": "127.55",
        "201812": "127.95",
        "201901": "126.24",
        "201902": "128.92",
        "201903": "132.02",
        "201904": "132.55",
        "201905": "128.52",
        "201906": "127.61",
        "201907": "125.43",
        "201908": "122.45",
        "201909": "120.34",
        "201910": "119.90",
        "201911": "115.43",
        "201912": "111.16",
        "202001": "111.87",
        "202002": "101.39",
        "202003": "80.37",
        "202004": "76.72",
        "202005": "84.68",
        "202006": "91.16",
        "202007": "81.88",
        "202008": "76.11",
        "202009": "76.73",
        "202010": "77.91",
        "202011": "78.22",
        "202012": "80.27",
        "202101": "77.02",
        "202102": "75.87",
        "202103": "74.94",
        "202104": "74.57",
        "202105": "66.59",
        "202106": "61.52",
        "202107": "61.08",
        "202108": "60.01",
        "202109": "56.92",
        "202110": "59.50",
        "202111": "60.20",
        "202112": "59.21",
        "202201": "59.38",
        "202202": "60.71",
        "202203": "59.58",
        "202204": "56.17",
        "202205": "53.34",
        "202206": "50.29",
        "202207": "44.44",
        "202208": "44.39",
        "202209": "48.31",
        "202210": "47.78",
        "202211": "49.84",
        "202212": "59.37",
        "202301": "59.94",
        "202302": "59.46",
        "202303": "63.46",
        "202304": "65.61",
        "202305": "64.13",
        "202306": "63.54",
        "202307": "62.72",
        "202308": "62.86",
        "202309": "66.98",
        "202310": "66.70",
        "202311": "65.95",
        "202312": "66.45"
    },
    "quarters": {
        "20011": {
            "year_quarter": 20011,
            "year": 2001,
            "quarter": 1,
            "eps": null,
            "eps_growth_year": null,
            "eps_4q": null,
            "eps_4q_growth_year": null,
            "roe": null,
            "roe_4q": 0,
            "gross_profit": null,
            "gross_margin": null,
            "gross_margin_4q_avg": 0,
            "net_income": null,
            "net_income_4q": null,
            "revenue": null,
            "revenue_4q": null,
            "common_shares": null,
            "book_valuer_per_share": null,
            "book_valuer_per_share_4q_avg": 0,
            "equity": null,
            "current_ratio": null,
            "debt_ratio": null,
            "inventory_turnover_ratio": null,
            "account_receivable_turnover_ratio": null,
            "reinvestment_rate": null,
            "research_to_sale_ratio": null,
            "price_fair": 0,
            "eps_avg_yearly": 0,
            "eps_latest_yearly": 0,
            "eps_growth_yearly": 0
        },
        "20012": {
            "year_quarter": 20012,
            "year": 2001,
            "quarter": 2,
            "eps": null,
            "eps_growth_year": null,
            "eps_4q": null,
            "eps_4q_growth_year": null,
            "roe": null,
            "roe_4q": 0,
            "gross_profit": null,
            "gross_margin": null,
            "gross_margin_4q_avg": 0,
            "net_income": null,
            "net_income_4q": null,
            "revenue": null,
            "revenue_4q": null,
            "common_shares": null,
            "book_valuer_per_share": null,
            "book_valuer_per_share_4q_avg": 0,
            "equity": null,
            "current_ratio": null,
            "debt_ratio": null,
            "inventory_turnover_ratio": null,
            "account_receivable_turnover_ratio": null,
            "reinvestment_rate": null,
            "research_to_sale_ratio": null,
            "price_fair": 0,
            "eps_avg_yearly": 0,
            "eps_latest_yearly": 0,
            "eps_growth_yearly": 0
        },
        "20013": {
            "year_quarter": 20013,
            "year": 2001,
            "quarter": 3,
            "eps": null,
            "eps_growth_year": null,
            "eps_4q": null,
            "eps_4q_growth_year": null,
            "roe": null,
            "roe_4q": 0,
            "gross_profit": null,
            "gross_margin": null,
            "gross_margin_4q_avg": 0,
            "net_income": null,
            "net_income_4q": null,
            "revenue": null,
            "revenue_4q": null,
            "common_shares": null,
            "book_valuer_per_share": null,
            "book_valuer_per_share_4q_avg": 0,
            "equity": null,
            "current_ratio": null,
            "debt_ratio": null,
            "inventory_turnover_ratio": null,
            "account_receivable_turnover_ratio": null,
            "reinvestment_rate": null,
            "research_to_sale_ratio": null,
            "price_fair": 0,
            "eps_avg_yearly": 0,
            "eps_latest_yearly": 0,
            "eps_growth_yearly": 0
        },
        "20014": {
            "year_quarter": 20014,
            "year": 2001,
            "quarter": 4,
            "eps": null,
            "eps_growth_year": null,
            "eps_4q": null,
            "eps_4q_growth_year": null,
            "roe": null,
            "roe_4q": 0,
            "gross_profit": null,
            "gross_margin": null,
            "gross_margin_4q_avg": 0,
            "net_income": null,
            "net_income_4q": null,
            "revenue": null,
            "revenue_4q": null,
            "common_shares": null,
            "book_valuer_per_share": null,
            "book_valuer_per_share_4q_avg": 0,
            "equity": null,
            "current_ratio": null,
            "debt_ratio": null,
            "inventory_turnover_ratio": null,
            "account_receivable_turnover_ratio": null,
            "reinvestment_rate": null,
            "research_to_sale_ratio": null,
            "price_fair": 0,
            "eps_avg_yearly": 0,
            "eps_latest_yearly": 0,
            "eps_growth_yearly": 0
        },
        "20021": {
            "year_quarter": 20021,
            "year": 2002,
            "quarter": 1,
            "eps": null,
            "eps_growth_year": null,
            "eps_4q": null,
            "eps_4q_growth_year": null,
            "roe": null,
            "roe_4q": 0,
            "gross_profit": null,
            "gross_margin": null,
            "gross_margin_4q_avg": 0,
            "net_income": null,
            "net_income_4q": null,
            "revenue": null,
            "revenue_4q": null,
            "common_shares": null,
            "book_valuer_per_share": null,
            "book_valuer_per_share_4q_avg": 0,
            "equity": null,
            "current_ratio": null,
            "debt_ratio": null,
            "inventory_turnover_ratio": null,
            "account_receivable_turnover_ratio": null,
            "reinvestment_rate": null,
            "research_to_sale_ratio": null,
            "price_fair": 0,
            "eps_avg_yearly": 0,
            "eps_latest_yearly": 0,
            "eps_growth_yearly": 0
        },
        "20022": {
            "year_quarter": 20022,
            "year": 2002,
            "quarter": 2,
            "eps": null,
            "eps_growth_year": null,
            "eps_4q": null,
            "eps_4q_growth_year": null,
            "roe": null,
            "roe_4q": 0,
            "gross_profit": null,
            "gross_margin": null,
            "gross_margin_4q_avg": 0,
            "net_income": null,
            "net_income_4q": null,
            "revenue": null,
            "revenue_4q": null,
            "common_shares": null,
            "book_valuer_per_share": null,
            "book_valuer_per_share_4q_avg": 0,
            "equity": null,
            "current_ratio": null,
            "debt_ratio": null,
            "inventory_turnover_ratio": null,
            "account_receivable_turnover_ratio": null,
            "reinvestment_rate": null,
            "research_to_sale_ratio": null,
            "price_fair": 0,
            "eps_avg_yearly": 0,
            "eps_latest_yearly": 0,
            "eps_growth_yearly": 0
        },
        "20023": {
            "year_quarter": 20023,
            "year": 2002,
            "quarter": 3,
            "eps": null,
            "eps_growth_year": null,
            "eps_4q": null,
            "eps_4q_growth_year": null,
            "roe": null,
            "roe_4q": 0,
            "gross_profit": null,
            "gross_margin": null,
            "gross_margin_4q_avg": 0,
            "net_income": null,
            "net_income_4q": null,
            "revenue": null,
            "revenue_4q": null,
            "common_shares": null,
            "book_valuer_per_share": null,
            "book_valuer_per_share_4q_avg": 0,
            "equity": null,
            "current_ratio": null,
            "debt_ratio": null,
            "inventory_turnover_ratio": null,
            "account_receivable_turnover_ratio": null,
            "reinvestment_rate": null,
            "research_to_sale_ratio": null,
            "price_fair": 0,
            "eps_avg_yearly": 0,
            "eps_latest_yearly": 0,
            "eps_growth_yearly": 0
        },
        "20024": {
            "year_quarter": 20024,
            "year": 2002,
            "quarter": 4,
            "eps": null,
            "eps_growth_year": null,
            "eps_4q": null,
            "eps_4q_growth_year": null,
            "roe": null,
            "roe_4q": 0,
            "gross_profit": null,
            "gross_margin": null,
            "gross_margin_4q_avg": 0,
            "net_income": null,
            "net_income_4q": null,
            "revenue": null,
            "revenue_4q": null,
            "common_shares": null,
            "book_valuer_per_share": null,
            "book_valuer_per_share_4q_avg": 0,
            "equity": null,
            "current_ratio": null,
            "debt_ratio": null,
            "inventory_turnover_ratio": null,
            "account_receivable_turnover_ratio": null,
            "reinvestment_rate": null,
            "research_to_sale_ratio": null,
            "price_fair": 0,
            "eps_avg_yearly": 0,
            "eps_latest_yearly": 0,
            "eps_growth_yearly": 0
        },
        "20031": {
            "year_quarter": 20031,
            "year": 2003,
            "quarter": 1,
            "eps": null,
            "eps_growth_year": null,
            "eps_4q": null,
            "eps_4q_growth_year": null,
            "roe": null,
            "roe_4q": 0,
            "gross_profit": null,
            "gross_margin": null,
            "gross_margin_4q_avg": 0,
            "net_income": null,
            "net_income_4q": null,
            "revenue": null,
            "revenue_4q": null,
            "common_shares": null,
            "book_valuer_per_share": null,
            "book_valuer_per_share_4q_avg": 0,
            "equity": null,
            "current_ratio": null,
            "debt_ratio": null,
            "inventory_turnover_ratio": null,
            "account_receivable_turnover_ratio": null,
            "reinvestment_rate": null,
            "research_to_sale_ratio": null,
            "price_fair": 0,
            "eps_avg_yearly": 0,
            "eps_latest_yearly": 0,
            "eps_growth_yearly": 0
        },
        "20032": {
            "year_quarter": 20032,
            "year": 2003,
            "quarter": 2,
            "eps": null,
            "eps_growth_year": null,
            "eps_4q": null,
            "eps_4q_growth_year": null,
            "roe": null,
            "roe_4q": 0,
            "gross_profit": null,
            "gross_margin": null,
            "gross_margin_4q_avg": 0,
            "net_income": null,
            "net_income_4q": null,
            "revenue": null,
            "revenue_4q": null,
            "common_shares": null,
            "book_valuer_per_share": null,
            "book_valuer_per_share_4q_avg": 0,
            "equity": null,
            "current_ratio": null,
            "debt_ratio": null,
            "inventory_turnover_ratio": null,
            "account_receivable_turnover_ratio": null,
            "reinvestment_rate": null,
            "research_to_sale_ratio": null,
            "price_fair": 0,
            "eps_avg_yearly": 0,
            "eps_latest_yearly": 0,
            "eps_growth_yearly": 0
        },
        "20033": {
            "year_quarter": 20033,
            "year": 2003,
            "quarter": 3,
            "eps": null,
            "eps_growth_year": null,
            "eps_4q": null,
            "eps_4q_growth_year": null,
            "roe": null,
            "roe_4q": 0,
            "gross_profit": null,
            "gross_margin": null,
            "gross_margin_4q_avg": 0,
            "net_income": null,
            "net_income_4q": null,
            "revenue": null,
            "revenue_4q": null,
            "common_shares": null,
            "book_valuer_per_share": null,
            "book_valuer_per_share_4q_avg": 0,
            "equity": null,
            "current_ratio": null,
            "debt_ratio": null,
            "inventory_turnover_ratio": null,
            "account_receivable_turnover_ratio": null,
            "reinvestment_rate": null,
            "research_to_sale_ratio": null,
            "price_fair": 0,
            "eps_avg_yearly": 0,
            "eps_latest_yearly": 0,
            "eps_growth_yearly": 0
        },
        "20034": {
            "year_quarter": 20034,
            "year": 2003,
            "quarter": 4,
            "eps": null,
            "eps_growth_year": null,
            "eps_4q": null,
            "eps_4q_growth_year": null,
            "roe": null,
            "roe_4q": 0,
            "gross_profit": null,
            "gross_margin": null,
            "gross_margin_4q_avg": 0,
            "net_income": null,
            "net_income_4q": null,
            "revenue": null,
            "revenue_4q": null,
            "common_shares": null,
            "book_valuer_per_share": null,
            "book_valuer_per_share_4q_avg": 0,
            "equity": null,
            "current_ratio": null,
            "debt_ratio": null,
            "inventory_turnover_ratio": null,
            "account_receivable_turnover_ratio": null,
            "reinvestment_rate": null,
            "research_to_sale_ratio": null,
            "price_fair": 0,
            "eps_avg_yearly": 0,
            "eps_latest_yearly": 0,
            "eps_growth_yearly": 0
        },
        "20041": {
            "year_quarter": 20041,
            "year": 2004,
            "quarter": 1,
            "eps": null,
            "eps_growth_year": null,
            "eps_4q": null,
            "eps_4q_growth_year": null,
            "roe": null,
            "roe_4q": 0,
            "gross_profit": null,
            "gross_margin": null,
            "gross_margin_4q_avg": 0,
            "net_income": null,
            "net_income_4q": null,
            "revenue": null,
            "revenue_4q": null,
            "common_shares": null,
            "book_valuer_per_share": null,
            "book_valuer_per_share_4q_avg": 0,
            "equity": null,
            "current_ratio": null,
            "debt_ratio": null,
            "inventory_turnover_ratio": null,
            "account_receivable_turnover_ratio": null,
            "reinvestment_rate": null,
            "research_to_sale_ratio": null,
            "price_fair": 0,
            "eps_avg_yearly": 0,
            "eps_latest_yearly": 0,
            "eps_growth_yearly": 0
        },
        "20042": {
            "year_quarter": 20042,
            "year": 2004,
            "quarter": 2,
            "eps": null,
            "eps_growth_year": null,
            "eps_4q": null,
            "eps_4q_growth_year": null,
            "roe": null,
            "roe_4q": 0,
            "gross_profit": null,
            "gross_margin": null,
            "gross_margin_4q_avg": 0,
            "net_income": null,
            "net_income_4q": null,
            "revenue": null,
            "revenue_4q": null,
            "common_shares": null,
            "book_valuer_per_share": null,
            "book_valuer_per_share_4q_avg": 0,
            "equity": null,
            "current_ratio": null,
            "debt_ratio": null,
            "inventory_turnover_ratio": null,
            "account_receivable_turnover_ratio": null,
            "reinvestment_rate": null,
            "research_to_sale_ratio": null,
            "price_fair": 0,
            "eps_avg_yearly": 0,
            "eps_latest_yearly": 0,
            "eps_growth_yearly": 0
        },
        "20043": {
            "year_quarter": 20043,
            "year": 2004,
            "quarter": 3,
            "eps": null,
            "eps_growth_year": null,
            "eps_4q": null,
            "eps_4q_growth_year": null,
            "roe": null,
            "roe_4q": 0,
            "gross_profit": null,
            "gross_margin": null,
            "gross_margin_4q_avg": 0,
            "net_income": null,
            "net_income_4q": null,
            "revenue": null,
            "revenue_4q": null,
            "common_shares": null,
            "book_valuer_per_share": null,
            "book_valuer_per_share_4q_avg": 0,
            "equity": null,
            "current_ratio": null,
            "debt_ratio": null,
            "inventory_turnover_ratio": null,
            "account_receivable_turnover_ratio": null,
            "reinvestment_rate": null,
            "research_to_sale_ratio": null,
            "price_fair": 0,
            "eps_avg_yearly": 0,
            "eps_latest_yearly": 0,
            "eps_growth_yearly": 0
        },
        "20044": {
            "year_quarter": 20044,
            "year": 2004,
            "quarter": 4,
            "eps": null,
            "eps_growth_year": null,
            "eps_4q": null,
            "eps_4q_growth_year": null,
            "roe": null,
            "roe_4q": 0,
            "gross_profit": null,
            "gross_margin": null,
            "gross_margin_4q_avg": 0,
            "net_income": null,
            "net_income_4q": null,
            "revenue": null,
            "revenue_4q": null,
            "common_shares": null,
            "book_valuer_per_share": null,
            "book_valuer_per_share_4q_avg": 0,
            "equity": null,
            "current_ratio": null,
            "debt_ratio": null,
            "inventory_turnover_ratio": null,
            "account_receivable_turnover_ratio": null,
            "reinvestment_rate": null,
            "research_to_sale_ratio": null,
            "price_fair": 0,
            "eps_avg_yearly": 0,
            "eps_latest_yearly": 0,
            "eps_growth_yearly": 0
        },
        "20051": {
            "year_quarter": 20051,
            "year": 2005,
            "quarter": 1,
            "eps": null,
            "eps_growth_year": null,
            "eps_4q": null,
            "eps_4q_growth_year": null,
            "roe": null,
            "roe_4q": 0,
            "gross_profit": null,
            "gross_margin": null,
            "gross_margin_4q_avg": 0,
            "net_income": null,
            "net_income_4q": null,
            "revenue": null,
            "revenue_4q": null,
            "common_shares": null,
            "book_valuer_per_share": null,
            "book_valuer_per_share_4q_avg": 0,
            "equity": null,
            "current_ratio": null,
            "debt_ratio": null,
            "inventory_turnover_ratio": null,
            "account_receivable_turnover_ratio": null,
            "reinvestment_rate": null,
            "research_to_sale_ratio": null,
            "price_fair": 0,
            "eps_avg_yearly": 0,
            "eps_latest_yearly": 0,
            "eps_growth_yearly": 0
        },
        "20052": {
            "year_quarter": 20052,
            "year": 2005,
            "quarter": 2,
            "eps": null,
            "eps_growth_year": null,
            "eps_4q": null,
            "eps_4q_growth_year": null,
            "roe": null,
            "roe_4q": 0,
            "gross_profit": null,
            "gross_margin": null,
            "gross_margin_4q_avg": 0,
            "net_income": null,
            "net_income_4q": null,
            "revenue": null,
            "revenue_4q": null,
            "common_shares": null,
            "book_valuer_per_share": null,
            "book_valuer_per_share_4q_avg": 0,
            "equity": null,
            "current_ratio": null,
            "debt_ratio": null,
            "inventory_turnover_ratio": null,
            "account_receivable_turnover_ratio": null,
            "reinvestment_rate": null,
            "research_to_sale_ratio": null,
            "price_fair": 0,
            "eps_avg_yearly": 0,
            "eps_latest_yearly": 0,
            "eps_growth_yearly": 0
        },
        "20053": {
            "year_quarter": 20053,
            "year": 2005,
            "quarter": 3,
            "eps": null,
            "eps_growth_year": null,
            "eps_4q": null,
            "eps_4q_growth_year": null,
            "roe": null,
            "roe_4q": 0,
            "gross_profit": null,
            "gross_margin": null,
            "gross_margin_4q_avg": 0,
            "net_income": null,
            "net_income_4q": null,
            "revenue": null,
            "revenue_4q": null,
            "common_shares": null,
            "book_valuer_per_share": null,
            "book_valuer_per_share_4q_avg": 0,
            "equity": null,
            "current_ratio": null,
            "debt_ratio": null,
            "inventory_turnover_ratio": null,
            "account_receivable_turnover_ratio": null,
            "reinvestment_rate": null,
            "research_to_sale_ratio": null,
            "price_fair": 0,
            "eps_avg_yearly": 0,
            "eps_latest_yearly": 0,
            "eps_growth_yearly": 0
        },
        "20054": {
            "year_quarter": 20054,
            "year": 2005,
            "quarter": 4,
            "eps": null,
            "eps_growth_year": null,
            "eps_4q": null,
            "eps_4q_growth_year": null,
            "roe": null,
            "roe_4q": 0,
            "gross_profit": null,
            "gross_margin": null,
            "gross_margin_4q_avg": 0,
            "net_income": null,
            "net_income_4q": null,
            "revenue": null,
            "revenue_4q": null,
            "common_shares": null,
            "book_valuer_per_share": null,
            "book_valuer_per_share_4q_avg": 0,
            "equity": null,
            "current_ratio": null,
            "debt_ratio": null,
            "inventory_turnover_ratio": null,
            "account_receivable_turnover_ratio": null,
            "reinvestment_rate": null,
            "research_to_sale_ratio": null,
            "price_fair": 0,
            "eps_avg_yearly": 0,
            "eps_latest_yearly": 0,
            "eps_growth_yearly": 0
        },
        "20061": {
            "year_quarter": 20061,
            "year": 2006,
            "quarter": 1,
            "eps": null,
            "eps_growth_year": null,
            "eps_4q": null,
            "eps_4q_growth_year": null,
            "roe": null,
            "roe_4q": 0,
            "gross_profit": null,
            "gross_margin": null,
            "gross_margin_4q_avg": 0,
            "net_income": null,
            "net_income_4q": null,
            "revenue": null,
            "revenue_4q": null,
            "common_shares": null,
            "book_valuer_per_share": null,
            "book_valuer_per_share_4q_avg": 0,
            "equity": null,
            "current_ratio": null,
            "debt_ratio": null,
            "inventory_turnover_ratio": null,
            "account_receivable_turnover_ratio": null,
            "reinvestment_rate": null,
            "research_to_sale_ratio": null,
            "price_fair": 0,
            "eps_avg_yearly": 0,
            "eps_latest_yearly": 0,
            "eps_growth_yearly": 0
        },
        "20062": {
            "year_quarter": 20062,
            "year": 2006,
            "quarter": 2,
            "eps": null,
            "eps_growth_year": null,
            "eps_4q": null,
            "eps_4q_growth_year": null,
            "roe": null,
            "roe_4q": 0,
            "gross_profit": null,
            "gross_margin": null,
            "gross_margin_4q_avg": 0,
            "net_income": null,
            "net_income_4q": null,
            "revenue": null,
            "revenue_4q": null,
            "common_shares": null,
            "book_valuer_per_share": null,
            "book_valuer_per_share_4q_avg": 0,
            "equity": null,
            "current_ratio": null,
            "debt_ratio": null,
            "inventory_turnover_ratio": null,
            "account_receivable_turnover_ratio": null,
            "reinvestment_rate": null,
            "research_to_sale_ratio": null,
            "price_fair": 0,
            "eps_avg_yearly": 0,
            "eps_latest_yearly": 0,
            "eps_growth_yearly": 0
        },
        "20063": {
            "year_quarter": 20063,
            "year": 2006,
            "quarter": 3,
            "eps": null,
            "eps_growth_year": null,
            "eps_4q": null,
            "eps_4q_growth_year": null,
            "roe": null,
            "roe_4q": 0,
            "gross_profit": null,
            "gross_margin": null,
            "gross_margin_4q_avg": 0,
            "net_income": null,
            "net_income_4q": null,
            "revenue": null,
            "revenue_4q": null,
            "common_shares": null,
            "book_valuer_per_share": null,
            "book_valuer_per_share_4q_avg": 0,
            "equity": null,
            "current_ratio": null,
            "debt_ratio": null,
            "inventory_turnover_ratio": null,
            "account_receivable_turnover_ratio": null,
            "reinvestment_rate": null,
            "research_to_sale_ratio": null,
            "price_fair": 0,
            "eps_avg_yearly": 0,
            "eps_latest_yearly": 0,
            "eps_growth_yearly": 0
        },
        "20064": {
            "year_quarter": 20064,
            "year": 2006,
            "quarter": 4,
            "eps": null,
            "eps_growth_year": null,
            "eps_4q": null,
            "eps_4q_growth_year": null,
            "roe": null,
            "roe_4q": 0,
            "gross_profit": null,
            "gross_margin": null,
            "gross_margin_4q_avg": 0,
            "net_income": null,
            "net_income_4q": null,
            "revenue": null,
            "revenue_4q": null,
            "common_shares": null,
            "book_valuer_per_share": null,
            "book_valuer_per_share_4q_avg": 0,
            "equity": null,
            "current_ratio": null,
            "debt_ratio": null,
            "inventory_turnover_ratio": null,
            "account_receivable_turnover_ratio": null,
            "reinvestment_rate": null,
            "research_to_sale_ratio": null,
            "price_fair": 0,
            "eps_avg_yearly": 0,
            "eps_latest_yearly": 0,
            "eps_growth_yearly": 0
        },
        "20071": {
            "year_quarter": 20071,
            "year": 2007,
            "quarter": 1,
            "eps": null,
            "eps_growth_year": null,
            "eps_4q": null,
            "eps_4q_growth_year": null,
            "roe": null,
            "roe_4q": 0,
            "gross_profit": null,
            "gross_margin": null,
            "gross_margin_4q_avg": 0,
            "net_income": null,
            "net_income_4q": null,
            "revenue": null,
            "revenue_4q": null,
            "common_shares": null,
            "book_valuer_per_share": null,
            "book_valuer_per_share_4q_avg": 0,
            "equity": null,
            "current_ratio": null,
            "debt_ratio": null,
            "inventory_turnover_ratio": null,
            "account_receivable_turnover_ratio": null,
            "reinvestment_rate": null,
            "research_to_sale_ratio": null,
            "price_fair": 0,
            "eps_avg_yearly": 0,
            "eps_latest_yearly": 0,
            "eps_growth_yearly": 0
        },
        "20072": {
            "year_quarter": 20072,
            "year": 2007,
            "quarter": 2,
            "eps": null,
            "eps_growth_year": null,
            "eps_4q": null,
            "eps_4q_growth_year": null,
            "roe": null,
            "roe_4q": 0,
            "gross_profit": null,
            "gross_margin": null,
            "gross_margin_4q_avg": 0,
            "net_income": null,
            "net_income_4q": null,
            "revenue": null,
            "revenue_4q": null,
            "common_shares": null,
            "book_valuer_per_share": null,
            "book_valuer_per_share_4q_avg": 0,
            "equity": null,
            "current_ratio": null,
            "debt_ratio": null,
            "inventory_turnover_ratio": null,
            "account_receivable_turnover_ratio": null,
            "reinvestment_rate": null,
            "research_to_sale_ratio": null,
            "price_fair": 0,
            "eps_avg_yearly": 0,
            "eps_latest_yearly": 0,
            "eps_growth_yearly": 0
        },
        "20073": {
            "year_quarter": 20073,
            "year": 2007,
            "quarter": 3,
            "eps": null,
            "eps_growth_year": null,
            "eps_4q": null,
            "eps_4q_growth_year": null,
            "roe": null,
            "roe_4q": 0,
            "gross_profit": null,
            "gross_margin": null,
            "gross_margin_4q_avg": 0,
            "net_income": null,
            "net_income_4q": null,
            "revenue": null,
            "revenue_4q": null,
            "common_shares": null,
            "book_valuer_per_share": null,
            "book_valuer_per_share_4q_avg": 0,
            "equity": null,
            "current_ratio": null,
            "debt_ratio": null,
            "inventory_turnover_ratio": null,
            "account_receivable_turnover_ratio": null,
            "reinvestment_rate": null,
            "research_to_sale_ratio": null,
            "price_fair": 0,
            "eps_avg_yearly": 0,
            "eps_latest_yearly": 0,
            "eps_growth_yearly": 0
        },
        "20074": {
            "year_quarter": 20074,
            "year": 2007,
            "quarter": 4,
            "eps": null,
            "eps_growth_year": null,
            "eps_4q": null,
            "eps_4q_growth_year": null,
            "roe": null,
            "roe_4q": 0,
            "gross_profit": null,
            "gross_margin": null,
            "gross_margin_4q_avg": 0,
            "net_income": null,
            "net_income_4q": null,
            "revenue": null,
            "revenue_4q": null,
            "common_shares": null,
            "book_valuer_per_share": null,
            "book_valuer_per_share_4q_avg": 0,
            "equity": null,
            "current_ratio": null,
            "debt_ratio": null,
            "inventory_turnover_ratio": null,
            "account_receivable_turnover_ratio": null,
            "reinvestment_rate": null,
            "research_to_sale_ratio": null,
            "price_fair": 0,
            "eps_avg_yearly": 0,
            "eps_latest_yearly": 0,
            "eps_growth_yearly": 0
        },
        "20081": {
            "year_quarter": 20081,
            "year": 2008,
            "quarter": 1,
            "eps": null,
            "eps_growth_year": null,
            "eps_4q": null,
            "eps_4q_growth_year": null,
            "roe": null,
            "roe_4q": 0,
            "gross_profit": null,
            "gross_margin": null,
            "gross_margin_4q_avg": 0,
            "net_income": null,
            "net_income_4q": null,
            "revenue": null,
            "revenue_4q": null,
            "common_shares": null,
            "book_valuer_per_share": null,
            "book_valuer_per_share_4q_avg": 0,
            "equity": null,
            "current_ratio": null,
            "debt_ratio": null,
            "inventory_turnover_ratio": null,
            "account_receivable_turnover_ratio": null,
            "reinvestment_rate": null,
            "research_to_sale_ratio": null,
            "price_fair": 0,
            "eps_avg_yearly": 0,
            "eps_latest_yearly": 0,
            "eps_growth_yearly": 0
        },
        "20082": {
            "year_quarter": 20082,
            "year": 2008,
            "quarter": 2,
            "eps": null,
            "eps_growth_year": null,
            "eps_4q": null,
            "eps_4q_growth_year": null,
            "roe": null,
            "roe_4q": 0,
            "gross_profit": null,
            "gross_margin": null,
            "gross_margin_4q_avg": 0,
            "net_income": null,
            "net_income_4q": null,
            "revenue": null,
            "revenue_4q": null,
            "common_shares": null,
            "book_valuer_per_share": null,
            "book_valuer_per_share_4q_avg": 0,
            "equity": null,
            "current_ratio": null,
            "debt_ratio": null,
            "inventory_turnover_ratio": null,
            "account_receivable_turnover_ratio": null,
            "reinvestment_rate": null,
            "research_to_sale_ratio": null,
            "price_fair": 0,
            "eps_avg_yearly": 0,
            "eps_latest_yearly": 0,
            "eps_growth_yearly": 0
        },
        "20083": {
            "year_quarter": 20083,
            "year": 2008,
            "quarter": 3,
            "eps": null,
            "eps_growth_year": null,
            "eps_4q": null,
            "eps_4q_growth_year": null,
            "roe": null,
            "roe_4q": 0,
            "gross_profit": null,
            "gross_margin": null,
            "gross_margin_4q_avg": 0,
            "net_income": null,
            "net_income_4q": null,
            "revenue": null,
            "revenue_4q": null,
            "common_shares": null,
            "book_valuer_per_share": null,
            "book_valuer_per_share_4q_avg": 0,
            "equity": null,
            "current_ratio": null,
            "debt_ratio": null,
            "inventory_turnover_ratio": null,
            "account_receivable_turnover_ratio": null,
            "reinvestment_rate": null,
            "research_to_sale_ratio": null,
            "price_fair": 0,
            "eps_avg_yearly": 0,
            "eps_latest_yearly": 0,
            "eps_growth_yearly": 0
        },
        "20084": {
            "year_quarter": 20084,
            "year": 2008,
            "quarter": 4,
            "eps": null,
            "eps_growth_year": null,
            "eps_4q": null,
            "eps_4q_growth_year": null,
            "roe": null,
            "roe_4q": 0,
            "gross_profit": null,
            "gross_margin": null,
            "gross_margin_4q_avg": 0,
            "net_income": null,
            "net_income_4q": null,
            "revenue": null,
            "revenue_4q": null,
            "common_shares": 1000,
            "book_valuer_per_share": 9.71,
            "book_valuer_per_share_4q_avg": 2.43,
            "equity": 971,
            "current_ratio": null,
            "debt_ratio": 0,
            "inventory_turnover_ratio": null,
            "account_receivable_turnover_ratio": null,
            "reinvestment_rate": null,
            "research_to_sale_ratio": null,
            "price_fair": 0,
            "eps_avg_yearly": 0,
            "eps_latest_yearly": 0,
            "eps_growth_yearly": 0
        },
        "20091": {
            "year_quarter": 20091,
            "year": 2009,
            "quarter": 1,
            "eps": null,
            "eps_growth_year": null,
            "eps_4q": null,
            "eps_4q_growth_year": null,
            "roe": null,
            "roe_4q": 0,
            "gross_profit": null,
            "gross_margin": null,
            "gross_margin_4q_avg": 0,
            "net_income": null,
            "net_income_4q": null,
            "revenue": null,
            "revenue_4q": null,
            "common_shares": null,
            "book_valuer_per_share": null,
            "book_valuer_per_share_4q_avg": 2.43,
            "equity": null,
            "current_ratio": null,
            "debt_ratio": null,
            "inventory_turnover_ratio": null,
            "account_receivable_turnover_ratio": null,
            "reinvestment_rate": null,
            "research_to_sale_ratio": null,
            "price_fair": 0,
            "eps_avg_yearly": 0,
            "eps_latest_yearly": 0,
            "eps_growth_yearly": 0
        },
        "20092": {
            "year_quarter": 20092,
            "year": 2009,
            "quarter": 2,
            "eps": null,
            "eps_growth_year": null,
            "eps_4q": null,
            "eps_4q_growth_year": null,
            "roe": null,
            "roe_4q": 0,
            "gross_profit": null,
            "gross_margin": null,
            "gross_margin_4q_avg": 0,
            "net_income": null,
            "net_income_4q": null,
            "revenue": null,
            "revenue_4q": null,
            "common_shares": null,
            "book_valuer_per_share": null,
            "book_valuer_per_share_4q_avg": 2.43,
            "equity": null,
            "current_ratio": null,
            "debt_ratio": null,
            "inventory_turnover_ratio": null,
            "account_receivable_turnover_ratio": null,
            "reinvestment_rate": null,
            "research_to_sale_ratio": null,
            "price_fair": 0,
            "eps_avg_yearly": 0,
            "eps_latest_yearly": 0,
            "eps_growth_yearly": 0
        },
        "20093": {
            "year_quarter": 20093,
            "year": 2009,
            "quarter": 3,
            "eps": null,
            "eps_growth_year": null,
            "eps_4q": null,
            "eps_4q_growth_year": null,
            "roe": null,
            "roe_4q": 0,
            "gross_profit": null,
            "gross_margin": null,
            "gross_margin_4q_avg": 0,
            "net_income": null,
            "net_income_4q": null,
            "revenue": null,
            "revenue_4q": null,
            "common_shares": null,
            "book_valuer_per_share": null,
            "book_valuer_per_share_4q_avg": 2.43,
            "equity": null,
            "current_ratio": null,
            "debt_ratio": null,
            "inventory_turnover_ratio": null,
            "account_receivable_turnover_ratio": null,
            "reinvestment_rate": null,
            "research_to_sale_ratio": null,
            "price_fair": 0,
            "eps_avg_yearly": 0,
            "eps_latest_yearly": 0,
            "eps_growth_yearly": 0
        },
        "20094": {
            "year_quarter": 20094,
            "year": 2009,
            "quarter": 4,
            "eps": null,
            "eps_growth_year": null,
            "eps_4q": null,
            "eps_4q_growth_year": null,
            "roe": null,
            "roe_4q": 0,
            "gross_profit": null,
            "gross_margin": null,
            "gross_margin_4q_avg": 0,
            "net_income": null,
            "net_income_4q": null,
            "revenue": null,
            "revenue_4q": null,
            "common_shares": 1000,
            "book_valuer_per_share": 9.68,
            "book_valuer_per_share_4q_avg": 2.42,
            "equity": 968,
            "current_ratio": null,
            "debt_ratio": 0,
            "inventory_turnover_ratio": null,
            "account_receivable_turnover_ratio": null,
            "reinvestment_rate": null,
            "research_to_sale_ratio": null,
            "price_fair": 0,
            "eps_avg_yearly": 0,
            "eps_latest_yearly": 0,
            "eps_growth_yearly": 0
        },
        "20101": {
            "year_quarter": 20101,
            "year": 2010,
            "quarter": 1,
            "eps": null,
            "eps_growth_year": null,
            "eps_4q": null,
            "eps_4q_growth_year": null,
            "roe": null,
            "roe_4q": 0,
            "gross_profit": null,
            "gross_margin": null,
            "gross_margin_4q_avg": 0,
            "net_income": null,
            "net_income_4q": null,
            "revenue": null,
            "revenue_4q": null,
            "common_shares": null,
            "book_valuer_per_share": null,
            "book_valuer_per_share_4q_avg": 2.42,
            "equity": null,
            "current_ratio": null,
            "debt_ratio": null,
            "inventory_turnover_ratio": null,
            "account_receivable_turnover_ratio": null,
            "reinvestment_rate": null,
            "research_to_sale_ratio": null,
            "price_fair": 0,
            "eps_avg_yearly": 0,
            "eps_latest_yearly": 0,
            "eps_growth_yearly": 0
        },
        "20102": {
            "year_quarter": 20102,
            "year": 2010,
            "quarter": 2,
            "eps": null,
            "eps_growth_year": null,
            "eps_4q": null,
            "eps_4q_growth_year": null,
            "roe": null,
            "roe_4q": 0,
            "gross_profit": null,
            "gross_margin": null,
            "gross_margin_4q_avg": 0,
            "net_income": null,
            "net_income_4q": null,
            "revenue": null,
            "revenue_4q": null,
            "common_shares": 1000,
            "book_valuer_per_share": null,
            "book_valuer_per_share_4q_avg": 2.42,
            "equity": 391,
            "current_ratio": null,
            "debt_ratio": null,
            "inventory_turnover_ratio": null,
            "account_receivable_turnover_ratio": null,
            "reinvestment_rate": null,
            "research_to_sale_ratio": null,
            "price_fair": 0,
            "eps_avg_yearly": 0,
            "eps_latest_yearly": 0,
            "eps_growth_yearly": 0
        },
        "20103": {
            "year_quarter": 20103,
            "year": 2010,
            "quarter": 3,
            "eps": null,
            "eps_growth_year": null,
            "eps_4q": null,
            "eps_4q_growth_year": null,
            "roe": null,
            "roe_4q": 0,
            "gross_profit": null,
            "gross_margin": null,
            "gross_margin_4q_avg": 0,
            "net_income": null,
            "net_income_4q": null,
            "revenue": null,
            "revenue_4q": null,
            "common_shares": null,
            "book_valuer_per_share": null,
            "book_valuer_per_share_4q_avg": 2.42,
            "equity": null,
            "current_ratio": null,
            "debt_ratio": null,
            "inventory_turnover_ratio": null,
            "account_receivable_turnover_ratio": null,
            "reinvestment_rate": null,
            "research_to_sale_ratio": null,
            "price_fair": 0,
            "eps_avg_yearly": 0,
            "eps_latest_yearly": 0,
            "eps_growth_yearly": 0
        },
        "20104": {
            "year_quarter": 20104,
            "year": 2010,
            "quarter": 4,
            "eps": null,
            "eps_growth_year": null,
            "eps_4q": null,
            "eps_4q_growth_year": null,
            "roe": null,
            "roe_4q": 0,
            "gross_profit": null,
            "gross_margin": null,
            "gross_margin_4q_avg": 0,
            "net_income": null,
            "net_income_4q": null,
            "revenue": null,
            "revenue_4q": null,
            "common_shares": 410000,
            "book_valuer_per_share": 15.22,
            "book_valuer_per_share_4q_avg": 3.81,
            "equity": 623955,
            "current_ratio": 76.73,
            "debt_ratio": 72.24,
            "inventory_turnover_ratio": null,
            "account_receivable_turnover_ratio": null,
            "reinvestment_rate": null,
            "research_to_sale_ratio": null,
            "price_fair": 0,
            "eps_avg_yearly": 0,
            "eps_latest_yearly": 0,
            "eps_growth_yearly": 0
        },
        "20111": {
            "year_quarter": 20111,
            "year": 2011,
            "quarter": 1,
            "eps": null,
            "eps_growth_year": null,
            "eps_4q": null,
            "eps_4q_growth_year": null,
            "roe": null,
            "roe_4q": 0,
            "gross_profit": null,
            "gross_margin": null,
            "gross_margin_4q_avg": 0,
            "net_income": null,
            "net_income_4q": null,
            "revenue": null,
            "revenue_4q": null,
            "common_shares": null,
            "book_valuer_per_share": null,
            "book_valuer_per_share_4q_avg": 3.81,
            "equity": null,
            "current_ratio": null,
            "debt_ratio": null,
            "inventory_turnover_ratio": null,
            "account_receivable_turnover_ratio": null,
            "reinvestment_rate": null,
            "research_to_sale_ratio": null,
            "price_fair": 0,
            "eps_avg_yearly": 0,
            "eps_latest_yearly": 0,
            "eps_growth_yearly": 0
        },
        "20112": {
            "year_quarter": 20112,
            "year": 2011,
            "quarter": 2,
            "eps": null,
            "eps_growth_year": null,
            "eps_4q": null,
            "eps_4q_growth_year": null,
            "roe": null,
            "roe_4q": 0,
            "gross_profit": null,
            "gross_margin": null,
            "gross_margin_4q_avg": 0,
            "net_income": null,
            "net_income_4q": null,
            "revenue": null,
            "revenue_4q": null,
            "common_shares": 410000,
            "book_valuer_per_share": 16.99,
            "book_valuer_per_share_4q_avg": 8.05,
            "equity": 696680,
            "current_ratio": 74.83,
            "debt_ratio": 67.12,
            "inventory_turnover_ratio": null,
            "account_receivable_turnover_ratio": null,
            "reinvestment_rate": null,
            "research_to_sale_ratio": null,
            "price_fair": 0,
            "eps_avg_yearly": 0,
            "eps_latest_yearly": 0,
            "eps_growth_yearly": 0
        },
        "20113": {
            "year_quarter": 20113,
            "year": 2011,
            "quarter": 3,
            "eps": null,
            "eps_growth_year": null,
            "eps_4q": null,
            "eps_4q_growth_year": null,
            "roe": null,
            "roe_4q": 0,
            "gross_profit": 568623,
            "gross_margin": null,
            "gross_margin_4q_avg": 0,
            "net_income": 77690,
            "net_income_4q": null,
            "revenue": 2435799,
            "revenue_4q": null,
            "common_shares": 410000,
            "book_valuer_per_share": 18.89,
            "book_valuer_per_share_4q_avg": 12.78,
            "equity": 774370,
            "current_ratio": 79.23,
            "debt_ratio": 65.5,
            "inventory_turnover_ratio": null,
            "account_receivable_turnover_ratio": null,
            "reinvestment_rate": null,
            "research_to_sale_ratio": null,
            "price_fair": 0,
            "eps_avg_yearly": 0,
            "eps_latest_yearly": 0,
            "eps_growth_yearly": 0
        },
        "20114": {
            "year_quarter": 20114,
            "year": 2011,
            "quarter": 4,
            "eps": null,
            "eps_growth_year": null,
            "eps_4q": null,
            "eps_4q_growth_year": null,
            "roe": null,
            "roe_4q": 0,
            "gross_profit": 571040,
            "gross_margin": null,
            "gross_margin_4q_avg": 0,
            "net_income": 27950,
            "net_income_4q": null,
            "revenue": 2560530,
            "revenue_4q": null,
            "common_shares": 410000,
            "book_valuer_per_share": 19.58,
            "book_valuer_per_share_4q_avg": 13.87,
            "equity": 802699,
            "current_ratio": 87.61,
            "debt_ratio": 69.79,
            "inventory_turnover_ratio": null,
            "account_receivable_turnover_ratio": null,
            "reinvestment_rate": null,
            "research_to_sale_ratio": null,
            "price_fair": 0,
            "eps_avg_yearly": 0,
            "eps_latest_yearly": 0,
            "eps_growth_yearly": 0
        },
        "20121": {
            "year_quarter": 20121,
            "year": 2012,
            "quarter": 1,
            "eps": null,
            "eps_growth_year": null,
            "eps_4q": null,
            "eps_4q_growth_year": null,
            "roe": null,
            "roe_4q": 0,
            "gross_profit": 288700,
            "gross_margin": null,
            "gross_margin_4q_avg": 0,
            "net_income": 71555,
            "net_income_4q": null,
            "revenue": 714155,
            "revenue_4q": null,
            "common_shares": 410000,
            "book_valuer_per_share": null,
            "book_valuer_per_share_4q_avg": 13.87,
            "equity": 815410,
            "current_ratio": null,
            "debt_ratio": null,
            "inventory_turnover_ratio": null,
            "account_receivable_turnover_ratio": null,
            "reinvestment_rate": null,
            "research_to_sale_ratio": null,
            "price_fair": 0,
            "eps_avg_yearly": 0,
            "eps_latest_yearly": 0,
            "eps_growth_yearly": 0
        },
        "20122": {
            "year_quarter": 20122,
            "year": 2012,
            "quarter": 2,
            "eps": null,
            "eps_growth_year": null,
            "eps_4q": null,
            "eps_4q_growth_year": null,
            "roe": null,
            "roe_4q": 0,
            "gross_profit": 890629,
            "gross_margin": null,
            "gross_margin_4q_avg": 0,
            "net_income": 81928,
            "net_income_4q": null,
            "revenue": 4246850,
            "revenue_4q": null,
            "common_shares": 410000,
            "book_valuer_per_share": 18.51,
            "book_valuer_per_share_4q_avg": 14.25,
            "equity": 758945,
            "current_ratio": 81.01,
            "debt_ratio": 71.25,
            "inventory_turnover_ratio": null,
            "account_receivable_turnover_ratio": null,
            "reinvestment_rate": null,
            "research_to_sale_ratio": null,
            "price_fair": 0,
            "eps_avg_yearly": 0,
            "eps_latest_yearly": 0,
            "eps_growth_yearly": 0
        },
        "20123": {
            "year_quarter": 20123,
            "year": 2012,
            "quarter": 3,
            "eps": 2.12,
            "eps_growth_year": null,
            "eps_4q": 2.12,
            "eps_4q_growth_year": null,
            "roe": 10.82,
            "roe_4q": 10.82,
            "gross_profit": 654939,
            "gross_margin": 24.1,
            "gross_margin_4q_avg": 6.03,
            "net_income": 86732,
            "net_income_4q": null,
            "revenue": 2718107,
            "revenue_4q": null,
            "common_shares": 410000,
            "book_valuer_per_share": 20.6,
            "book_valuer_per_share_4q_avg": 14.67,
            "equity": 844671,
            "current_ratio": 85.99,
            "debt_ratio": 71.82,
            "inventory_turnover_ratio": 7.6,
            "account_receivable_turnover_ratio": 6.59,
            "reinvestment_rate": null,
            "research_to_sale_ratio": null,
            "price_fair": 0,
            "eps_avg_yearly": 0,
            "eps_latest_yearly": 0,
            "eps_growth_yearly": 0
        },
        "20124": {
            "year_quarter": 20124,
            "year": 2012,
            "quarter": 4,
            "eps": 1.03,
            "eps_growth_year": null,
            "eps_4q": 3.15,
            "eps_4q_growth_year": null,
            "roe": 4.88,
            "roe_4q": 15.7,
            "gross_profit": 690990,
            "gross_margin": 23.68,
            "gross_margin_4q_avg": 11.95,
            "net_income": 42251,
            "net_income_4q": null,
            "revenue": 2918042,
            "revenue_4q": null,
            "common_shares": 410000,
            "book_valuer_per_share": 21.63,
            "book_valuer_per_share_4q_avg": 15.19,
            "equity": 886748,
            "current_ratio": 86.42,
            "debt_ratio": 71.73,
            "inventory_turnover_ratio": 8.1,
            "account_receivable_turnover_ratio": 6.79,
            "reinvestment_rate": null,
            "research_to_sale_ratio": null,
            "price_fair": 12.36,
            "eps_avg_yearly": 4.12,
            "eps_latest_yearly": 4.12,
            "eps_growth_yearly": -205.66
        },
        "20131": {
            "year_quarter": 20131,
            "year": 2013,
            "quarter": 1,
            "eps": 1.89,
            "eps_growth_year": null,
            "eps_4q": 4.7,
            "eps_4q_growth_year": null,
            "roe": 7.13,
            "roe_4q": 22.83,
            "gross_profit": 339917,
            "gross_margin": 41.36,
            "gross_margin_4q_avg": 22.29,
            "net_income": 83083,
            "net_income_4q": null,
            "revenue": 821800,
            "revenue_4q": null,
            "common_shares": 451330,
            "book_valuer_per_share": 31.98,
            "book_valuer_per_share_4q_avg": 23.18,
            "equity": 1443420,
            "current_ratio": 122.26,
            "debt_ratio": 61.34,
            "inventory_turnover_ratio": 1.77,
            "account_receivable_turnover_ratio": 1.96,
            "reinvestment_rate": null,
            "research_to_sale_ratio": null,
            "price_fair": 204.4,
            "eps_avg_yearly": 5.84,
            "eps_latest_yearly": 7.56,
            "eps_growth_yearly": 64.16
        },
        "20132": {
            "year_quarter": 20132,
            "year": 2013,
            "quarter": 2,
            "eps": 1.39,
            "eps_growth_year": null,
            "eps_4q": 6.09,
            "eps_4q_growth_year": null,
            "roe": 4.66,
            "roe_4q": 27.49,
            "gross_profit": 325514,
            "gross_margin": 41.51,
            "gross_margin_4q_avg": 32.66,
            "net_income": 62850,
            "net_income_4q": null,
            "revenue": 784091,
            "revenue_4q": null,
            "common_shares": 451330,
            "book_valuer_per_share": 27.78,
            "book_valuer_per_share_4q_avg": 25.5,
            "equity": 1253665,
            "current_ratio": 110.58,
            "debt_ratio": 65.81,
            "inventory_turnover_ratio": 1.59,
            "account_receivable_turnover_ratio": 1.8,
            "reinvestment_rate": null,
            "research_to_sale_ratio": null,
            "price_fair": 100.57,
            "eps_avg_yearly": 5.75,
            "eps_latest_yearly": 5.56,
            "eps_growth_yearly": 7.5
        },
        "20133": {
            "year_quarter": 20133,
            "year": 2013,
            "quarter": 3,
            "eps": 1.95,
            "eps_growth_year": -7.82,
            "eps_4q": 6.12,
            "eps_4q_growth_year": 189.49,
            "roe": 6.8,
            "roe_4q": 23.47,
            "gross_profit": 387116,
            "gross_margin": 43.54,
            "gross_margin_4q_avg": 37.52,
            "net_income": 88205,
            "net_income_4q": null,
            "revenue": 889171,
            "revenue_4q": null,
            "common_shares": 451330,
            "book_valuer_per_share": 29.72,
            "book_valuer_per_share_4q_avg": 27.78,
            "equity": 1341304,
            "current_ratio": 102.53,
            "debt_ratio": 63.54,
            "inventory_turnover_ratio": 1.64,
            "account_receivable_turnover_ratio": 2.08,
            "reinvestment_rate": null,
            "research_to_sale_ratio": null,
            "price_fair": 219.1,
            "eps_avg_yearly": 6.26,
            "eps_latest_yearly": 7.8,
            "eps_growth_yearly": 45.91
        },
        "20134": {
            "year_quarter": 20134,
            "year": 2013,
            "quarter": 4,
            "eps": 1.49,
            "eps_growth_year": 44.24,
            "eps_4q": 6.67,
            "eps_4q_growth_year": 112.15,
            "roe": 4.85,
            "roe_4q": 23.439999999999998,
            "gross_profit": 415248,
            "gross_margin": 43.29,
            "gross_margin_4q_avg": 42.43,
            "net_income": 67088,
            "net_income_4q": null,
            "revenue": 959129,
            "revenue_4q": null,
            "common_shares": 451330,
            "book_valuer_per_share": 31.52,
            "book_valuer_per_share_4q_avg": 30.25,
            "equity": 1422681,
            "current_ratio": 93.05,
            "debt_ratio": 64.3,
            "inventory_turnover_ratio": 1.82,
            "account_receivable_turnover_ratio": 2.12,
            "reinvestment_rate": null,
            "research_to_sale_ratio": null,
            "price_fair": 172.72,
            "eps_avg_yearly": 6.2,
            "eps_latest_yearly": 5.96,
            "eps_growth_yearly": 17.86
        },
        "20141": {
            "year_quarter": 20141,
            "year": 2014,
            "quarter": 1,
            "eps": 2.09,
            "eps_growth_year": 10.58,
            "eps_4q": 6.92,
            "eps_4q_growth_year": 47.28,
            "roe": 6.41,
            "roe_4q": 22.72,
            "gross_profit": 388762,
            "gross_margin": 44.88,
            "gross_margin_4q_avg": 43.31,
            "net_income": 94187,
            "net_income_4q": null,
            "revenue": 866269,
            "revenue_4q": null,
            "common_shares": 451330,
            "book_valuer_per_share": 33.61,
            "book_valuer_per_share_4q_avg": 30.66,
            "equity": 1516745,
            "current_ratio": 99.44,
            "debt_ratio": 60.61,
            "inventory_turnover_ratio": 1.61,
            "account_receivable_turnover_ratio": 1.79,
            "reinvestment_rate": null,
            "research_to_sale_ratio": null,
            "price_fair": 229.6,
            "eps_avg_yearly": 6.56,
            "eps_latest_yearly": 8.36,
            "eps_growth_yearly": 41.73
        },
        "20142": {
            "year_quarter": 20142,
            "year": 2014,
            "quarter": 2,
            "eps": 1.35,
            "eps_growth_year": -2.88,
            "eps_4q": 6.87,
            "eps_4q_growth_year": 12.86,
            "roe": 4.31,
            "roe_4q": 22.369999999999997,
            "gross_profit": 358176,
            "gross_margin": 44.35,
            "gross_margin_4q_avg": 44.02,
            "net_income": 60792,
            "net_income_4q": null,
            "revenue": 807532,
            "revenue_4q": null,
            "common_shares": 451330,
            "book_valuer_per_share": 28.92,
            "book_valuer_per_share_4q_avg": 30.94,
            "equity": 1305092,
            "current_ratio": 90.91,
            "debt_ratio": 66.46,
            "inventory_turnover_ratio": 1.44,
            "account_receivable_turnover_ratio": 1.92,
            "reinvestment_rate": null,
            "research_to_sale_ratio": null,
            "price_fair": 163.27,
            "eps_avg_yearly": 6.39,
            "eps_latest_yearly": 5.4,
            "eps_growth_yearly": 15.53
        },
        "20143": {
            "year_quarter": 20143,
            "year": 2014,
            "quarter": 3,
            "eps": 1.88,
            "eps_growth_year": -3.59,
            "eps_4q": 6.8,
            "eps_4q_growth_year": 11.05,
            "roe": 6.29,
            "roe_4q": 21.86,
            "gross_profit": 410195,
            "gross_margin": 45.57,
            "gross_margin_4q_avg": 44.52,
            "net_income": 84866,
            "net_income_4q": null,
            "revenue": 900054,
            "revenue_4q": null,
            "common_shares": 451330,
            "book_valuer_per_share": 30.84,
            "book_valuer_per_share_4q_avg": 31.22,
            "equity": 1391938,
            "current_ratio": 95.65,
            "debt_ratio": 63.77,
            "inventory_turnover_ratio": 1.54,
            "account_receivable_turnover_ratio": 2.27,
            "reinvestment_rate": null,
            "research_to_sale_ratio": null,
            "price_fair": 228.73,
            "eps_avg_yearly": 6.54,
            "eps_latest_yearly": 7.52,
            "eps_growth_yearly": 33.22
        },
        "20144": {
            "year_quarter": 20144,
            "year": 2014,
            "quarter": 4,
            "eps": 2.86,
            "eps_growth_year": 92.31,
            "eps_4q": 8.17,
            "eps_4q_growth_year": 22.45,
            "roe": 8.95,
            "roe_4q": 25.959999999999997,
            "gross_profit": 427382,
            "gross_margin": 45.7,
            "gross_margin_4q_avg": 45.13,
            "net_income": 129020,
            "net_income_4q": null,
            "revenue": 935220,
            "revenue_4q": null,
            "common_shares": 451330,
            "book_valuer_per_share": 33.04,
            "book_valuer_per_share_4q_avg": 31.6,
            "equity": 1491142,
            "current_ratio": 117.47,
            "debt_ratio": 66.65,
            "inventory_turnover_ratio": 1.62,
            "account_receivable_turnover_ratio": 2.13,
            "reinvestment_rate": null,
            "research_to_sale_ratio": null,
            "price_fair": 247.8,
            "eps_avg_yearly": 7.08,
            "eps_latest_yearly": 11.44,
            "eps_growth_yearly": 52.7
        },
        "20151": {
            "year_quarter": 20151,
            "year": 2015,
            "quarter": 1,
            "eps": 2.4,
            "eps_growth_year": 14.83,
            "eps_4q": 8.49,
            "eps_4q_growth_year": 22.62,
            "roe": 7.01,
            "roe_4q": 26.56,
            "gross_profit": 423558,
            "gross_margin": 47.29,
            "gross_margin_4q_avg": 45.73,
            "net_income": 108292,
            "net_income_4q": null,
            "revenue": 895685,
            "revenue_4q": null,
            "common_shares": 451330,
            "book_valuer_per_share": 35.42,
            "book_valuer_per_share_4q_avg": 32.06,
            "equity": 1598577,
            "current_ratio": 126.65,
            "debt_ratio": 62.76,
            "inventory_turnover_ratio": 1.5,
            "account_receivable_turnover_ratio": 1.99,
            "reinvestment_rate": null,
            "research_to_sale_ratio": null,
            "price_fair": 256.62,
            "eps_avg_yearly": 7.33,
            "eps_latest_yearly": 9.6,
            "eps_growth_yearly": 41
        },
        "20152": {
            "year_quarter": 20152,
            "year": 2015,
            "quarter": 2,
            "eps": 1.52,
            "eps_growth_year": 12.59,
            "eps_4q": 8.66,
            "eps_4q_growth_year": 25.94,
            "roe": 4.65,
            "roe_4q": 26.9,
            "gross_profit": 369163,
            "gross_margin": 44.58,
            "gross_margin_4q_avg": 45.79,
            "net_income": 68579,
            "net_income_4q": null,
            "revenue": 828017,
            "revenue_4q": null,
            "common_shares": 451330,
            "book_valuer_per_share": 29.99,
            "book_valuer_per_share_4q_avg": 32.32,
            "equity": 1353586,
            "current_ratio": 114.21,
            "debt_ratio": 66.55,
            "inventory_turnover_ratio": 1.34,
            "account_receivable_turnover_ratio": 1.99,
            "reinvestment_rate": 14.3,
            "research_to_sale_ratio": null,
            "price_fair": 244.95,
            "eps_avg_yearly": 7.22,
            "eps_latest_yearly": 6.08,
            "eps_growth_yearly": 23.93
        },
        "20153": {
            "year_quarter": 20153,
            "year": 2015,
            "quarter": 3,
            "eps": 2.18,
            "eps_growth_year": 15.96,
            "eps_4q": 8.96,
            "eps_4q_growth_year": 31.72,
            "roe": 7.01,
            "roe_4q": 27.62,
            "gross_profit": 427627,
            "gross_margin": 44.4,
            "gross_margin_4q_avg": 45.49,
            "net_income": 98392,
            "net_income_4q": null,
            "revenue": 963152,
            "revenue_4q": null,
            "common_shares": 451330,
            "book_valuer_per_share": 32.22,
            "book_valuer_per_share_4q_avg": 32.67,
            "equity": 1454006,
            "current_ratio": 120.06,
            "debt_ratio": 64.32,
            "inventory_turnover_ratio": 1.46,
            "account_receivable_turnover_ratio": 2.22,
            "reinvestment_rate": 20.15,
            "research_to_sale_ratio": null,
            "price_fair": 257.02,
            "eps_avg_yearly": 7.34,
            "eps_latest_yearly": 8.72,
            "eps_growth_yearly": 36.41
        },
        "20154": {
            "year_quarter": 20154,
            "year": 2015,
            "quarter": 4,
            "eps": 3.02,
            "eps_growth_year": 5.68,
            "eps_4q": 9.12,
            "eps_4q_growth_year": 11.59,
            "roe": 9,
            "roe_4q": 27.669999999999995,
            "gross_profit": 533274,
            "gross_margin": 46.9,
            "gross_margin_4q_avg": 45.79,
            "net_income": 136351,
            "net_income_4q": null,
            "revenue": 1137024,
            "revenue_4q": null,
            "common_shares": 451330,
            "book_valuer_per_share": 34.92,
            "book_valuer_per_share_4q_avg": 33.14,
            "equity": 1576218,
            "current_ratio": 117.47,
            "debt_ratio": 65.58,
            "inventory_turnover_ratio": 1.71,
            "account_receivable_turnover_ratio": 2.18,
            "reinvestment_rate": 23.46,
            "research_to_sale_ratio": null,
            "price_fair": 269.77,
            "eps_avg_yearly": 7.71,
            "eps_latest_yearly": 12.08,
            "eps_growth_yearly": 45.47
        },
        "20161": {
            "year_quarter": 20161,
            "year": 2016,
            "quarter": 1,
            "eps": 2.92,
            "eps_growth_year": 21.67,
            "eps_4q": 9.64,
            "eps_4q_growth_year": 13.63,
            "roe": 8.04,
            "roe_4q": 28.699999999999996,
            "gross_profit": 543934,
            "gross_margin": 50.25,
            "gross_margin_4q_avg": 46.53,
            "net_income": 131858,
            "net_income_4q": null,
            "revenue": 1082504,
            "revenue_4q": null,
            "common_shares": 451330,
            "book_valuer_per_share": 37.75,
            "book_valuer_per_share_4q_avg": 33.72,
            "equity": 1703728,
            "current_ratio": 118.07,
            "debt_ratio": 61.77,
            "inventory_turnover_ratio": 1.57,
            "account_receivable_turnover_ratio": 1.94,
            "reinvestment_rate": 40.42,
            "research_to_sale_ratio": null,
            "price_fair": 279.7,
            "eps_avg_yearly": 7.99,
            "eps_latest_yearly": 11.68,
            "eps_growth_yearly": 41.28
        },
        "20162": {
            "year_quarter": 20162,
            "year": 2016,
            "quarter": 2,
            "eps": 2,
            "eps_growth_year": 31.58,
            "eps_4q": 9.74,
            "eps_4q_growth_year": 12.45,
            "roe": 6,
            "roe_4q": 30.049999999999997,
            "gross_profit": 495638,
            "gross_margin": 49.1,
            "gross_margin_4q_avg": 47.66,
            "net_income": 94775,
            "net_income_4q": null,
            "revenue": 1009503,
            "revenue_4q": null,
            "common_shares": 451330,
            "book_valuer_per_share": 32.22,
            "book_valuer_per_share_4q_avg": 34.28,
            "equity": 1454372,
            "current_ratio": 106.94,
            "debt_ratio": 67.53,
            "inventory_turnover_ratio": 1.45,
            "account_receivable_turnover_ratio": 1.98,
            "reinvestment_rate": 30.79,
            "research_to_sale_ratio": null,
            "price_fair": 279.72,
            "eps_avg_yearly": 7.99,
            "eps_latest_yearly": 8,
            "eps_growth_yearly": 30.12
        },
        "20163": {
            "year_quarter": 20163,
            "year": 2016,
            "quarter": 3,
            "eps": 2.51,
            "eps_growth_year": 15.14,
            "eps_4q": 10.17,
            "eps_4q_growth_year": 13.53,
            "roe": 7.88,
            "roe_4q": 30.919999999999998,
            "gross_profit": 512029,
            "gross_margin": 48.37,
            "gross_margin_4q_avg": 48.66,
            "net_income": 118928,
            "net_income_4q": null,
            "revenue": 1058518,
            "revenue_4q": null,
            "common_shares": 473897,
            "book_valuer_per_share": 33.02,
            "book_valuer_per_share_4q_avg": 34.48,
            "equity": 1564940,
            "current_ratio": 112.29,
            "debt_ratio": 63.29,
            "inventory_turnover_ratio": 1.51,
            "account_receivable_turnover_ratio": 2.2,
            "reinvestment_rate": 27.45,
            "research_to_sale_ratio": null,
            "price_fair": 284.2,
            "eps_avg_yearly": 8.12,
            "eps_latest_yearly": 10.04,
            "eps_growth_yearly": 34.61
        },
        "20164": {
            "year_quarter": 20164,
            "year": 2016,
            "quarter": 4,
            "eps": 1.58,
            "eps_growth_year": -47.54,
            "eps_4q": 8.88,
            "eps_4q_growth_year": -2.67,
            "roe": 4.69,
            "roe_4q": 26.61,
            "gross_profit": 488079,
            "gross_margin": 43.9,
            "gross_margin_4q_avg": 47.91,
            "net_income": 75102,
            "net_income_4q": null,
            "revenue": 1111733,
            "revenue_4q": null,
            "common_shares": 473897,
            "book_valuer_per_share": 34.61,
            "book_valuer_per_share_4q_avg": 34.4,
            "equity": 1640024,
            "current_ratio": 115.19,
            "debt_ratio": 66.06,
            "inventory_turnover_ratio": 1.72,
            "account_receivable_turnover_ratio": 2.08,
            "reinvestment_rate": 21.14,
            "research_to_sale_ratio": null,
            "price_fair": 289.01,
            "eps_avg_yearly": 8.26,
            "eps_latest_yearly": 6.32,
            "eps_growth_yearly": 38.2
        },
        "20171": {
            "year_quarter": 20171,
            "year": 2017,
            "quarter": 1,
            "eps": 2.75,
            "eps_growth_year": -5.82,
            "eps_4q": 8.84,
            "eps_4q_growth_year": -8.31,
            "roe": 7.67,
            "roe_4q": 26.24,
            "gross_profit": 492946,
            "gross_margin": 46.11,
            "gross_margin_4q_avg": 46.87,
            "net_income": 130170,
            "net_income_4q": null,
            "revenue": 1068960,
            "revenue_4q": null,
            "common_shares": 473897,
            "book_valuer_per_share": 37,
            "book_valuer_per_share_4q_avg": 34.21,
            "equity": 1753384,
            "current_ratio": 129.53,
            "debt_ratio": 59.39,
            "inventory_turnover_ratio": 1.58,
            "account_receivable_turnover_ratio": 2.11,
            "reinvestment_rate": 19.23,
            "research_to_sale_ratio": null,
            "price_fair": 296.54,
            "eps_avg_yearly": 8.47,
            "eps_latest_yearly": 11,
            "eps_growth_yearly": 35.84
        },
        "20172": {
            "year_quarter": 20172,
            "year": 2017,
            "quarter": 2,
            "eps": 1.8,
            "eps_growth_year": -10,
            "eps_4q": 8.64,
            "eps_4q_growth_year": -11.22,
            "roe": 5.29,
            "roe_4q": 25.53,
            "gross_profit": 439909,
            "gross_margin": 43.96,
            "gross_margin_4q_avg": 45.59,
            "net_income": 85401,
            "net_income_4q": null,
            "revenue": 1000739,
            "revenue_4q": null,
            "common_shares": 473897,
            "book_valuer_per_share": 31.15,
            "book_valuer_per_share_4q_avg": 33.95,
            "equity": 1476301,
            "current_ratio": 113,
            "debt_ratio": 67.77,
            "inventory_turnover_ratio": 1.48,
            "account_receivable_turnover_ratio": 2.3,
            "reinvestment_rate": 13.63,
            "research_to_sale_ratio": null,
            "price_fair": 300.13,
            "eps_avg_yearly": 8.58,
            "eps_latest_yearly": 7.2,
            "eps_growth_yearly": 33.82
        },
        "20173": {
            "year_quarter": 20173,
            "year": 2017,
            "quarter": 3,
            "eps": 2.51,
            "eps_growth_year": 0,
            "eps_4q": 8.65,
            "eps_4q_growth_year": -14.96,
            "roe": 7.76,
            "roe_4q": 25.41,
            "gross_profit": 487463,
            "gross_margin": 46.01,
            "gross_margin_4q_avg": 45,
            "net_income": 119136,
            "net_income_4q": null,
            "revenue": 1059493,
            "revenue_4q": null,
            "common_shares": 473897,
            "book_valuer_per_share": 33.66,
            "book_valuer_per_share_4q_avg": 34.11,
            "equity": 1595129,
            "current_ratio": 122.44,
            "debt_ratio": 63.33,
            "inventory_turnover_ratio": 1.44,
            "account_receivable_turnover_ratio": 2.33,
            "reinvestment_rate": -5.38,
            "research_to_sale_ratio": null,
            "price_fair": 305.03,
            "eps_avg_yearly": 8.72,
            "eps_latest_yearly": 10.04,
            "eps_growth_yearly": 33.61
        },
        "20174": {
            "year_quarter": 20174,
            "year": 2017,
            "quarter": 4,
            "eps": 1.86,
            "eps_growth_year": 17.28,
            "eps_4q": 8.92,
            "eps_4q_growth_year": 0.5,
            "roe": 5.38,
            "roe_4q": 26.1,
            "gross_profit": 504339,
            "gross_margin": 43.93,
            "gross_margin_4q_avg": 45,
            "net_income": 88077,
            "net_income_4q": null,
            "revenue": 1148168,
            "revenue_4q": null,
            "common_shares": 473897,
            "book_valuer_per_share": 35.38,
            "book_valuer_per_share_4q_avg": 34.3,
            "equity": 1676465,
            "current_ratio": 122.29,
            "debt_ratio": 66.5,
            "inventory_turnover_ratio": 1.58,
            "account_receivable_turnover_ratio": 2.06,
            "reinvestment_rate": -22.74,
            "research_to_sale_ratio": null,
            "price_fair": 308.26,
            "eps_avg_yearly": 8.81,
            "eps_latest_yearly": 7.44,
            "eps_growth_yearly": 33.03
        },
        "20181": {
            "year_quarter": 20181,
            "year": 2018,
            "quarter": 1,
            "eps": 2.89,
            "eps_growth_year": 5.09,
            "eps_4q": 9.07,
            "eps_4q_growth_year": 2.55,
            "roe": 7.86,
            "roe_4q": 26.29,
            "gross_profit": 516864,
            "gross_margin": 47.68,
            "gross_margin_4q_avg": 45.4,
            "net_income": 137064,
            "net_income_4q": null,
            "revenue": 1083966,
            "revenue_4q": null,
            "common_shares": 473897,
            "book_valuer_per_share": 38.22,
            "book_valuer_per_share_4q_avg": 34.6,
            "equity": 1811133,
            "current_ratio": 138.37,
            "debt_ratio": 59.71,
            "inventory_turnover_ratio": 1.39,
            "account_receivable_turnover_ratio": 2,
            "reinvestment_rate": -26.01,
            "research_to_sale_ratio": null,
            "price_fair": 315.26,
            "eps_avg_yearly": 9.01,
            "eps_latest_yearly": 11.56,
            "eps_growth_yearly": 36.81
        },
        "20182": {
            "year_quarter": 20182,
            "year": 2018,
            "quarter": 2,
            "eps": 1.58,
            "eps_growth_year": -12.22,
            "eps_4q": 8.84,
            "eps_4q_growth_year": 2.31,
            "roe": 4.46,
            "roe_4q": 25.46,
            "gross_profit": 446462,
            "gross_margin": 42.9,
            "gross_margin_4q_avg": 45.13,
            "net_income": 74798,
            "net_income_4q": null,
            "revenue": 1040817,
            "revenue_4q": null,
            "common_shares": 473897,
            "book_valuer_per_share": 32.45,
            "book_valuer_per_share_4q_avg": 34.93,
            "equity": 1542426,
            "current_ratio": 117.24,
            "debt_ratio": 68.84,
            "inventory_turnover_ratio": 1.46,
            "account_receivable_turnover_ratio": 2.15,
            "reinvestment_rate": -25.14,
            "research_to_sale_ratio": null,
            "price_fair": 317.28,
            "eps_avg_yearly": 9.07,
            "eps_latest_yearly": 6.32,
            "eps_growth_yearly": 34.33
        },
        "20183": {
            "year_quarter": 20183,
            "year": 2018,
            "quarter": 3,
            "eps": 1.02,
            "eps_growth_year": -59.36,
            "eps_4q": 7.35,
            "eps_4q_growth_year": -14.99,
            "roe": 3.02,
            "roe_4q": 20.72,
            "gross_profit": 454828,
            "gross_margin": 41.26,
            "gross_margin_4q_avg": 43.94,
            "net_income": 47606,
            "net_income_4q": null,
            "revenue": 1102380,
            "revenue_4q": null,
            "common_shares": 473897,
            "book_valuer_per_share": 33.42,
            "book_valuer_per_share_4q_avg": 34.87,
            "equity": 1605785,
            "current_ratio": 111.49,
            "debt_ratio": 67.69,
            "inventory_turnover_ratio": 1.53,
            "account_receivable_turnover_ratio": 1.87,
            "reinvestment_rate": -8.51,
            "research_to_sale_ratio": null,
            "price_fair": 227.04,
            "eps_avg_yearly": 8.85,
            "eps_latest_yearly": 4.08,
            "eps_growth_yearly": 15.65
        },
        "20184": {
            "year_quarter": 20184,
            "year": 2018,
            "quarter": 4,
            "eps": 1.82,
            "eps_growth_year": -1.82,
            "eps_4q": 7.32,
            "eps_4q_growth_year": -17.98,
            "roe": 5.17,
            "roe_4q": 20.509999999999998,
            "gross_profit": 570357,
            "gross_margin": 44.67,
            "gross_margin_4q_avg": 44.13,
            "net_income": 85423,
            "net_income_4q": null,
            "revenue": 1276683,
            "revenue_4q": null,
            "common_shares": 473897,
            "book_valuer_per_share": 35.4,
            "book_valuer_per_share_4q_avg": 34.87,
            "equity": 1698505,
            "current_ratio": 104.65,
            "debt_ratio": 70.08,
            "inventory_turnover_ratio": 1.58,
            "account_receivable_turnover_ratio": 1.82,
            "reinvestment_rate": 34.14,
            "research_to_sale_ratio": null,
            "price_fair": 276.86,
            "eps_avg_yearly": 8.59,
            "eps_latest_yearly": 7.28,
            "eps_growth_yearly": 22.23
        },
        "20191": {
            "year_quarter": 20191,
            "year": 2019,
            "quarter": 1,
            "eps": 1.64,
            "eps_growth_year": -43.25,
            "eps_4q": 6.06,
            "eps_4q_growth_year": -33.12,
            "roe": 4.9,
            "roe_4q": 17.55,
            "gross_profit": 614516,
            "gross_margin": 47.52,
            "gross_margin_4q_avg": 44.09,
            "net_income": 77395,
            "net_income_4q": null,
            "revenue": 1293232,
            "revenue_4q": null,
            "common_shares": 473897,
            "book_valuer_per_share": 30.36,
            "book_valuer_per_share_4q_avg": 32.91,
            "equity": 1459785,
            "current_ratio": 74.02,
            "debt_ratio": 91.82,
            "inventory_turnover_ratio": 1.46,
            "account_receivable_turnover_ratio": 1.78,
            "reinvestment_rate": 33.27,
            "research_to_sale_ratio": null,
            "price_fair": 283.74,
            "eps_avg_yearly": 8.4,
            "eps_latest_yearly": 6.56,
            "eps_growth_yearly": 23.78
        },
        "20192": {
            "year_quarter": 20192,
            "year": 2019,
            "quarter": 2,
            "eps": 0.93,
            "eps_growth_year": -41.14,
            "eps_4q": 5.42,
            "eps_4q_growth_year": -38.75,
            "roe": 3.2,
            "roe_4q": 16.290000000000003,
            "gross_profit": 580507,
            "gross_margin": 46.26,
            "gross_margin_4q_avg": 44.93,
            "net_income": 42338,
            "net_income_4q": null,
            "revenue": 1254928,
            "revenue_4q": null,
            "common_shares": 473897,
            "book_valuer_per_share": 24.57,
            "book_valuer_per_share_4q_avg": 30.94,
            "equity": 1183601,
            "current_ratio": 71.7,
            "debt_ratio": 93.26,
            "inventory_turnover_ratio": 1.37,
            "account_receivable_turnover_ratio": 1.79,
            "reinvestment_rate": 32.24,
            "research_to_sale_ratio": null,
            "price_fair": 265.09,
            "eps_avg_yearly": 8.25,
            "eps_latest_yearly": 3.72,
            "eps_growth_yearly": 22.12
        },
        "20193": {
            "year_quarter": 20193,
            "year": 2019,
            "quarter": 3,
            "eps": 1.31,
            "eps_growth_year": 28.43,
            "eps_4q": 5.71,
            "eps_4q_growth_year": -22.36,
            "roe": 5.01,
            "roe_4q": 18.28,
            "gross_profit": 601659,
            "gross_margin": 46.52,
            "gross_margin_4q_avg": 46.24,
            "net_income": 60740,
            "net_income_4q": null,
            "revenue": 1293450,
            "revenue_4q": null,
            "common_shares": 473897,
            "book_valuer_per_share": 25.81,
            "book_valuer_per_share_4q_avg": 29.04,
            "equity": 1240917,
            "current_ratio": 68.35,
            "debt_ratio": 92.64,
            "inventory_turnover_ratio": 1.29,
            "account_receivable_turnover_ratio": 1.78,
            "reinvestment_rate": 29.06,
            "research_to_sale_ratio": null,
            "price_fair": 252.96,
            "eps_avg_yearly": 8.04,
            "eps_latest_yearly": 5.24,
            "eps_growth_yearly": 21.48
        },
        "20194": {
            "year_quarter": 20194,
            "year": 2019,
            "quarter": 4,
            "eps": 1.04,
            "eps_growth_year": -43.03,
            "eps_4q": 4.92,
            "eps_4q_growth_year": -32.73,
            "roe": 3.73,
            "roe_4q": 16.840000000000003,
            "gross_profit": 672633,
            "gross_margin": 45.38,
            "gross_margin_4q_avg": 46.42,
            "net_income": 47134,
            "net_income_4q": null,
            "revenue": 1482079,
            "revenue_4q": null,
            "common_shares": 473897,
            "book_valuer_per_share": 26.74,
            "book_valuer_per_share_4q_avg": 26.87,
            "equity": 1289443,
            "current_ratio": 71.41,
            "debt_ratio": 91.94,
            "inventory_turnover_ratio": 1.42,
            "account_receivable_turnover_ratio": 2.17,
            "reinvestment_rate": 10.48,
            "research_to_sale_ratio": null,
            "price_fair": 125.89,
            "eps_avg_yearly": 7.54,
            "eps_latest_yearly": 4.16,
            "eps_growth_yearly": 6.7
        },
        "20201": {
            "year_quarter": 20201,
            "year": 2020,
            "quarter": 1,
            "eps": 0.15,
            "eps_growth_year": -90.85,
            "eps_4q": 3.43,
            "eps_4q_growth_year": -43.37,
            "roe": 0.43,
            "roe_4q": 12.370000000000001,
            "gross_profit": 460021,
            "gross_margin": 40.26,
            "gross_margin_4q_avg": 44.61,
            "net_income": 5536,
            "net_income_4q": null,
            "revenue": 1142668,
            "revenue_4q": null,
            "common_shares": 473897,
            "book_valuer_per_share": 26.96,
            "book_valuer_per_share_4q_avg": 26.02,
            "equity": 1298401,
            "current_ratio": 69.29,
            "debt_ratio": 91.39,
            "inventory_turnover_ratio": 1.19,
            "account_receivable_turnover_ratio": 2.03,
            "reinvestment_rate": -7.11,
            "research_to_sale_ratio": null,
            "price_fair": 20.54,
            "eps_avg_yearly": 6.85,
            "eps_latest_yearly": 0.6,
            "eps_growth_yearly": -13.87
        },
        "20202": {
            "year_quarter": 20202,
            "year": 2020,
            "quarter": 2,
            "eps": -0.47,
            "eps_growth_year": -150.54,
            "eps_4q": 2.03,
            "eps_4q_growth_year": -62.49,
            "roe": -1.97,
            "roe_4q": 7.199999999999999,
            "gross_profit": 399060,
            "gross_margin": 38.57,
            "gross_margin_4q_avg": 42.68,
            "net_income": -23296,
            "net_income_4q": null,
            "revenue": 1034640,
            "revenue_4q": null,
            "common_shares": 473897,
            "book_valuer_per_share": 22.18,
            "book_valuer_per_share_4q_avg": 25.42,
            "equity": 1070854,
            "current_ratio": 69.65,
            "debt_ratio": 92.99,
            "inventory_turnover_ratio": 1.09,
            "account_receivable_turnover_ratio": 1.92,
            "reinvestment_rate": -12.66,
            "research_to_sale_ratio": null,
            "price_fair": 20.31,
            "eps_avg_yearly": 6.77,
            "eps_latest_yearly": 0.6,
            "eps_growth_yearly": -6.39
        },
        "20203": {
            "year_quarter": 20203,
            "year": 2020,
            "quarter": 3,
            "eps": 0.75,
            "eps_growth_year": -42.75,
            "eps_4q": 1.47,
            "eps_4q_growth_year": -74.28,
            "roe": 3.14,
            "roe_4q": 5.33,
            "gross_profit": 478755,
            "gross_margin": 42.34,
            "gross_margin_4q_avg": 41.64,
            "net_income": 34061,
            "net_income_4q": null,
            "revenue": 1130791,
            "revenue_4q": null,
            "common_shares": 473897,
            "book_valuer_per_share": 22.83,
            "book_valuer_per_share_4q_avg": 24.68,
            "equity": 1100203,
            "current_ratio": 70.44,
            "debt_ratio": 91.79,
            "inventory_turnover_ratio": 1.06,
            "account_receivable_turnover_ratio": 2.05,
            "reinvestment_rate": -24.31,
            "research_to_sale_ratio": null,
            "price_fair": 19.61,
            "eps_avg_yearly": 6.54,
            "eps_latest_yearly": 0.6,
            "eps_growth_yearly": -14.14
        },
        "20204": {
            "year_quarter": 20204,
            "year": 2020,
            "quarter": 4,
            "eps": 0.73,
            "eps_growth_year": -29.45,
            "eps_4q": 1.16,
            "eps_4q_growth_year": -76.39,
            "roe": 3.05,
            "roe_4q": 4.6499999999999995,
            "gross_profit": 505537,
            "gross_margin": 40.88,
            "gross_margin_4q_avg": 40.51,
            "net_income": 33998,
            "net_income_4q": null,
            "revenue": 1236606,
            "revenue_4q": null,
            "common_shares": 473897,
            "book_valuer_per_share": 23.51,
            "book_valuer_per_share_4q_avg": 23.87,
            "equity": 1131872,
            "current_ratio": 71.02,
            "debt_ratio": 92.19,
            "inventory_turnover_ratio": 1.15,
            "account_receivable_turnover_ratio": 2.19,
            "reinvestment_rate": -14.85,
            "research_to_sale_ratio": null,
            "price_fair": 18.88,
            "eps_avg_yearly": 6.29,
            "eps_latest_yearly": 2.92,
            "eps_growth_yearly": -4.31
        },
        "20211": {
            "year_quarter": 20211,
            "year": 2021,
            "quarter": 1,
            "eps": -0.59,
            "eps_growth_year": -493.33,
            "eps_4q": 0.42,
            "eps_4q_growth_year": -87.79,
            "roe": -2.63,
            "roe_4q": 1.59,
            "gross_profit": 420199,
            "gross_margin": 36.28,
            "gross_margin_4q_avg": 39.52,
            "net_income": -28852,
            "net_income_4q": null,
            "revenue": 1158311,
            "revenue_4q": null,
            "common_shares": 473897,
            "book_valuer_per_share": 22.04,
            "book_valuer_per_share_4q_avg": 22.64,
            "equity": 1060569,
            "current_ratio": 64.55,
            "debt_ratio": 92.3,
            "inventory_turnover_ratio": 1.13,
            "account_receivable_turnover_ratio": 1.93,
            "reinvestment_rate": -2.03,
            "research_to_sale_ratio": null,
            "price_fair": 17.8,
            "eps_avg_yearly": 5.93,
            "eps_latest_yearly": 2.92,
            "eps_growth_yearly": -27.43
        },
        "20212": {
            "year_quarter": 20212,
            "year": 2021,
            "quarter": 2,
            "eps": -2.09,
            "eps_growth_year": null,
            "eps_4q": -1.2,
            "eps_4q_growth_year": -158.97,
            "roe": -10.11,
            "roe_4q": -6.549999999999997,
            "gross_profit": 326538,
            "gross_margin": 30.51,
            "gross_margin_4q_avg": 37.5,
            "net_income": -101718,
            "net_income_4q": null,
            "revenue": 1070220,
            "revenue_4q": null,
            "common_shares": 473897,
            "book_valuer_per_share": 19.81,
            "book_valuer_per_share_4q_avg": 22.05,
            "equity": 951983,
            "current_ratio": 63.77,
            "debt_ratio": 92.92,
            "inventory_turnover_ratio": 1.08,
            "account_receivable_turnover_ratio": 2.13,
            "reinvestment_rate": -3.31,
            "research_to_sale_ratio": null,
            "price_fair": 17.48,
            "eps_avg_yearly": 5.83,
            "eps_latest_yearly": 2.92,
            "eps_growth_yearly": -18.2
        },
        "20213": {
            "year_quarter": 20213,
            "year": 2021,
            "quarter": 3,
            "eps": -1.98,
            "eps_growth_year": -364,
            "eps_4q": -3.93,
            "eps_4q_growth_year": -367.58,
            "roe": -10.7,
            "roe_4q": -20.389999999999997,
            "gross_profit": 338532,
            "gross_margin": 32.96,
            "gross_margin_4q_avg": 35.16,
            "net_income": -96602,
            "net_income_4q": null,
            "revenue": 1026999,
            "revenue_4q": null,
            "common_shares": 473897,
            "book_valuer_per_share": 17.8,
            "book_valuer_per_share_4q_avg": 20.79,
            "equity": 853851,
            "current_ratio": 65.35,
            "debt_ratio": 93.5,
            "inventory_turnover_ratio": 0.96,
            "account_receivable_turnover_ratio": 2.28,
            "reinvestment_rate": -19.96,
            "research_to_sale_ratio": null,
            "price_fair": 16.33,
            "eps_avg_yearly": 5.44,
            "eps_latest_yearly": 2.92,
            "eps_growth_yearly": -34.2
        },
        "20214": {
            "year_quarter": 20214,
            "year": 2021,
            "quarter": 4,
            "eps": -0.16,
            "eps_growth_year": -121.88,
            "eps_4q": -4.82,
            "eps_4q_growth_year": -515.01,
            "roe": -1,
            "roe_4q": -24.439999999999998,
            "gross_profit": 565915,
            "gross_margin": 39.71,
            "gross_margin_4q_avg": 34.87,
            "net_income": -8501,
            "net_income_4q": null,
            "revenue": 1425105,
            "revenue_4q": null,
            "common_shares": 473897,
            "book_valuer_per_share": 17.7,
            "book_valuer_per_share_4q_avg": 19.34,
            "equity": 849074,
            "current_ratio": 70.96,
            "debt_ratio": 93.76,
            "inventory_turnover_ratio": 1.04,
            "account_receivable_turnover_ratio": 2.35,
            "reinvestment_rate": -13.61,
            "research_to_sale_ratio": null,
            "price_fair": 15.73,
            "eps_avg_yearly": 5.24,
            "eps_latest_yearly": 2.92,
            "eps_growth_yearly": -27.26
        },
        "20221": {
            "year_quarter": 20221,
            "year": 2022,
            "quarter": 1,
            "eps": -1.46,
            "eps_growth_year": null,
            "eps_4q": -5.69,
            "eps_4q_growth_year": -1457.61,
            "roe": -8.91,
            "roe_4q": -30.72,
            "gross_profit": 415658,
            "gross_margin": 33.21,
            "gross_margin_4q_avg": 34.1,
            "net_income": -72901,
            "net_income_4q": null,
            "revenue": 1251671,
            "revenue_4q": null,
            "common_shares": 473897,
            "book_valuer_per_share": 16.46,
            "book_valuer_per_share_4q_avg": 17.94,
            "equity": 786660,
            "current_ratio": 66.68,
            "debt_ratio": 93.82,
            "inventory_turnover_ratio": 0.87,
            "account_receivable_turnover_ratio": 2.15,
            "reinvestment_rate": 2.8,
            "research_to_sale_ratio": null,
            "price_fair": 13.63,
            "eps_avg_yearly": 4.54,
            "eps_latest_yearly": 2.92,
            "eps_growth_yearly": -54.9
        },
        "20222": {
            "year_quarter": 20222,
            "year": 2022,
            "quarter": 2,
            "eps": -1.61,
            "eps_growth_year": null,
            "eps_4q": -5.22,
            "eps_4q_growth_year": null,
            "roe": -10.18,
            "roe_4q": -30.79,
            "gross_profit": 394361,
            "gross_margin": 31.77,
            "gross_margin_4q_avg": 34.41,
            "net_income": -76497,
            "net_income_4q": null,
            "revenue": 1241400,
            "revenue_4q": null,
            "common_shares": 473897,
            "book_valuer_per_share": 14.98,
            "book_valuer_per_share_4q_avg": 16.74,
            "equity": 716024,
            "current_ratio": 74.68,
            "debt_ratio": 94.6,
            "inventory_turnover_ratio": 0.85,
            "account_receivable_turnover_ratio": 2.55,
            "reinvestment_rate": -81.03,
            "research_to_sale_ratio": null,
            "price_fair": 12.96,
            "eps_avg_yearly": 4.32,
            "eps_latest_yearly": 2.92,
            "eps_growth_yearly": -39.09
        },
        "20223": {
            "year_quarter": 20223,
            "year": 2022,
            "quarter": 3,
            "eps": -1.08,
            "eps_growth_year": null,
            "eps_4q": -4.32,
            "eps_4q_growth_year": null,
            "roe": -7.34,
            "roe_4q": -27.43,
            "gross_profit": 508231,
            "gross_margin": 35.6,
            "gross_margin_4q_avg": 35.07,
            "net_income": -51364,
            "net_income_4q": null,
            "revenue": 1427431,
            "revenue_4q": null,
            "common_shares": 473897,
            "book_valuer_per_share": 14.24,
            "book_valuer_per_share_4q_avg": 15.85,
            "equity": 682921,
            "current_ratio": 79.56,
            "debt_ratio": 94.72,
            "inventory_turnover_ratio": 0.87,
            "account_receivable_turnover_ratio": 2.6,
            "reinvestment_rate": null,
            "research_to_sale_ratio": null,
            "price_fair": 13.06,
            "eps_avg_yearly": 4.35,
            "eps_latest_yearly": 2.92,
            "eps_growth_yearly": -24.43
        },
        "20224": {
            "year_quarter": 20224,
            "year": 2022,
            "quarter": 4,
            "eps": 0.19,
            "eps_growth_year": null,
            "eps_4q": -3.97,
            "eps_4q_growth_year": null,
            "roe": 1.27,
            "roe_4q": -25.16,
            "gross_profit": 626652,
            "gross_margin": 37.65,
            "gross_margin_4q_avg": 34.56,
            "net_income": 8681,
            "net_income_4q": null,
            "revenue": 1664259,
            "revenue_4q": null,
            "common_shares": 473897,
            "book_valuer_per_share": 14.23,
            "book_valuer_per_share_4q_avg": 14.98,
            "equity": 682507,
            "current_ratio": 85.78,
            "debt_ratio": 94.89,
            "inventory_turnover_ratio": 0.93,
            "account_receivable_turnover_ratio": 2.59,
            "reinvestment_rate": null,
            "research_to_sale_ratio": null,
            "price_fair": 11.6,
            "eps_avg_yearly": 3.87,
            "eps_latest_yearly": 2.92,
            "eps_growth_yearly": -80.78
        },
        "20231": {
            "year_quarter": 20231,
            "year": 2023,
            "quarter": 1,
            "eps": -0.45,
            "eps_growth_year": null,
            "eps_4q": -2.96,
            "eps_4q_growth_year": null,
            "roe": -3.22,
            "roe_4q": -19.47,
            "gross_profit": 494557,
            "gross_margin": 34.19,
            "gross_margin_4q_avg": 34.8,
            "net_income": -21570,
            "net_income_4q": null,
            "revenue": 1446535,
            "revenue_4q": null,
            "common_shares": 473897,
            "book_valuer_per_share": 13.71,
            "book_valuer_per_share_4q_avg": 14.29,
            "equity": 657676,
            "current_ratio": 85.51,
            "debt_ratio": 94.91,
            "inventory_turnover_ratio": 0.83,
            "account_receivable_turnover_ratio": 2.34,
            "reinvestment_rate": null,
            "research_to_sale_ratio": null,
            "price_fair": 9.98,
            "eps_avg_yearly": 3.33,
            "eps_latest_yearly": 2.92,
            "eps_growth_yearly": -89.03
        },
        "20232": {
            "year_quarter": 20232,
            "year": 2023,
            "quarter": 2,
            "eps": -0.94,
            "eps_growth_year": null,
            "eps_4q": -2.29,
            "eps_4q_growth_year": null,
            "roe": -7.07,
            "roe_4q": -16.36,
            "gross_profit": 496895,
            "gross_margin": 33.91,
            "gross_margin_4q_avg": 35.34,
            "net_income": -44841,
            "net_income_4q": null,
            "revenue": 1465410,
            "revenue_4q": null,
            "common_shares": 473897,
            "book_valuer_per_share": 12.74,
            "book_valuer_per_share_4q_avg": 13.73,
            "equity": 611058,
            "current_ratio": 79.07,
            "debt_ratio": 95.84,
            "inventory_turnover_ratio": 0.83,
            "account_receivable_turnover_ratio": 2.53,
            "reinvestment_rate": null,
            "research_to_sale_ratio": null,
            "price_fair": 9.69,
            "eps_avg_yearly": 3.23,
            "eps_latest_yearly": 2.92,
            "eps_growth_yearly": -67.99
        },
        "20233": {
            "year_quarter": 20233,
            "year": 2023,
            "quarter": 3,
            "eps": -1.99,
            "eps_growth_year": null,
            "eps_4q": -3.2,
            "eps_4q_growth_year": null,
            "roe": -16.55,
            "roe_4q": -25.57,
            "gross_profit": 579332,
            "gross_margin": 33.3,
            "gross_margin_4q_avg": 34.76,
            "net_income": -94502,
            "net_income_4q": null,
            "revenue": 1739797,
            "revenue_4q": null,
            "common_shares": 473897,
            "book_valuer_per_share": 11.06,
            "book_valuer_per_share_4q_avg": 12.94,
            "equity": 531169,
            "current_ratio": 76.72,
            "debt_ratio": 96.87,
            "inventory_turnover_ratio": 0.97,
            "account_receivable_turnover_ratio": 2.21,
            "reinvestment_rate": null,
            "research_to_sale_ratio": null,
            "price_fair": 7.68,
            "eps_avg_yearly": 2.56,
            "eps_latest_yearly": 2.92,
            "eps_growth_yearly": -145.14
        },
        "20234": {
            "year_quarter": 20234,
            "year": 2023,
            "quarter": 4,
            "eps": 0.66,
            "eps_growth_year": 253.03,
            "eps_4q": -2.73,
            "eps_4q_growth_year": null,
            "roe": 5.7,
            "roe_4q": -21.14,
            "gross_profit": 777682,
            "gross_margin": 39.05,
            "gross_margin_4q_avg": 35.11,
            "net_income": 31166,
            "net_income_4q": null,
            "revenue": 1991670,
            "revenue_4q": null,
            "common_shares": 473897,
            "book_valuer_per_share": 11.7,
            "book_valuer_per_share_4q_avg": 12.3,
            "equity": 561518,
            "current_ratio": 81.49,
            "debt_ratio": 96.78,
            "inventory_turnover_ratio": 0.98,
            "account_receivable_turnover_ratio": 2.02,
            "reinvestment_rate": null,
            "research_to_sale_ratio": null,
            "price_fair": 5.28,
            "eps_avg_yearly": 1.76,
            "eps_latest_yearly": 2.92,
            "eps_growth_yearly": -176.49
        }
    },
    "months": {
        "2012-03": {
            "month": "2012-03",
            "price": "214.00",
            "revenue": 853856
        },
        "2012-04": {
            "month": "2012-04",
            "price": "185.01",
            "revenue": 759734
        },
        "2012-05": {
            "month": "2012-05",
            "price": "171.83",
            "revenue": 779035
        },
        "2012-06": {
            "month": "2012-06",
            "price": "160.85",
            "revenue": 839314
        },
        "2012-07": {
            "month": "2012-07",
            "price": "159.71",
            "revenue": 876376
        },
        "2012-08": {
            "month": "2012-08",
            "price": "173.39",
            "revenue": 905918
        },
        "2012-09": {
            "month": "2012-09",
            "price": "178.66",
            "revenue": 807883
        },
        "2012-10": {
            "month": "2012-10",
            "price": "187.55",
            "revenue": 927126
        },
        "2012-11": {
            "month": "2012-11",
            "price": "188.76",
            "revenue": 778187
        },
        "2012-12": {
            "month": "2012-12",
            "price": "185.99",
            "revenue": 1032015
        },
        "2013-01": {
            "month": "2013-01",
            "price": "195.75",
            "revenue": 308548
        },
        "2013-02": {
            "month": "2013-02",
            "price": "239.88",
            "revenue": 236437
        },
        "2013-03": {
            "month": "2013-03",
            "price": "238.95",
            "revenue": 276736
        },
        "2013-04": {
            "month": "2013-04",
            "price": "192.58",
            "revenue": 255463
        },
        "2013-05": {
            "month": "2013-05",
            "price": "187.80",
            "revenue": 265111
        },
        "2013-06": {
            "month": "2013-06",
            "price": "173.13",
            "revenue": 263213
        },
        "2013-07": {
            "month": "2013-07",
            "price": "176.87",
            "revenue": 287445
        },
        "2013-08": {
            "month": "2013-08",
            "price": "189.57",
            "revenue": 318285
        },
        "2013-09": {
            "month": "2013-09",
            "price": "201.78",
            "revenue": 299537
        },
        "2013-10": {
            "month": "2013-10",
            "price": "201.18",
            "revenue": 312166
        },
        "2013-11": {
            "month": "2013-11",
            "price": "195.24",
            "revenue": 273185
        },
        "2013-12": {
            "month": "2013-12",
            "price": "213.82",
            "revenue": 341058
        },
        "2014-01": {
            "month": "2014-01",
            "price": "197.64",
            "revenue": 304749
        },
        "2014-02": {
            "month": "2014-02",
            "price": "182.53",
            "revenue": 282883
        },
        "2014-03": {
            "month": "2014-03",
            "price": "180.95",
            "revenue": 280464
        },
        "2014-04": {
            "month": "2014-04",
            "price": "180.93",
            "revenue": 269079
        },
        "2014-05": {
            "month": "2014-05",
            "price": "179.69",
            "revenue": 273889
        },
        "2014-06": {
            "month": "2014-06",
            "price": "186.02",
            "revenue": 262752
        },
        "2014-07": {
            "month": "2014-07",
            "price": "180.14",
            "revenue": 284524
        },
        "2014-08": {
            "month": "2014-08",
            "price": "174.26",
            "revenue": 326368
        },
        "2014-09": {
            "month": "2014-09",
            "price": "171.98",
            "revenue": 289301
        },
        "2014-10": {
            "month": "2014-10",
            "price": "162.57",
            "revenue": 319891
        },
        "2014-11": {
            "month": "2014-11",
            "price": "158.22",
            "revenue": 273681
        },
        "2014-12": {
            "month": "2014-12",
            "price": "161.33",
            "revenue": 340793
        },
        "2015-01": {
            "month": "2015-01",
            "price": "169.08",
            "revenue": 304786
        },
        "2015-02": {
            "month": "2015-02",
            "price": "162.85",
            "revenue": 307078
        },
        "2015-03": {
            "month": "2015-03",
            "price": "162.02",
            "revenue": 283890
        },
        "2015-04": {
            "month": "2015-04",
            "price": "162.62",
            "revenue": 269256
        },
        "2015-05": {
            "month": "2015-05",
            "price": "157.05",
            "revenue": 275445
        },
        "2015-06": {
            "month": "2015-06",
            "price": "158.55",
            "revenue": 283631
        },
        "2015-07": {
            "month": "2015-07",
            "price": "161.57",
            "revenue": 306709
        },
        "2015-08": {
            "month": "2015-08",
            "price": "154.95",
            "revenue": 327272
        },
        "2015-09": {
            "month": "2015-09",
            "price": "152.68",
            "revenue": 283284
        },
        "2015-10": {
            "month": "2015-10",
            "price": "152.50",
            "revenue": 401784
        },
        "2015-11": {
            "month": "2015-11",
            "price": "155.40",
            "revenue": 341191
        },
        "2015-12": {
            "month": "2015-12",
            "price": "192.48",
            "revenue": 436461
        },
        "2016-01": {
            "month": "2016-01",
            "price": "209.98",
            "revenue": 383615
        },
        "2016-02": {
            "month": "2016-02",
            "price": "206.31",
            "revenue": 367548
        },
        "2016-03": {
            "month": "2016-03",
            "price": "201.65",
            "revenue": 332823
        },
        "2016-04": {
            "month": "2016-04",
            "price": "188.68",
            "revenue": 323796
        },
        "2016-05": {
            "month": "2016-05",
            "price": "184.00",
            "revenue": 345651
        },
        "2016-06": {
            "month": "2016-06",
            "price": "187.36",
            "revenue": 341439
        },
        "2016-07": {
            "month": "2016-07",
            "price": "186.30",
            "revenue": 349082
        },
        "2016-08": {
            "month": "2016-08",
            "price": "182.80",
            "revenue": 387780
        },
        "2016-09": {
            "month": "2016-09",
            "price": "178.61",
            "revenue": 326225
        },
        "2016-10": {
            "month": "2016-10",
            "price": "180.38",
            "revenue": 387799
        },
        "2016-11": {
            "month": "2016-11",
            "price": "176.26",
            "revenue": 317101
        },
        "2016-12": {
            "month": "2016-12",
            "price": "162.95",
            "revenue": 399453
        },
        "2017-01": {
            "month": "2017-01",
            "price": "153.09",
            "revenue": 364164
        },
        "2017-02": {
            "month": "2017-02",
            "price": "153.83",
            "revenue": 330080
        },
        "2017-03": {
            "month": "2017-03",
            "price": "151.74",
            "revenue": 374716
        },
        "2017-04": {
            "month": "2017-04",
            "price": "148.25",
            "revenue": 340406
        },
        "2017-05": {
            "month": "2017-05",
            "price": "149.78",
            "revenue": 325843
        },
        "2017-06": {
            "month": "2017-06",
            "price": "156.59",
            "revenue": 334490
        },
        "2017-07": {
            "month": "2017-07",
            "price": "148.64",
            "revenue": 340052
        },
        "2017-08": {
            "month": "2017-08",
            "price": "137.63",
            "revenue": 370229
        },
        "2017-09": {
            "month": "2017-09",
            "price": "137.16",
            "revenue": 349213
        },
        "2017-10": {
            "month": "2017-10",
            "price": "137.87",
            "revenue": 381844
        },
        "2017-11": {
            "month": "2017-11",
            "price": "139.95",
            "revenue": 352313
        },
        "2017-12": {
            "month": "2017-12",
            "price": "138.60",
            "revenue": 413773
        },
        "2018-01": {
            "month": "2018-01",
            "price": "138.11",
            "revenue": 364982
        },
        "2018-02": {
            "month": "2018-02",
            "price": "135.50",
            "revenue": 383247
        },
        "2018-03": {
            "month": "2018-03",
            "price": "138.35",
            "revenue": 335736
        },
        "2018-04": {
            "month": "2018-04",
            "price": "137.64",
            "revenue": 358223
        },
        "2018-05": {
            "month": "2018-05",
            "price": "137.84",
            "revenue": 330274
        },
        "2018-06": {
            "month": "2018-06",
            "price": "139.75",
            "revenue": 352321
        },
        "2018-07": {
            "month": "2018-07",
            "price": "133.34",
            "revenue": 364725
        },
        "2018-08": {
            "month": "2018-08",
            "price": "133.20",
            "revenue": 369034
        },
        "2018-09": {
            "month": "2018-09",
            "price": "133.11",
            "revenue": 368621
        },
        "2018-10": {
            "month": "2018-10",
            "price": "130.98",
            "revenue": 417066
        },
        "2018-11": {
            "month": "2018-11",
            "price": "127.55",
            "revenue": 391442
        },
        "2018-12": {
            "month": "2018-12",
            "price": "127.95",
            "revenue": 474563
        },
        "2019-01": {
            "month": "2019-01",
            "price": "126.24",
            "revenue": 432647
        },
        "2019-02": {
            "month": "2019-02",
            "price": "128.92",
            "revenue": 438576
        },
        "2019-03": {
            "month": "2019-03",
            "price": "132.02",
            "revenue": 420805
        },
        "2019-04": {
            "month": "2019-04",
            "price": "132.55",
            "revenue": 400015
        },
        "2019-05": {
            "month": "2019-05",
            "price": "128.52",
            "revenue": 420717
        },
        "2019-06": {
            "month": "2019-06",
            "price": "127.61",
            "revenue": 435386
        },
        "2019-07": {
            "month": "2019-07",
            "price": "125.43",
            "revenue": 432561
        },
        "2019-08": {
            "month": "2019-08",
            "price": "122.45",
            "revenue": 444918
        },
        "2019-09": {
            "month": "2019-09",
            "price": "120.34",
            "revenue": 415969
        },
        "2019-10": {
            "month": "2019-10",
            "price": "119.90",
            "revenue": 463727
        },
        "2019-11": {
            "month": "2019-11",
            "price": "115.43",
            "revenue": 454040
        },
        "2019-12": {
            "month": "2019-12",
            "price": "111.16",
            "revenue": 564324
        },
        "2020-01": {
            "month": "2020-01",
            "price": "111.87",
            "revenue": 478415
        },
        "2020-02": {
            "month": "2020-02",
            "price": "101.39",
            "revenue": 339244
        },
        "2020-03": {
            "month": "2020-03",
            "price": "80.37",
            "revenue": 325009
        },
        "2020-04": {
            "month": "2020-04",
            "price": "76.72",
            "revenue": 320884
        },
        "2020-05": {
            "month": "2020-05",
            "price": "84.68",
            "revenue": 354556
        },
        "2020-06": {
            "month": "2020-06",
            "price": "91.16",
            "revenue": 359200
        },
        "2020-07": {
            "month": "2020-07",
            "price": "81.88",
            "revenue": 355378
        },
        "2020-08": {
            "month": "2020-08",
            "price": "76.11",
            "revenue": 385283
        },
        "2020-09": {
            "month": "2020-09",
            "price": "76.73",
            "revenue": 390129
        },
        "2020-10": {
            "month": "2020-10",
            "price": "77.91",
            "revenue": 398490
        },
        "2020-11": {
            "month": "2020-11",
            "price": "78.22",
            "revenue": 395334
        },
        "2020-12": {
            "month": "2020-12",
            "price": "80.27",
            "revenue": 442783
        },
        "2021-01": {
            "month": "2021-01",
            "price": "77.02",
            "revenue": 388601
        },
        "2021-02": {
            "month": "2021-02",
            "price": "75.87",
            "revenue": 384238
        },
        "2021-03": {
            "month": "2021-03",
            "price": "74.94",
            "revenue": 385471
        },
        "2021-04": {
            "month": "2021-04",
            "price": "74.57",
            "revenue": 408922
        },
        "2021-05": {
            "month": "2021-05",
            "price": "66.59",
            "revenue": 327064
        },
        "2021-06": {
            "month": "2021-06",
            "price": "61.52",
            "revenue": 334234
        },
        "2021-07": {
            "month": "2021-07",
            "price": "61.08",
            "revenue": 310893
        },
        "2021-08": {
            "month": "2021-08",
            "price": "60.01",
            "revenue": 370143
        },
        "2021-09": {
            "month": "2021-09",
            "price": "56.92",
            "revenue": 345962
        },
        "2021-10": {
            "month": "2021-10",
            "price": "59.50",
            "revenue": 437147
        },
        "2021-11": {
            "month": "2021-11",
            "price": "60.20",
            "revenue": 439559
        },
        "2021-12": {
            "month": "2021-12",
            "price": "59.21",
            "revenue": 548398
        },
        "2022-01": {
            "month": "2022-01",
            "price": "59.38",
            "revenue": 448414
        },
        "2022-02": {
            "month": "2022-02",
            "price": "60.71",
            "revenue": 397510
        },
        "2022-03": {
            "month": "2022-03",
            "price": "59.58",
            "revenue": 405746
        },
        "2022-04": {
            "month": "2022-04",
            "price": "56.17",
            "revenue": 372473
        },
        "2022-05": {
            "month": "2022-05",
            "price": "53.34",
            "revenue": 405089
        },
        "2022-06": {
            "month": "2022-06",
            "price": "50.29",
            "revenue": 463841
        },
        "2022-07": {
            "month": "2022-07",
            "price": "44.44",
            "revenue": 460731
        },
        "2022-08": {
            "month": "2022-08",
            "price": "44.39",
            "revenue": 483578
        },
        "2022-09": {
            "month": "2022-09",
            "price": "48.31",
            "revenue": 483121
        },
        "2022-10": {
            "month": "2022-10",
            "price": "47.78",
            "revenue": 535609
        },
        "2022-11": {
            "month": "2022-11",
            "price": "49.84",
            "revenue": 526988
        },
        "2022-12": {
            "month": "2022-12",
            "price": "59.37",
            "revenue": 601662
        },
        "2023-01": {
            "month": "2023-01",
            "price": "59.94",
            "revenue": 535671
        },
        "2023-02": {
            "month": "2023-02",
            "price": "59.46",
            "revenue": 425765
        },
        "2023-03": {
            "month": "2023-03",
            "price": "63.46",
            "revenue": 485098
        },
        "2023-04": {
            "month": "2023-04",
            "price": "65.61",
            "revenue": 476313
        },
        "2023-05": {
            "month": "2023-05",
            "price": "64.13",
            "revenue": 454098
        },
        "2023-06": {
            "month": "2023-06",
            "price": "63.54",
            "revenue": 535001
        },
        "2023-07": {
            "month": "2023-07",
            "price": "62.72",
            "revenue": 538557
        },
        "2023-08": {
            "month": "2023-08",
            "price": "62.86",
            "revenue": 544733
        },
        "2023-09": {
            "month": "2023-09",
            "price": "66.98",
            "revenue": 656509
        },
        "2023-10": {
            "month": "2023-10",
            "price": "66.70",
            "revenue": 636341
        },
        "2023-11": {
            "month": "2023-11",
            "price": "65.95",
            "revenue": 649651
        },
        "2023-12": {
            "month": "2023-12",
            "price": "66.45",
            "revenue": 705678
        }
    }
}
