{
    "summary": {
        "stock_name": "淘帝-KY",
        "stock_id": "2929",
        "category": "貿易百貨",
        "main_business": "自有品牌童裝及配飾之設計開發及銷售",
        "website_url": "http://www.topbi.com.tw",
        "ceo": "周志鴻",
        "pe_ratio": 14,
        "report_year_from": 2011,
        "report_year_to": 2023,
        "age": 12,
        "eps_negative_percentage": 27,
        "eps_growth_avg": {
            "last_all": -12.54,
            "last_2y": -100,
            "last_4y": -31.61,
            "last_8y": -12.54,
            "last_12y": null,
            "last_16y": null,
            "last_20y": null,
            "at_2006_last_3y": null,
            "at_2007_last_3y": null,
            "at_2008_last_3y": null,
            "at_2009_last_3y": null,
            "at_2010_last_3y": null,
            "at_2011_last_3y": null,
            "at_2012_last_3y": null,
            "at_2013_last_3y": null,
            "at_2014_last_3y": null,
            "at_2015_last_3y": null,
            "at_2016_last_3y": null,
            "at_2017_last_3y": 1.76,
            "at_2018_last_3y": -2.13,
            "at_2019_last_3y": -1.68,
            "at_2020_last_3y": -22.63,
            "at_2021_last_3y": -31.61,
            "at_2022_last_3y": -44.76,
            "at_2023_last_3y": -44.76,
            "at_2006_last_all": null,
            "at_2007_last_all": null,
            "at_2008_last_all": null,
            "at_2009_last_all": null,
            "at_2010_last_all": null,
            "at_2011_last_all": null,
            "at_2012_last_all": null,
            "at_2013_last_all": null,
            "at_2014_last_all": null,
            "at_2015_last_all": 9.45,
            "at_2016_last_all": 0.91,
            "at_2017_last_all": 1.76,
            "at_2018_last_all": 0.34,
            "at_2019_last_all": 2.03,
            "at_2020_last_all": -12.54,
            "at_2021_last_all": -12.54,
            "at_2022_last_all": -12.54,
            "at_2023_last_all": -12.54
        },
        "latest_eps": 0.93,
        "latest_price": 12.6,
        "latest_roe": 3.51,
        "latest_gross_margin": 16.26,
        "latest_equity": 2928977,
        "latest_revenue": 555859,
        "latest_gross_profit": 90407,
        "latest_net_income": -8415,
        "latest_debt_ratio": 29.45,
        "latest_current_ratio": 415.41,
        "latest_account_receivable_turnover_ratio": 0.72,
        "latest_inventory_turnover_ratio": 21.86,
        "latest_reinvestment_rate": null,
        "latest_research_to_sale_ratio": 1.84
    },
    "eps_dividends": {
        "2001": {
            "cash": 0,
            "stock": 0,
            "eps": 0
        },
        "2002": {
            "cash": 0,
            "stock": 0,
            "eps": 0
        },
        "2003": {
            "cash": 0,
            "stock": 0,
            "eps": 0
        },
        "2004": {
            "cash": 0,
            "stock": 0,
            "eps": 0
        },
        "2005": {
            "cash": 0,
            "stock": 0,
            "eps": 0
        },
        "2006": {
            "cash": 0,
            "stock": 0,
            "eps": 0
        },
        "2007": {
            "cash": 0,
            "stock": 0,
            "eps": 0
        },
        "2008": {
            "cash": 0,
            "stock": 0,
            "eps": 0
        },
        "2009": {
            "cash": 0,
            "stock": 0,
            "eps": 0
        },
        "2010": {
            "cash": 0,
            "stock": 0,
            "eps": 0
        },
        "2011": {
            "cash": 0,
            "stock": 0,
            "eps": 0
        },
        "2012": {
            "cash": 0,
            "stock": 0,
            "eps": 0
        },
        "2013": {
            "cash": 0,
            "stock": 0,
            "eps": 12.03
        },
        "2014": {
            "cash": 5,
            "stock": 1,
            "eps": 13.26
        },
        "2015": {
            "cash": 7,
            "stock": 0,
            "eps": 14.41
        },
        "2016": {
            "cash": 6,
            "stock": 2,
            "eps": 12.08
        },
        "2017": {
            "cash": 3,
            "stock": 1,
            "eps": 12.6
        },
        "2018": {
            "cash": 5,
            "stock": 1,
            "eps": 11.93
        },
        "2019": {
            "cash": 3,
            "stock": 2,
            "eps": 13.18
        },
        "2020": {
            "cash": 0,
            "stock": 2,
            "eps": -22.25
        },
        "2021": {
            "cash": 0,
            "stock": 0,
            "eps": -6.23
        },
        "2022": {
            "cash": 0,
            "stock": 0,
            "eps": 1.22
        },
        "2023": {
            "cash": 0,
            "stock": 0,
            "eps": -0.08
        }
    },
    "dividends": {
        "2014-06-19": {
            "cash": 4.5,
            "stock": 1
        },
        "2015-11-30": {
            "cash": 6.5,
            "stock": 0
        },
        "2016-12-23": {
            "cash": 5.5,
            "stock": 2
        },
        "2017-12-22": {
            "cash": 3.23,
            "stock": 1
        },
        "2018-12-22": {
            "cash": 4.83,
            "stock": 0.5
        },
        "2019-12-25": {
            "cash": 3.15,
            "stock": 1.5
        },
        "2020-12-28": {
            "cash": 0.17,
            "stock": 1.53
        }
    },
    "prices": {
        "200101": "無",
        "200102": "無",
        "200103": "無",
        "200104": "無",
        "200105": "無",
        "200106": "無",
        "200107": "無",
        "200108": "無",
        "200109": "無",
        "200110": "無",
        "200111": "無",
        "200112": "無",
        "200201": "無",
        "200202": "無",
        "200203": "無",
        "200204": "無",
        "200205": "無",
        "200206": "無",
        "200207": "無",
        "200208": "無",
        "200209": "無",
        "200210": "無",
        "200211": "無",
        "200212": "無",
        "200301": "無",
        "200302": "無",
        "200303": "無",
        "200304": "無",
        "200305": "無",
        "200306": "無",
        "200307": "無",
        "200308": "無",
        "200309": "無",
        "200310": "無",
        "200311": "無",
        "200312": "無",
        "200401": "無",
        "200402": "無",
        "200403": "無",
        "200404": "無",
        "200405": "無",
        "200406": "無",
        "200407": "無",
        "200408": "無",
        "200409": "無",
        "200410": "無",
        "200411": "無",
        "200412": "無",
        "200501": "無",
        "200502": "無",
        "200503": "無",
        "200504": "無",
        "200505": "無",
        "200506": "無",
        "200507": "無",
        "200508": "無",
        "200509": "無",
        "200510": "無",
        "200511": "無",
        "200512": "無",
        "200601": "無",
        "200602": "無",
        "200603": "無",
        "200604": "無",
        "200605": "無",
        "200606": "無",
        "200607": "無",
        "200608": "無",
        "200609": "無",
        "200610": "無",
        "200611": "無",
        "200612": "無",
        "200701": "無",
        "200702": "無",
        "200703": "無",
        "200704": "無",
        "200705": "無",
        "200706": "無",
        "200707": "無",
        "200708": "無",
        "200709": "無",
        "200710": "無",
        "200711": "無",
        "200712": "無",
        "200801": "無",
        "200802": "無",
        "200803": "無",
        "200804": "無",
        "200805": "無",
        "200806": "無",
        "200807": "無",
        "200808": "無",
        "200809": "無",
        "200810": "無",
        "200811": "無",
        "200812": "無",
        "200901": "無",
        "200902": "無",
        "200903": "無",
        "200904": "無",
        "200905": "無",
        "200906": "無",
        "200907": "無",
        "200908": "無",
        "200909": "無",
        "200910": "無",
        "200911": "無",
        "200912": "無",
        "201001": "無",
        "201002": "無",
        "201003": "無",
        "201004": "無",
        "201005": "無",
        "201006": "無",
        "201007": "無",
        "201008": "無",
        "201009": "無",
        "201010": "無",
        "201011": "無",
        "201012": "無",
        "201101": "無",
        "201102": "無",
        "201103": "無",
        "201104": "無",
        "201105": "無",
        "201106": "無",
        "201107": "無",
        "201108": "無",
        "201109": "無",
        "201110": "無",
        "201111": "無",
        "201112": "無",
        "201201": "無",
        "201202": "無",
        "201203": "無",
        "201204": "無",
        "201205": "無",
        "201206": "無",
        "201207": "無",
        "201208": "無",
        "201209": "無",
        "201210": "無",
        "201211": "無",
        "201212": "無",
        "201301": "無",
        "201302": "無",
        "201303": "無",
        "201304": "無",
        "201305": "無",
        "201306": "無",
        "201307": "無",
        "201308": "無",
        "201309": "無",
        "201310": "無",
        "201311": "無",
        "201312": "215.75",
        "201401": "194.47",
        "201402": "170.91",
        "201403": "188.24",
        "201404": "186.31",
        "201405": "171.10",
        "201406": "171.18",
        "201407": "155.34",
        "201408": "155.57",
        "201409": "158.00",
        "201410": "133.50",
        "201411": "115.72",
        "201412": "118.81",
        "201501": "114.82",
        "201502": "109.19",
        "201503": "121.64",
        "201504": "137.60",
        "201505": "137.42",
        "201506": "129.90",
        "201507": "117.41",
        "201508": "111.52",
        "201509": "114.68",
        "201510": "131.10",
        "201511": "157.10",
        "201512": "135.28",
        "201601": "118.00",
        "201602": "121.81",
        "201603": "132.50",
        "201604": "125.58",
        "201605": "130.43",
        "201606": "132.24",
        "201607": "139.80",
        "201608": "151.70",
        "201609": "159.82",
        "201610": "160.50",
        "201611": "135.64",
        "201612": "105.48",
        "201701": "107.47",
        "201702": "110.44",
        "201703": "106.37",
        "201704": "101.95",
        "201705": "99.11",
        "201706": "100.72",
        "201707": "96.68",
        "201708": "102.52",
        "201709": "106.66",
        "201710": "107.97",
        "201711": "109.39",
        "201712": "110.90",
        "201801": "110.43",
        "201802": "103.85",
        "201803": "104.78",
        "201804": "102.33",
        "201805": "109.18",
        "201806": "106.10",
        "201807": "104.36",
        "201808": "100.17",
        "201809": "97.78",
        "201810": "95.99",
        "201811": "93.07",
        "201812": "85.40",
        "201901": "80.88",
        "201902": "85.01",
        "201903": "84.54",
        "201904": "88.24",
        "201905": "84.49",
        "201906": "85.18",
        "201907": "87.57",
        "201908": "92.80",
        "201909": "98.08",
        "201910": "100.94",
        "201911": "102.64",
        "201912": "89.45",
        "202001": "91.95",
        "202002": "78.11",
        "202003": "63.36",
        "202004": "65.94",
        "202005": "61.88",
        "202006": "55.84",
        "202007": "46.87",
        "202008": "36.65",
        "202009": "34.99",
        "202010": "31.59",
        "202011": "31.94",
        "202012": "16.33",
        "202101": "14.86",
        "202102": "13.02",
        "202103": "12.10",
        "202104": "8.30",
        "202105": "12.71",
        "202106": "16.99",
        "202107": "15.95",
        "202108": "14.15",
        "202109": "13.88",
        "202110": "12.45",
        "202111": "11.90",
        "202112": "11.92",
        "202201": "11.60",
        "202202": "10.98",
        "202203": "9.90",
        "202204": "9.22",
        "202205": "10.97",
        "202206": "13.74",
        "202207": "12.25",
        "202208": "12.33",
        "202209": "11.29",
        "202210": "10.15",
        "202211": "11.69",
        "202212": "15.68",
        "202301": "17.53",
        "202302": "16.69",
        "202303": "14.84",
        "202304": "13.68",
        "202305": "12.97"
    },
    "quarters": {
        "20011": {
            "year_quarter": 20011,
            "year": 2001,
            "quarter": 1,
            "eps": null,
            "eps_growth_year": null,
            "eps_4q": null,
            "eps_4q_growth_year": null,
            "roe": null,
            "roe_4q": 0,
            "gross_profit": null,
            "gross_margin": null,
            "gross_margin_4q_avg": 0,
            "net_income": null,
            "revenue": null,
            "common_shares": null,
            "book_valuer_per_share": null,
            "book_valuer_per_share_4q_avg": 0,
            "equity": null,
            "current_ratio": null,
            "debt_ratio": null,
            "inventory_turnover_ratio": null,
            "account_receivable_turnover_ratio": null,
            "reinvestment_rate": null,
            "research_to_sale_ratio": null,
            "price_fair": 0,
            "eps_avg_yearly": 0,
            "eps_latest_yearly": 0,
            "eps_growth_yearly": 0
        },
        "20012": {
            "year_quarter": 20012,
            "year": 2001,
            "quarter": 2,
            "eps": null,
            "eps_growth_year": null,
            "eps_4q": null,
            "eps_4q_growth_year": null,
            "roe": null,
            "roe_4q": 0,
            "gross_profit": null,
            "gross_margin": null,
            "gross_margin_4q_avg": 0,
            "net_income": null,
            "revenue": null,
            "common_shares": null,
            "book_valuer_per_share": null,
            "book_valuer_per_share_4q_avg": 0,
            "equity": null,
            "current_ratio": null,
            "debt_ratio": null,
            "inventory_turnover_ratio": null,
            "account_receivable_turnover_ratio": null,
            "reinvestment_rate": null,
            "research_to_sale_ratio": null,
            "price_fair": 0,
            "eps_avg_yearly": 0,
            "eps_latest_yearly": 0,
            "eps_growth_yearly": 0
        },
        "20013": {
            "year_quarter": 20013,
            "year": 2001,
            "quarter": 3,
            "eps": null,
            "eps_growth_year": null,
            "eps_4q": null,
            "eps_4q_growth_year": null,
            "roe": null,
            "roe_4q": 0,
            "gross_profit": null,
            "gross_margin": null,
            "gross_margin_4q_avg": 0,
            "net_income": null,
            "revenue": null,
            "common_shares": null,
            "book_valuer_per_share": null,
            "book_valuer_per_share_4q_avg": 0,
            "equity": null,
            "current_ratio": null,
            "debt_ratio": null,
            "inventory_turnover_ratio": null,
            "account_receivable_turnover_ratio": null,
            "reinvestment_rate": null,
            "research_to_sale_ratio": null,
            "price_fair": 0,
            "eps_avg_yearly": 0,
            "eps_latest_yearly": 0,
            "eps_growth_yearly": 0
        },
        "20014": {
            "year_quarter": 20014,
            "year": 2001,
            "quarter": 4,
            "eps": null,
            "eps_growth_year": null,
            "eps_4q": null,
            "eps_4q_growth_year": null,
            "roe": null,
            "roe_4q": 0,
            "gross_profit": null,
            "gross_margin": null,
            "gross_margin_4q_avg": 0,
            "net_income": null,
            "revenue": null,
            "common_shares": null,
            "book_valuer_per_share": null,
            "book_valuer_per_share_4q_avg": 0,
            "equity": null,
            "current_ratio": null,
            "debt_ratio": null,
            "inventory_turnover_ratio": null,
            "account_receivable_turnover_ratio": null,
            "reinvestment_rate": null,
            "research_to_sale_ratio": null,
            "price_fair": 0,
            "eps_avg_yearly": 0,
            "eps_latest_yearly": 0,
            "eps_growth_yearly": 0
        },
        "20021": {
            "year_quarter": 20021,
            "year": 2002,
            "quarter": 1,
            "eps": null,
            "eps_growth_year": null,
            "eps_4q": null,
            "eps_4q_growth_year": null,
            "roe": null,
            "roe_4q": 0,
            "gross_profit": null,
            "gross_margin": null,
            "gross_margin_4q_avg": 0,
            "net_income": null,
            "revenue": null,
            "common_shares": null,
            "book_valuer_per_share": null,
            "book_valuer_per_share_4q_avg": 0,
            "equity": null,
            "current_ratio": null,
            "debt_ratio": null,
            "inventory_turnover_ratio": null,
            "account_receivable_turnover_ratio": null,
            "reinvestment_rate": null,
            "research_to_sale_ratio": null,
            "price_fair": 0,
            "eps_avg_yearly": 0,
            "eps_latest_yearly": 0,
            "eps_growth_yearly": 0
        },
        "20022": {
            "year_quarter": 20022,
            "year": 2002,
            "quarter": 2,
            "eps": null,
            "eps_growth_year": null,
            "eps_4q": null,
            "eps_4q_growth_year": null,
            "roe": null,
            "roe_4q": 0,
            "gross_profit": null,
            "gross_margin": null,
            "gross_margin_4q_avg": 0,
            "net_income": null,
            "revenue": null,
            "common_shares": null,
            "book_valuer_per_share": null,
            "book_valuer_per_share_4q_avg": 0,
            "equity": null,
            "current_ratio": null,
            "debt_ratio": null,
            "inventory_turnover_ratio": null,
            "account_receivable_turnover_ratio": null,
            "reinvestment_rate": null,
            "research_to_sale_ratio": null,
            "price_fair": 0,
            "eps_avg_yearly": 0,
            "eps_latest_yearly": 0,
            "eps_growth_yearly": 0
        },
        "20023": {
            "year_quarter": 20023,
            "year": 2002,
            "quarter": 3,
            "eps": null,
            "eps_growth_year": null,
            "eps_4q": null,
            "eps_4q_growth_year": null,
            "roe": null,
            "roe_4q": 0,
            "gross_profit": null,
            "gross_margin": null,
            "gross_margin_4q_avg": 0,
            "net_income": null,
            "revenue": null,
            "common_shares": null,
            "book_valuer_per_share": null,
            "book_valuer_per_share_4q_avg": 0,
            "equity": null,
            "current_ratio": null,
            "debt_ratio": null,
            "inventory_turnover_ratio": null,
            "account_receivable_turnover_ratio": null,
            "reinvestment_rate": null,
            "research_to_sale_ratio": null,
            "price_fair": 0,
            "eps_avg_yearly": 0,
            "eps_latest_yearly": 0,
            "eps_growth_yearly": 0
        },
        "20024": {
            "year_quarter": 20024,
            "year": 2002,
            "quarter": 4,
            "eps": null,
            "eps_growth_year": null,
            "eps_4q": null,
            "eps_4q_growth_year": null,
            "roe": null,
            "roe_4q": 0,
            "gross_profit": null,
            "gross_margin": null,
            "gross_margin_4q_avg": 0,
            "net_income": null,
            "revenue": null,
            "common_shares": null,
            "book_valuer_per_share": null,
            "book_valuer_per_share_4q_avg": 0,
            "equity": null,
            "current_ratio": null,
            "debt_ratio": null,
            "inventory_turnover_ratio": null,
            "account_receivable_turnover_ratio": null,
            "reinvestment_rate": null,
            "research_to_sale_ratio": null,
            "price_fair": 0,
            "eps_avg_yearly": 0,
            "eps_latest_yearly": 0,
            "eps_growth_yearly": 0
        },
        "20031": {
            "year_quarter": 20031,
            "year": 2003,
            "quarter": 1,
            "eps": null,
            "eps_growth_year": null,
            "eps_4q": null,
            "eps_4q_growth_year": null,
            "roe": null,
            "roe_4q": 0,
            "gross_profit": null,
            "gross_margin": null,
            "gross_margin_4q_avg": 0,
            "net_income": null,
            "revenue": null,
            "common_shares": null,
            "book_valuer_per_share": null,
            "book_valuer_per_share_4q_avg": 0,
            "equity": null,
            "current_ratio": null,
            "debt_ratio": null,
            "inventory_turnover_ratio": null,
            "account_receivable_turnover_ratio": null,
            "reinvestment_rate": null,
            "research_to_sale_ratio": null,
            "price_fair": 0,
            "eps_avg_yearly": 0,
            "eps_latest_yearly": 0,
            "eps_growth_yearly": 0
        },
        "20032": {
            "year_quarter": 20032,
            "year": 2003,
            "quarter": 2,
            "eps": null,
            "eps_growth_year": null,
            "eps_4q": null,
            "eps_4q_growth_year": null,
            "roe": null,
            "roe_4q": 0,
            "gross_profit": null,
            "gross_margin": null,
            "gross_margin_4q_avg": 0,
            "net_income": null,
            "revenue": null,
            "common_shares": null,
            "book_valuer_per_share": null,
            "book_valuer_per_share_4q_avg": 0,
            "equity": null,
            "current_ratio": null,
            "debt_ratio": null,
            "inventory_turnover_ratio": null,
            "account_receivable_turnover_ratio": null,
            "reinvestment_rate": null,
            "research_to_sale_ratio": null,
            "price_fair": 0,
            "eps_avg_yearly": 0,
            "eps_latest_yearly": 0,
            "eps_growth_yearly": 0
        },
        "20033": {
            "year_quarter": 20033,
            "year": 2003,
            "quarter": 3,
            "eps": null,
            "eps_growth_year": null,
            "eps_4q": null,
            "eps_4q_growth_year": null,
            "roe": null,
            "roe_4q": 0,
            "gross_profit": null,
            "gross_margin": null,
            "gross_margin_4q_avg": 0,
            "net_income": null,
            "revenue": null,
            "common_shares": null,
            "book_valuer_per_share": null,
            "book_valuer_per_share_4q_avg": 0,
            "equity": null,
            "current_ratio": null,
            "debt_ratio": null,
            "inventory_turnover_ratio": null,
            "account_receivable_turnover_ratio": null,
            "reinvestment_rate": null,
            "research_to_sale_ratio": null,
            "price_fair": 0,
            "eps_avg_yearly": 0,
            "eps_latest_yearly": 0,
            "eps_growth_yearly": 0
        },
        "20034": {
            "year_quarter": 20034,
            "year": 2003,
            "quarter": 4,
            "eps": null,
            "eps_growth_year": null,
            "eps_4q": null,
            "eps_4q_growth_year": null,
            "roe": null,
            "roe_4q": 0,
            "gross_profit": null,
            "gross_margin": null,
            "gross_margin_4q_avg": 0,
            "net_income": null,
            "revenue": null,
            "common_shares": null,
            "book_valuer_per_share": null,
            "book_valuer_per_share_4q_avg": 0,
            "equity": null,
            "current_ratio": null,
            "debt_ratio": null,
            "inventory_turnover_ratio": null,
            "account_receivable_turnover_ratio": null,
            "reinvestment_rate": null,
            "research_to_sale_ratio": null,
            "price_fair": 0,
            "eps_avg_yearly": 0,
            "eps_latest_yearly": 0,
            "eps_growth_yearly": 0
        },
        "20041": {
            "year_quarter": 20041,
            "year": 2004,
            "quarter": 1,
            "eps": null,
            "eps_growth_year": null,
            "eps_4q": null,
            "eps_4q_growth_year": null,
            "roe": null,
            "roe_4q": 0,
            "gross_profit": null,
            "gross_margin": null,
            "gross_margin_4q_avg": 0,
            "net_income": null,
            "revenue": null,
            "common_shares": null,
            "book_valuer_per_share": null,
            "book_valuer_per_share_4q_avg": 0,
            "equity": null,
            "current_ratio": null,
            "debt_ratio": null,
            "inventory_turnover_ratio": null,
            "account_receivable_turnover_ratio": null,
            "reinvestment_rate": null,
            "research_to_sale_ratio": null,
            "price_fair": 0,
            "eps_avg_yearly": 0,
            "eps_latest_yearly": 0,
            "eps_growth_yearly": 0
        },
        "20042": {
            "year_quarter": 20042,
            "year": 2004,
            "quarter": 2,
            "eps": null,
            "eps_growth_year": null,
            "eps_4q": null,
            "eps_4q_growth_year": null,
            "roe": null,
            "roe_4q": 0,
            "gross_profit": null,
            "gross_margin": null,
            "gross_margin_4q_avg": 0,
            "net_income": null,
            "revenue": null,
            "common_shares": null,
            "book_valuer_per_share": null,
            "book_valuer_per_share_4q_avg": 0,
            "equity": null,
            "current_ratio": null,
            "debt_ratio": null,
            "inventory_turnover_ratio": null,
            "account_receivable_turnover_ratio": null,
            "reinvestment_rate": null,
            "research_to_sale_ratio": null,
            "price_fair": 0,
            "eps_avg_yearly": 0,
            "eps_latest_yearly": 0,
            "eps_growth_yearly": 0
        },
        "20043": {
            "year_quarter": 20043,
            "year": 2004,
            "quarter": 3,
            "eps": null,
            "eps_growth_year": null,
            "eps_4q": null,
            "eps_4q_growth_year": null,
            "roe": null,
            "roe_4q": 0,
            "gross_profit": null,
            "gross_margin": null,
            "gross_margin_4q_avg": 0,
            "net_income": null,
            "revenue": null,
            "common_shares": null,
            "book_valuer_per_share": null,
            "book_valuer_per_share_4q_avg": 0,
            "equity": null,
            "current_ratio": null,
            "debt_ratio": null,
            "inventory_turnover_ratio": null,
            "account_receivable_turnover_ratio": null,
            "reinvestment_rate": null,
            "research_to_sale_ratio": null,
            "price_fair": 0,
            "eps_avg_yearly": 0,
            "eps_latest_yearly": 0,
            "eps_growth_yearly": 0
        },
        "20044": {
            "year_quarter": 20044,
            "year": 2004,
            "quarter": 4,
            "eps": null,
            "eps_growth_year": null,
            "eps_4q": null,
            "eps_4q_growth_year": null,
            "roe": null,
            "roe_4q": 0,
            "gross_profit": null,
            "gross_margin": null,
            "gross_margin_4q_avg": 0,
            "net_income": null,
            "revenue": null,
            "common_shares": null,
            "book_valuer_per_share": null,
            "book_valuer_per_share_4q_avg": 0,
            "equity": null,
            "current_ratio": null,
            "debt_ratio": null,
            "inventory_turnover_ratio": null,
            "account_receivable_turnover_ratio": null,
            "reinvestment_rate": null,
            "research_to_sale_ratio": null,
            "price_fair": 0,
            "eps_avg_yearly": 0,
            "eps_latest_yearly": 0,
            "eps_growth_yearly": 0
        },
        "20051": {
            "year_quarter": 20051,
            "year": 2005,
            "quarter": 1,
            "eps": null,
            "eps_growth_year": null,
            "eps_4q": null,
            "eps_4q_growth_year": null,
            "roe": null,
            "roe_4q": 0,
            "gross_profit": null,
            "gross_margin": null,
            "gross_margin_4q_avg": 0,
            "net_income": null,
            "revenue": null,
            "common_shares": null,
            "book_valuer_per_share": null,
            "book_valuer_per_share_4q_avg": 0,
            "equity": null,
            "current_ratio": null,
            "debt_ratio": null,
            "inventory_turnover_ratio": null,
            "account_receivable_turnover_ratio": null,
            "reinvestment_rate": null,
            "research_to_sale_ratio": null,
            "price_fair": 0,
            "eps_avg_yearly": 0,
            "eps_latest_yearly": 0,
            "eps_growth_yearly": 0
        },
        "20052": {
            "year_quarter": 20052,
            "year": 2005,
            "quarter": 2,
            "eps": null,
            "eps_growth_year": null,
            "eps_4q": null,
            "eps_4q_growth_year": null,
            "roe": null,
            "roe_4q": 0,
            "gross_profit": null,
            "gross_margin": null,
            "gross_margin_4q_avg": 0,
            "net_income": null,
            "revenue": null,
            "common_shares": null,
            "book_valuer_per_share": null,
            "book_valuer_per_share_4q_avg": 0,
            "equity": null,
            "current_ratio": null,
            "debt_ratio": null,
            "inventory_turnover_ratio": null,
            "account_receivable_turnover_ratio": null,
            "reinvestment_rate": null,
            "research_to_sale_ratio": null,
            "price_fair": 0,
            "eps_avg_yearly": 0,
            "eps_latest_yearly": 0,
            "eps_growth_yearly": 0
        },
        "20053": {
            "year_quarter": 20053,
            "year": 2005,
            "quarter": 3,
            "eps": null,
            "eps_growth_year": null,
            "eps_4q": null,
            "eps_4q_growth_year": null,
            "roe": null,
            "roe_4q": 0,
            "gross_profit": null,
            "gross_margin": null,
            "gross_margin_4q_avg": 0,
            "net_income": null,
            "revenue": null,
            "common_shares": null,
            "book_valuer_per_share": null,
            "book_valuer_per_share_4q_avg": 0,
            "equity": null,
            "current_ratio": null,
            "debt_ratio": null,
            "inventory_turnover_ratio": null,
            "account_receivable_turnover_ratio": null,
            "reinvestment_rate": null,
            "research_to_sale_ratio": null,
            "price_fair": 0,
            "eps_avg_yearly": 0,
            "eps_latest_yearly": 0,
            "eps_growth_yearly": 0
        },
        "20054": {
            "year_quarter": 20054,
            "year": 2005,
            "quarter": 4,
            "eps": null,
            "eps_growth_year": null,
            "eps_4q": null,
            "eps_4q_growth_year": null,
            "roe": null,
            "roe_4q": 0,
            "gross_profit": null,
            "gross_margin": null,
            "gross_margin_4q_avg": 0,
            "net_income": null,
            "revenue": null,
            "common_shares": null,
            "book_valuer_per_share": null,
            "book_valuer_per_share_4q_avg": 0,
            "equity": null,
            "current_ratio": null,
            "debt_ratio": null,
            "inventory_turnover_ratio": null,
            "account_receivable_turnover_ratio": null,
            "reinvestment_rate": null,
            "research_to_sale_ratio": null,
            "price_fair": 0,
            "eps_avg_yearly": 0,
            "eps_latest_yearly": 0,
            "eps_growth_yearly": 0
        },
        "20061": {
            "year_quarter": 20061,
            "year": 2006,
            "quarter": 1,
            "eps": null,
            "eps_growth_year": null,
            "eps_4q": null,
            "eps_4q_growth_year": null,
            "roe": null,
            "roe_4q": 0,
            "gross_profit": null,
            "gross_margin": null,
            "gross_margin_4q_avg": 0,
            "net_income": null,
            "revenue": null,
            "common_shares": null,
            "book_valuer_per_share": null,
            "book_valuer_per_share_4q_avg": 0,
            "equity": null,
            "current_ratio": null,
            "debt_ratio": null,
            "inventory_turnover_ratio": null,
            "account_receivable_turnover_ratio": null,
            "reinvestment_rate": null,
            "research_to_sale_ratio": null,
            "price_fair": 0,
            "eps_avg_yearly": 0,
            "eps_latest_yearly": 0,
            "eps_growth_yearly": 0
        },
        "20062": {
            "year_quarter": 20062,
            "year": 2006,
            "quarter": 2,
            "eps": null,
            "eps_growth_year": null,
            "eps_4q": null,
            "eps_4q_growth_year": null,
            "roe": null,
            "roe_4q": 0,
            "gross_profit": null,
            "gross_margin": null,
            "gross_margin_4q_avg": 0,
            "net_income": null,
            "revenue": null,
            "common_shares": null,
            "book_valuer_per_share": null,
            "book_valuer_per_share_4q_avg": 0,
            "equity": null,
            "current_ratio": null,
            "debt_ratio": null,
            "inventory_turnover_ratio": null,
            "account_receivable_turnover_ratio": null,
            "reinvestment_rate": null,
            "research_to_sale_ratio": null,
            "price_fair": 0,
            "eps_avg_yearly": 0,
            "eps_latest_yearly": 0,
            "eps_growth_yearly": 0
        },
        "20063": {
            "year_quarter": 20063,
            "year": 2006,
            "quarter": 3,
            "eps": null,
            "eps_growth_year": null,
            "eps_4q": null,
            "eps_4q_growth_year": null,
            "roe": null,
            "roe_4q": 0,
            "gross_profit": null,
            "gross_margin": null,
            "gross_margin_4q_avg": 0,
            "net_income": null,
            "revenue": null,
            "common_shares": null,
            "book_valuer_per_share": null,
            "book_valuer_per_share_4q_avg": 0,
            "equity": null,
            "current_ratio": null,
            "debt_ratio": null,
            "inventory_turnover_ratio": null,
            "account_receivable_turnover_ratio": null,
            "reinvestment_rate": null,
            "research_to_sale_ratio": null,
            "price_fair": 0,
            "eps_avg_yearly": 0,
            "eps_latest_yearly": 0,
            "eps_growth_yearly": 0
        },
        "20064": {
            "year_quarter": 20064,
            "year": 2006,
            "quarter": 4,
            "eps": null,
            "eps_growth_year": null,
            "eps_4q": null,
            "eps_4q_growth_year": null,
            "roe": null,
            "roe_4q": 0,
            "gross_profit": null,
            "gross_margin": null,
            "gross_margin_4q_avg": 0,
            "net_income": null,
            "revenue": null,
            "common_shares": null,
            "book_valuer_per_share": null,
            "book_valuer_per_share_4q_avg": 0,
            "equity": null,
            "current_ratio": null,
            "debt_ratio": null,
            "inventory_turnover_ratio": null,
            "account_receivable_turnover_ratio": null,
            "reinvestment_rate": null,
            "research_to_sale_ratio": null,
            "price_fair": 0,
            "eps_avg_yearly": 0,
            "eps_latest_yearly": 0,
            "eps_growth_yearly": 0
        },
        "20071": {
            "year_quarter": 20071,
            "year": 2007,
            "quarter": 1,
            "eps": null,
            "eps_growth_year": null,
            "eps_4q": null,
            "eps_4q_growth_year": null,
            "roe": null,
            "roe_4q": 0,
            "gross_profit": null,
            "gross_margin": null,
            "gross_margin_4q_avg": 0,
            "net_income": null,
            "revenue": null,
            "common_shares": null,
            "book_valuer_per_share": null,
            "book_valuer_per_share_4q_avg": 0,
            "equity": null,
            "current_ratio": null,
            "debt_ratio": null,
            "inventory_turnover_ratio": null,
            "account_receivable_turnover_ratio": null,
            "reinvestment_rate": null,
            "research_to_sale_ratio": null,
            "price_fair": 0,
            "eps_avg_yearly": 0,
            "eps_latest_yearly": 0,
            "eps_growth_yearly": 0
        },
        "20072": {
            "year_quarter": 20072,
            "year": 2007,
            "quarter": 2,
            "eps": null,
            "eps_growth_year": null,
            "eps_4q": null,
            "eps_4q_growth_year": null,
            "roe": null,
            "roe_4q": 0,
            "gross_profit": null,
            "gross_margin": null,
            "gross_margin_4q_avg": 0,
            "net_income": null,
            "revenue": null,
            "common_shares": null,
            "book_valuer_per_share": null,
            "book_valuer_per_share_4q_avg": 0,
            "equity": null,
            "current_ratio": null,
            "debt_ratio": null,
            "inventory_turnover_ratio": null,
            "account_receivable_turnover_ratio": null,
            "reinvestment_rate": null,
            "research_to_sale_ratio": null,
            "price_fair": 0,
            "eps_avg_yearly": 0,
            "eps_latest_yearly": 0,
            "eps_growth_yearly": 0
        },
        "20073": {
            "year_quarter": 20073,
            "year": 2007,
            "quarter": 3,
            "eps": null,
            "eps_growth_year": null,
            "eps_4q": null,
            "eps_4q_growth_year": null,
            "roe": null,
            "roe_4q": 0,
            "gross_profit": null,
            "gross_margin": null,
            "gross_margin_4q_avg": 0,
            "net_income": null,
            "revenue": null,
            "common_shares": null,
            "book_valuer_per_share": null,
            "book_valuer_per_share_4q_avg": 0,
            "equity": null,
            "current_ratio": null,
            "debt_ratio": null,
            "inventory_turnover_ratio": null,
            "account_receivable_turnover_ratio": null,
            "reinvestment_rate": null,
            "research_to_sale_ratio": null,
            "price_fair": 0,
            "eps_avg_yearly": 0,
            "eps_latest_yearly": 0,
            "eps_growth_yearly": 0
        },
        "20074": {
            "year_quarter": 20074,
            "year": 2007,
            "quarter": 4,
            "eps": null,
            "eps_growth_year": null,
            "eps_4q": null,
            "eps_4q_growth_year": null,
            "roe": null,
            "roe_4q": 0,
            "gross_profit": null,
            "gross_margin": null,
            "gross_margin_4q_avg": 0,
            "net_income": null,
            "revenue": null,
            "common_shares": null,
            "book_valuer_per_share": null,
            "book_valuer_per_share_4q_avg": 0,
            "equity": null,
            "current_ratio": null,
            "debt_ratio": null,
            "inventory_turnover_ratio": null,
            "account_receivable_turnover_ratio": null,
            "reinvestment_rate": null,
            "research_to_sale_ratio": null,
            "price_fair": 0,
            "eps_avg_yearly": 0,
            "eps_latest_yearly": 0,
            "eps_growth_yearly": 0
        },
        "20081": {
            "year_quarter": 20081,
            "year": 2008,
            "quarter": 1,
            "eps": null,
            "eps_growth_year": null,
            "eps_4q": null,
            "eps_4q_growth_year": null,
            "roe": null,
            "roe_4q": 0,
            "gross_profit": null,
            "gross_margin": null,
            "gross_margin_4q_avg": 0,
            "net_income": null,
            "revenue": null,
            "common_shares": null,
            "book_valuer_per_share": null,
            "book_valuer_per_share_4q_avg": 0,
            "equity": null,
            "current_ratio": null,
            "debt_ratio": null,
            "inventory_turnover_ratio": null,
            "account_receivable_turnover_ratio": null,
            "reinvestment_rate": null,
            "research_to_sale_ratio": null,
            "price_fair": 0,
            "eps_avg_yearly": 0,
            "eps_latest_yearly": 0,
            "eps_growth_yearly": 0
        },
        "20082": {
            "year_quarter": 20082,
            "year": 2008,
            "quarter": 2,
            "eps": null,
            "eps_growth_year": null,
            "eps_4q": null,
            "eps_4q_growth_year": null,
            "roe": null,
            "roe_4q": 0,
            "gross_profit": null,
            "gross_margin": null,
            "gross_margin_4q_avg": 0,
            "net_income": null,
            "revenue": null,
            "common_shares": null,
            "book_valuer_per_share": null,
            "book_valuer_per_share_4q_avg": 0,
            "equity": null,
            "current_ratio": null,
            "debt_ratio": null,
            "inventory_turnover_ratio": null,
            "account_receivable_turnover_ratio": null,
            "reinvestment_rate": null,
            "research_to_sale_ratio": null,
            "price_fair": 0,
            "eps_avg_yearly": 0,
            "eps_latest_yearly": 0,
            "eps_growth_yearly": 0
        },
        "20083": {
            "year_quarter": 20083,
            "year": 2008,
            "quarter": 3,
            "eps": null,
            "eps_growth_year": null,
            "eps_4q": null,
            "eps_4q_growth_year": null,
            "roe": null,
            "roe_4q": 0,
            "gross_profit": null,
            "gross_margin": null,
            "gross_margin_4q_avg": 0,
            "net_income": null,
            "revenue": null,
            "common_shares": null,
            "book_valuer_per_share": null,
            "book_valuer_per_share_4q_avg": 0,
            "equity": null,
            "current_ratio": null,
            "debt_ratio": null,
            "inventory_turnover_ratio": null,
            "account_receivable_turnover_ratio": null,
            "reinvestment_rate": null,
            "research_to_sale_ratio": null,
            "price_fair": 0,
            "eps_avg_yearly": 0,
            "eps_latest_yearly": 0,
            "eps_growth_yearly": 0
        },
        "20084": {
            "year_quarter": 20084,
            "year": 2008,
            "quarter": 4,
            "eps": null,
            "eps_growth_year": null,
            "eps_4q": null,
            "eps_4q_growth_year": null,
            "roe": null,
            "roe_4q": 0,
            "gross_profit": null,
            "gross_margin": null,
            "gross_margin_4q_avg": 0,
            "net_income": null,
            "revenue": null,
            "common_shares": null,
            "book_valuer_per_share": null,
            "book_valuer_per_share_4q_avg": 0,
            "equity": null,
            "current_ratio": null,
            "debt_ratio": null,
            "inventory_turnover_ratio": null,
            "account_receivable_turnover_ratio": null,
            "reinvestment_rate": null,
            "research_to_sale_ratio": null,
            "price_fair": 0,
            "eps_avg_yearly": 0,
            "eps_latest_yearly": 0,
            "eps_growth_yearly": 0
        },
        "20091": {
            "year_quarter": 20091,
            "year": 2009,
            "quarter": 1,
            "eps": null,
            "eps_growth_year": null,
            "eps_4q": null,
            "eps_4q_growth_year": null,
            "roe": null,
            "roe_4q": 0,
            "gross_profit": null,
            "gross_margin": null,
            "gross_margin_4q_avg": 0,
            "net_income": null,
            "revenue": null,
            "common_shares": null,
            "book_valuer_per_share": null,
            "book_valuer_per_share_4q_avg": 0,
            "equity": null,
            "current_ratio": null,
            "debt_ratio": null,
            "inventory_turnover_ratio": null,
            "account_receivable_turnover_ratio": null,
            "reinvestment_rate": null,
            "research_to_sale_ratio": null,
            "price_fair": 0,
            "eps_avg_yearly": 0,
            "eps_latest_yearly": 0,
            "eps_growth_yearly": 0
        },
        "20092": {
            "year_quarter": 20092,
            "year": 2009,
            "quarter": 2,
            "eps": null,
            "eps_growth_year": null,
            "eps_4q": null,
            "eps_4q_growth_year": null,
            "roe": null,
            "roe_4q": 0,
            "gross_profit": null,
            "gross_margin": null,
            "gross_margin_4q_avg": 0,
            "net_income": null,
            "revenue": null,
            "common_shares": null,
            "book_valuer_per_share": null,
            "book_valuer_per_share_4q_avg": 0,
            "equity": null,
            "current_ratio": null,
            "debt_ratio": null,
            "inventory_turnover_ratio": null,
            "account_receivable_turnover_ratio": null,
            "reinvestment_rate": null,
            "research_to_sale_ratio": null,
            "price_fair": 0,
            "eps_avg_yearly": 0,
            "eps_latest_yearly": 0,
            "eps_growth_yearly": 0
        },
        "20093": {
            "year_quarter": 20093,
            "year": 2009,
            "quarter": 3,
            "eps": null,
            "eps_growth_year": null,
            "eps_4q": null,
            "eps_4q_growth_year": null,
            "roe": null,
            "roe_4q": 0,
            "gross_profit": null,
            "gross_margin": null,
            "gross_margin_4q_avg": 0,
            "net_income": null,
            "revenue": null,
            "common_shares": null,
            "book_valuer_per_share": null,
            "book_valuer_per_share_4q_avg": 0,
            "equity": null,
            "current_ratio": null,
            "debt_ratio": null,
            "inventory_turnover_ratio": null,
            "account_receivable_turnover_ratio": null,
            "reinvestment_rate": null,
            "research_to_sale_ratio": null,
            "price_fair": 0,
            "eps_avg_yearly": 0,
            "eps_latest_yearly": 0,
            "eps_growth_yearly": 0
        },
        "20094": {
            "year_quarter": 20094,
            "year": 2009,
            "quarter": 4,
            "eps": null,
            "eps_growth_year": null,
            "eps_4q": null,
            "eps_4q_growth_year": null,
            "roe": null,
            "roe_4q": 0,
            "gross_profit": null,
            "gross_margin": null,
            "gross_margin_4q_avg": 0,
            "net_income": null,
            "revenue": null,
            "common_shares": null,
            "book_valuer_per_share": null,
            "book_valuer_per_share_4q_avg": 0,
            "equity": null,
            "current_ratio": null,
            "debt_ratio": null,
            "inventory_turnover_ratio": null,
            "account_receivable_turnover_ratio": null,
            "reinvestment_rate": null,
            "research_to_sale_ratio": null,
            "price_fair": 0,
            "eps_avg_yearly": 0,
            "eps_latest_yearly": 0,
            "eps_growth_yearly": 0
        },
        "20101": {
            "year_quarter": 20101,
            "year": 2010,
            "quarter": 1,
            "eps": null,
            "eps_growth_year": null,
            "eps_4q": null,
            "eps_4q_growth_year": null,
            "roe": null,
            "roe_4q": 0,
            "gross_profit": null,
            "gross_margin": null,
            "gross_margin_4q_avg": 0,
            "net_income": null,
            "revenue": null,
            "common_shares": null,
            "book_valuer_per_share": null,
            "book_valuer_per_share_4q_avg": 0,
            "equity": null,
            "current_ratio": null,
            "debt_ratio": null,
            "inventory_turnover_ratio": null,
            "account_receivable_turnover_ratio": null,
            "reinvestment_rate": null,
            "research_to_sale_ratio": null,
            "price_fair": 0,
            "eps_avg_yearly": 0,
            "eps_latest_yearly": 0,
            "eps_growth_yearly": 0
        },
        "20102": {
            "year_quarter": 20102,
            "year": 2010,
            "quarter": 2,
            "eps": null,
            "eps_growth_year": null,
            "eps_4q": null,
            "eps_4q_growth_year": null,
            "roe": null,
            "roe_4q": 0,
            "gross_profit": null,
            "gross_margin": null,
            "gross_margin_4q_avg": 0,
            "net_income": null,
            "revenue": null,
            "common_shares": null,
            "book_valuer_per_share": null,
            "book_valuer_per_share_4q_avg": 0,
            "equity": null,
            "current_ratio": null,
            "debt_ratio": null,
            "inventory_turnover_ratio": null,
            "account_receivable_turnover_ratio": null,
            "reinvestment_rate": null,
            "research_to_sale_ratio": null,
            "price_fair": 0,
            "eps_avg_yearly": 0,
            "eps_latest_yearly": 0,
            "eps_growth_yearly": 0
        },
        "20103": {
            "year_quarter": 20103,
            "year": 2010,
            "quarter": 3,
            "eps": null,
            "eps_growth_year": null,
            "eps_4q": null,
            "eps_4q_growth_year": null,
            "roe": null,
            "roe_4q": 0,
            "gross_profit": null,
            "gross_margin": null,
            "gross_margin_4q_avg": 0,
            "net_income": null,
            "revenue": null,
            "common_shares": null,
            "book_valuer_per_share": null,
            "book_valuer_per_share_4q_avg": 0,
            "equity": null,
            "current_ratio": null,
            "debt_ratio": null,
            "inventory_turnover_ratio": null,
            "account_receivable_turnover_ratio": null,
            "reinvestment_rate": null,
            "research_to_sale_ratio": null,
            "price_fair": 0,
            "eps_avg_yearly": 0,
            "eps_latest_yearly": 0,
            "eps_growth_yearly": 0
        },
        "20104": {
            "year_quarter": 20104,
            "year": 2010,
            "quarter": 4,
            "eps": null,
            "eps_growth_year": null,
            "eps_4q": null,
            "eps_4q_growth_year": null,
            "roe": null,
            "roe_4q": 0,
            "gross_profit": null,
            "gross_margin": null,
            "gross_margin_4q_avg": 0,
            "net_income": null,
            "revenue": null,
            "common_shares": 244090,
            "book_valuer_per_share": 24.06,
            "book_valuer_per_share_4q_avg": 6.02,
            "equity": 587169,
            "current_ratio": 251.24,
            "debt_ratio": 39.47,
            "inventory_turnover_ratio": null,
            "account_receivable_turnover_ratio": null,
            "reinvestment_rate": null,
            "research_to_sale_ratio": null,
            "price_fair": 0,
            "eps_avg_yearly": 0,
            "eps_latest_yearly": 0,
            "eps_growth_yearly": 0
        },
        "20111": {
            "year_quarter": 20111,
            "year": 2011,
            "quarter": 1,
            "eps": null,
            "eps_growth_year": null,
            "eps_4q": null,
            "eps_4q_growth_year": null,
            "roe": null,
            "roe_4q": 0,
            "gross_profit": null,
            "gross_margin": null,
            "gross_margin_4q_avg": 0,
            "net_income": null,
            "revenue": null,
            "common_shares": null,
            "book_valuer_per_share": null,
            "book_valuer_per_share_4q_avg": 6.02,
            "equity": null,
            "current_ratio": null,
            "debt_ratio": null,
            "inventory_turnover_ratio": null,
            "account_receivable_turnover_ratio": null,
            "reinvestment_rate": null,
            "research_to_sale_ratio": null,
            "price_fair": 0,
            "eps_avg_yearly": 0,
            "eps_latest_yearly": 0,
            "eps_growth_yearly": 0
        },
        "20112": {
            "year_quarter": 20112,
            "year": 2011,
            "quarter": 2,
            "eps": null,
            "eps_growth_year": null,
            "eps_4q": null,
            "eps_4q_growth_year": null,
            "roe": null,
            "roe_4q": 0,
            "gross_profit": null,
            "gross_margin": null,
            "gross_margin_4q_avg": 0,
            "net_income": null,
            "revenue": null,
            "common_shares": null,
            "book_valuer_per_share": null,
            "book_valuer_per_share_4q_avg": 6.02,
            "equity": null,
            "current_ratio": null,
            "debt_ratio": null,
            "inventory_turnover_ratio": null,
            "account_receivable_turnover_ratio": null,
            "reinvestment_rate": null,
            "research_to_sale_ratio": null,
            "price_fair": 0,
            "eps_avg_yearly": 0,
            "eps_latest_yearly": 0,
            "eps_growth_yearly": 0
        },
        "20113": {
            "year_quarter": 20113,
            "year": 2011,
            "quarter": 3,
            "eps": null,
            "eps_growth_year": null,
            "eps_4q": null,
            "eps_4q_growth_year": null,
            "roe": null,
            "roe_4q": 0,
            "gross_profit": null,
            "gross_margin": null,
            "gross_margin_4q_avg": 0,
            "net_income": null,
            "revenue": null,
            "common_shares": null,
            "book_valuer_per_share": null,
            "book_valuer_per_share_4q_avg": 6.02,
            "equity": null,
            "current_ratio": null,
            "debt_ratio": null,
            "inventory_turnover_ratio": null,
            "account_receivable_turnover_ratio": null,
            "reinvestment_rate": null,
            "research_to_sale_ratio": null,
            "price_fair": 0,
            "eps_avg_yearly": 0,
            "eps_latest_yearly": 0,
            "eps_growth_yearly": 0
        },
        "20114": {
            "year_quarter": 20114,
            "year": 2011,
            "quarter": 4,
            "eps": null,
            "eps_growth_year": null,
            "eps_4q": null,
            "eps_4q_growth_year": null,
            "roe": null,
            "roe_4q": 0,
            "gross_profit": null,
            "gross_margin": null,
            "gross_margin_4q_avg": 0,
            "net_income": null,
            "revenue": null,
            "common_shares": 38,
            "book_valuer_per_share": 166020.79,
            "book_valuer_per_share_4q_avg": 41505.2,
            "equity": 630879,
            "current_ratio": 174.52,
            "debt_ratio": 53.39,
            "inventory_turnover_ratio": null,
            "account_receivable_turnover_ratio": null,
            "reinvestment_rate": null,
            "research_to_sale_ratio": null,
            "price_fair": 0,
            "eps_avg_yearly": 0,
            "eps_latest_yearly": 0,
            "eps_growth_yearly": 0
        },
        "20121": {
            "year_quarter": 20121,
            "year": 2012,
            "quarter": 1,
            "eps": null,
            "eps_growth_year": null,
            "eps_4q": null,
            "eps_4q_growth_year": null,
            "roe": null,
            "roe_4q": 0,
            "gross_profit": 0,
            "gross_margin": null,
            "gross_margin_4q_avg": 0,
            "net_income": 0,
            "revenue": 0,
            "common_shares": 0,
            "book_valuer_per_share": null,
            "book_valuer_per_share_4q_avg": 41505.2,
            "equity": 0,
            "current_ratio": null,
            "debt_ratio": null,
            "inventory_turnover_ratio": null,
            "account_receivable_turnover_ratio": null,
            "reinvestment_rate": null,
            "research_to_sale_ratio": null,
            "price_fair": 0,
            "eps_avg_yearly": 0,
            "eps_latest_yearly": 0,
            "eps_growth_yearly": 0
        },
        "20122": {
            "year_quarter": 20122,
            "year": 2012,
            "quarter": 2,
            "eps": null,
            "eps_growth_year": null,
            "eps_4q": null,
            "eps_4q_growth_year": null,
            "roe": null,
            "roe_4q": 0,
            "gross_profit": 0,
            "gross_margin": null,
            "gross_margin_4q_avg": 0,
            "net_income": 0,
            "revenue": 0,
            "common_shares": 0,
            "book_valuer_per_share": null,
            "book_valuer_per_share_4q_avg": 41505.2,
            "equity": 0,
            "current_ratio": null,
            "debt_ratio": null,
            "inventory_turnover_ratio": null,
            "account_receivable_turnover_ratio": null,
            "reinvestment_rate": null,
            "research_to_sale_ratio": null,
            "price_fair": 0,
            "eps_avg_yearly": 0,
            "eps_latest_yearly": 0,
            "eps_growth_yearly": 0
        },
        "20123": {
            "year_quarter": 20123,
            "year": 2012,
            "quarter": 3,
            "eps": null,
            "eps_growth_year": null,
            "eps_4q": null,
            "eps_4q_growth_year": null,
            "roe": null,
            "roe_4q": 0,
            "gross_profit": 0,
            "gross_margin": null,
            "gross_margin_4q_avg": 0,
            "net_income": 0,
            "revenue": 0,
            "common_shares": 0,
            "book_valuer_per_share": null,
            "book_valuer_per_share_4q_avg": 41505.2,
            "equity": 0,
            "current_ratio": null,
            "debt_ratio": null,
            "inventory_turnover_ratio": null,
            "account_receivable_turnover_ratio": null,
            "reinvestment_rate": null,
            "research_to_sale_ratio": null,
            "price_fair": 0,
            "eps_avg_yearly": 0,
            "eps_latest_yearly": 0,
            "eps_growth_yearly": 0
        },
        "20124": {
            "year_quarter": 20124,
            "year": 2012,
            "quarter": 4,
            "eps": null,
            "eps_growth_year": null,
            "eps_4q": null,
            "eps_4q_growth_year": null,
            "roe": null,
            "roe_4q": 0,
            "gross_profit": 1063008,
            "gross_margin": null,
            "gross_margin_4q_avg": 0,
            "net_income": 369623,
            "revenue": 2790074,
            "common_shares": 1475,
            "book_valuer_per_share": 6638.95,
            "book_valuer_per_share_4q_avg": 1659.74,
            "equity": 979245,
            "current_ratio": 145.75,
            "debt_ratio": 46.23,
            "inventory_turnover_ratio": null,
            "account_receivable_turnover_ratio": null,
            "reinvestment_rate": null,
            "research_to_sale_ratio": null,
            "price_fair": 0,
            "eps_avg_yearly": 0,
            "eps_latest_yearly": 0,
            "eps_growth_yearly": 0
        },
        "20131": {
            "year_quarter": 20131,
            "year": 2013,
            "quarter": 1,
            "eps": 2,
            "eps_growth_year": null,
            "eps_4q": 2,
            "eps_4q_growth_year": null,
            "roe": 8.67,
            "roe_4q": 8.67,
            "gross_profit": 273402,
            "gross_margin": 41.1,
            "gross_margin_4q_avg": 10.28,
            "net_income": 90165,
            "revenue": 665187,
            "common_shares": 450000,
            "book_valuer_per_share": 24.48,
            "book_valuer_per_share_4q_avg": 1665.86,
            "equity": 1101410,
            "current_ratio": 180.35,
            "debt_ratio": 37.86,
            "inventory_turnover_ratio": 5.13,
            "account_receivable_turnover_ratio": 0.84,
            "reinvestment_rate": null,
            "research_to_sale_ratio": 2.29,
            "price_fair": 0,
            "eps_avg_yearly": 0,
            "eps_latest_yearly": 0,
            "eps_growth_yearly": 0
        },
        "20132": {
            "year_quarter": 20132,
            "year": 2013,
            "quarter": 2,
            "eps": 2.4,
            "eps_growth_year": null,
            "eps_4q": 4.4,
            "eps_4q_growth_year": null,
            "roe": 9.25,
            "roe_4q": 17.92,
            "gross_profit": 345468,
            "gross_margin": 39.76,
            "gross_margin_4q_avg": 20.22,
            "net_income": 107737,
            "revenue": 868792,
            "common_shares": 450000,
            "book_valuer_per_share": 27.31,
            "book_valuer_per_share_4q_avg": 1672.69,
            "equity": 1229019,
            "current_ratio": 208.8,
            "debt_ratio": 35.15,
            "inventory_turnover_ratio": 7.21,
            "account_receivable_turnover_ratio": 0.96,
            "reinvestment_rate": null,
            "research_to_sale_ratio": 1.79,
            "price_fair": 336,
            "eps_avg_yearly": 9.6,
            "eps_latest_yearly": 9.6,
            "eps_growth_yearly": 80
        },
        "20133": {
            "year_quarter": 20133,
            "year": 2013,
            "quarter": 3,
            "eps": 3.42,
            "eps_growth_year": null,
            "eps_4q": 7.82,
            "eps_4q_growth_year": null,
            "roe": 11.84,
            "roe_4q": 29.759999999999998,
            "gross_profit": 392461,
            "gross_margin": 41.14,
            "gross_margin_4q_avg": 30.5,
            "net_income": 153787,
            "revenue": 953940,
            "common_shares": 450000,
            "book_valuer_per_share": 30.42,
            "book_valuer_per_share_4q_avg": 1680.29,
            "equity": 1368720,
            "current_ratio": 191.28,
            "debt_ratio": 41.81,
            "inventory_turnover_ratio": 7.86,
            "account_receivable_turnover_ratio": 0.9,
            "reinvestment_rate": null,
            "research_to_sale_ratio": 1.18,
            "price_fair": 407.4,
            "eps_avg_yearly": 11.64,
            "eps_latest_yearly": 13.68,
            "eps_growth_yearly": 125
        },
        "20134": {
            "year_quarter": 20134,
            "year": 2013,
            "quarter": 4,
            "eps": 4.21,
            "eps_growth_year": null,
            "eps_4q": 10.87,
            "eps_4q_growth_year": null,
            "roe": 11.43,
            "roe_4q": 41.19,
            "gross_profit": 532534,
            "gross_margin": 40.73,
            "gross_margin_4q_avg": 40.68,
            "net_income": 222120,
            "revenue": 1307526,
            "common_shares": 528000,
            "book_valuer_per_share": 47.67,
            "book_valuer_per_share_4q_avg": 32.47,
            "equity": 2516920,
            "current_ratio": 285.62,
            "debt_ratio": 32.32,
            "inventory_turnover_ratio": 10.19,
            "account_receivable_turnover_ratio": 0.98,
            "reinvestment_rate": null,
            "research_to_sale_ratio": 1.22,
            "price_fair": 468.07,
            "eps_avg_yearly": 13.37,
            "eps_latest_yearly": 16.84,
            "eps_growth_yearly": 114.13
        },
        "20141": {
            "year_quarter": 20141,
            "year": 2014,
            "quarter": 1,
            "eps": 3.11,
            "eps_growth_year": 55.5,
            "eps_4q": 12.27,
            "eps_4q_growth_year": 512.55,
            "roe": 6.34,
            "roe_4q": 38.86,
            "gross_profit": 361197,
            "gross_margin": 41.4,
            "gross_margin_4q_avg": 40.76,
            "net_income": 164395,
            "revenue": 872364,
            "common_shares": 528000,
            "book_valuer_per_share": 50.55,
            "book_valuer_per_share_4q_avg": 38.99,
            "equity": 2669125,
            "current_ratio": 358.04,
            "debt_ratio": 27.07,
            "inventory_turnover_ratio": 5.58,
            "account_receivable_turnover_ratio": 0.68,
            "reinvestment_rate": null,
            "research_to_sale_ratio": 1.39,
            "price_fair": 459.9,
            "eps_avg_yearly": 13.14,
            "eps_latest_yearly": 12.44,
            "eps_growth_yearly": 59.47
        },
        "20142": {
            "year_quarter": 20142,
            "year": 2014,
            "quarter": 2,
            "eps": 2.67,
            "eps_growth_year": 11.25,
            "eps_4q": 11.97,
            "eps_4q_growth_year": 172.22,
            "roe": 5.95,
            "roe_4q": 35.56,
            "gross_profit": 464506,
            "gross_margin": 41.08,
            "gross_margin_4q_avg": 41.09,
            "net_income": 155005,
            "revenue": 1130685,
            "common_shares": 528000,
            "book_valuer_per_share": 48.06,
            "book_valuer_per_share_4q_avg": 44.18,
            "equity": 2537597,
            "current_ratio": 298.33,
            "debt_ratio": 32.11,
            "inventory_turnover_ratio": 8.74,
            "account_receivable_turnover_ratio": 0.97,
            "reinvestment_rate": null,
            "research_to_sale_ratio": 1.09,
            "price_fair": 442.68,
            "eps_avg_yearly": 12.65,
            "eps_latest_yearly": 10.68,
            "eps_growth_yearly": 36.26
        },
        "20143": {
            "year_quarter": 20143,
            "year": 2014,
            "quarter": 3,
            "eps": 2.27,
            "eps_growth_year": -33.63,
            "eps_4q": 11.6,
            "eps_4q_growth_year": 48.4,
            "roe": 5.01,
            "roe_4q": 28.73,
            "gross_profit": 436830,
            "gross_margin": 40.12,
            "gross_margin_4q_avg": 40.83,
            "net_income": 132067,
            "revenue": 1088932,
            "common_shares": 580800,
            "book_valuer_per_share": 47.12,
            "book_valuer_per_share_4q_avg": 48.35,
            "equity": 2736541,
            "current_ratio": 322.11,
            "debt_ratio": 30.57,
            "inventory_turnover_ratio": 12.22,
            "account_receivable_turnover_ratio": 0.84,
            "reinvestment_rate": null,
            "research_to_sale_ratio": 1.06,
            "price_fair": 364.35,
            "eps_avg_yearly": 12.05,
            "eps_latest_yearly": 9.08,
            "eps_growth_yearly": 20.23
        },
        "20144": {
            "year_quarter": 20144,
            "year": 2014,
            "quarter": 4,
            "eps": 5.21,
            "eps_growth_year": 23.85,
            "eps_4q": 12.98,
            "eps_4q_growth_year": 19.47,
            "roe": 10.31,
            "roe_4q": 27.61,
            "gross_profit": 613687,
            "gross_margin": 39.21,
            "gross_margin_4q_avg": 40.45,
            "net_income": 302598,
            "revenue": 1565020,
            "common_shares": 580800,
            "book_valuer_per_share": 53.97,
            "book_valuer_per_share_4q_avg": 49.93,
            "equity": 3134467,
            "current_ratio": 299.78,
            "debt_ratio": 33.48,
            "inventory_turnover_ratio": 13.01,
            "account_receivable_turnover_ratio": 0.99,
            "reinvestment_rate": null,
            "research_to_sale_ratio": 0.87,
            "price_fair": 465.8,
            "eps_avg_yearly": 13.31,
            "eps_latest_yearly": 20.84,
            "eps_growth_yearly": 91.35
        },
        "20151": {
            "year_quarter": 20151,
            "year": 2015,
            "quarter": 1,
            "eps": 2.96,
            "eps_growth_year": -4.82,
            "eps_4q": 13.11,
            "eps_4q_growth_year": 6.8,
            "roe": 5.36,
            "roe_4q": 26.63,
            "gross_profit": 418427,
            "gross_margin": 40.58,
            "gross_margin_4q_avg": 40.25,
            "net_income": 171670,
            "revenue": 1031061,
            "common_shares": 580800,
            "book_valuer_per_share": 56.41,
            "book_valuer_per_share_4q_avg": 51.39,
            "equity": 3276438,
            "current_ratio": 415.69,
            "debt_ratio": 26.25,
            "inventory_turnover_ratio": 7.58,
            "account_receivable_turnover_ratio": 0.67,
            "reinvestment_rate": null,
            "research_to_sale_ratio": 1.49,
            "price_fair": 459.38,
            "eps_avg_yearly": 13.13,
            "eps_latest_yearly": 11.84,
            "eps_growth_yearly": 58.34
        },
        "20152": {
            "year_quarter": 20152,
            "year": 2015,
            "quarter": 2,
            "eps": 3.21,
            "eps_growth_year": 20.22,
            "eps_4q": 13.65,
            "eps_4q_growth_year": 14,
            "roe": 5.9,
            "roe_4q": 26.58,
            "gross_profit": 545796,
            "gross_margin": 40.56,
            "gross_margin_4q_avg": 40.12,
            "net_income": 186293,
            "revenue": 1345730,
            "common_shares": 580800,
            "book_valuer_per_share": 52.33,
            "book_valuer_per_share_4q_avg": 52.46,
            "equity": 3039587,
            "current_ratio": 289.2,
            "debt_ratio": 35.55,
            "inventory_turnover_ratio": 12.06,
            "account_receivable_turnover_ratio": 0.97,
            "reinvestment_rate": null,
            "research_to_sale_ratio": 1.2,
            "price_fair": 458.27,
            "eps_avg_yearly": 13.09,
            "eps_latest_yearly": 12.84,
            "eps_growth_yearly": 55.61
        },
        "20153": {
            "year_quarter": 20153,
            "year": 2015,
            "quarter": 3,
            "eps": 2.67,
            "eps_growth_year": 17.62,
            "eps_4q": 14.04,
            "eps_4q_growth_year": 21.08,
            "roe": 4.87,
            "roe_4q": 26.439999999999998,
            "gross_profit": 519006,
            "gross_margin": 40.3,
            "gross_margin_4q_avg": 40.16,
            "net_income": 155036,
            "revenue": 1287912,
            "common_shares": 580800,
            "book_valuer_per_share": 57.21,
            "book_valuer_per_share_4q_avg": 54.98,
            "equity": 3322792,
            "current_ratio": 272.5,
            "debt_ratio": 37.54,
            "inventory_turnover_ratio": 7.92,
            "account_receivable_turnover_ratio": 0.83,
            "reinvestment_rate": null,
            "research_to_sale_ratio": 1.17,
            "price_fair": 449.82,
            "eps_avg_yearly": 12.85,
            "eps_latest_yearly": 10.68,
            "eps_growth_yearly": 43.32
        },
        "20154": {
            "year_quarter": 20154,
            "year": 2015,
            "quarter": 4,
            "eps": 5.57,
            "eps_growth_year": 6.85,
            "eps_4q": 14.4,
            "eps_4q_growth_year": 10.91,
            "roe": 9.44,
            "roe_4q": 25.57,
            "gross_profit": 656357,
            "gross_margin": 38.46,
            "gross_margin_4q_avg": 39.98,
            "net_income": 323327,
            "revenue": 1706708,
            "common_shares": 580800,
            "book_valuer_per_share": 60.71,
            "book_valuer_per_share_4q_avg": 56.67,
            "equity": 3526022,
            "current_ratio": 285.12,
            "debt_ratio": 36.9,
            "inventory_turnover_ratio": 9.52,
            "account_receivable_turnover_ratio": 0.97,
            "reinvestment_rate": 12.67,
            "research_to_sale_ratio": 0.82,
            "price_fair": 479.82,
            "eps_avg_yearly": 13.71,
            "eps_latest_yearly": 22.28,
            "eps_growth_yearly": 78.88
        },
        "20161": {
            "year_quarter": 20161,
            "year": 2016,
            "quarter": 1,
            "eps": 3.75,
            "eps_growth_year": 26.69,
            "eps_4q": 15.19,
            "eps_4q_growth_year": 15.9,
            "roe": 6.01,
            "roe_4q": 26.22,
            "gross_profit": 422060,
            "gross_margin": 38.63,
            "gross_margin_4q_avg": 39.49,
            "net_income": 217763,
            "revenue": 1092616,
            "common_shares": 580800,
            "book_valuer_per_share": 64.12,
            "book_valuer_per_share_4q_avg": 58.59,
            "equity": 3724186,
            "current_ratio": 338.94,
            "debt_ratio": 32.03,
            "inventory_turnover_ratio": 8.8,
            "account_receivable_turnover_ratio": 0.68,
            "reinvestment_rate": 14.98,
            "research_to_sale_ratio": 1.44,
            "price_fair": 483.58,
            "eps_avg_yearly": 13.82,
            "eps_latest_yearly": 15,
            "eps_growth_yearly": 61.41
        },
        "20162": {
            "year_quarter": 20162,
            "year": 2016,
            "quarter": 2,
            "eps": 4.92,
            "eps_growth_year": 53.27,
            "eps_4q": 14.09,
            "eps_4q_growth_year": 3.22,
            "roe": 7.81,
            "roe_4q": 28.13,
            "gross_profit": 552136,
            "gross_margin": 38.83,
            "gross_margin_4q_avg": 39.06,
            "net_income": 285619,
            "revenue": 1421996,
            "common_shares": 580800,
            "book_valuer_per_share": 61.85,
            "book_valuer_per_share_4q_avg": 60.97,
            "equity": 3592185,
            "current_ratio": 276.14,
            "debt_ratio": 37.86,
            "inventory_turnover_ratio": 13.08,
            "account_receivable_turnover_ratio": 0.99,
            "reinvestment_rate": 13.02,
            "research_to_sale_ratio": 1.11,
            "price_fair": 499.37,
            "eps_avg_yearly": 14.27,
            "eps_latest_yearly": 19.68,
            "eps_growth_yearly": 66.29
        },
        "20163": {
            "year_quarter": 20163,
            "year": 2016,
            "quarter": 3,
            "eps": 0.64,
            "eps_growth_year": -76.03,
            "eps_4q": 12.3,
            "eps_4q_growth_year": -12.44,
            "roe": 1.04,
            "roe_4q": 24.299999999999997,
            "gross_profit": 539958,
            "gross_margin": 39.14,
            "gross_margin_4q_avg": 38.77,
            "net_income": 37406,
            "revenue": 1379478,
            "common_shares": 586600,
            "book_valuer_per_share": 61.02,
            "book_valuer_per_share_4q_avg": 61.93,
            "equity": 3579706,
            "current_ratio": 258.11,
            "debt_ratio": 39.77,
            "inventory_turnover_ratio": 10.93,
            "account_receivable_turnover_ratio": 0.86,
            "reinvestment_rate": 12.27,
            "research_to_sale_ratio": 1.1,
            "price_fair": 470.1,
            "eps_avg_yearly": 13.43,
            "eps_latest_yearly": 2.56,
            "eps_growth_yearly": 36.7
        },
        "20164": {
            "year_quarter": 20164,
            "year": 2016,
            "quarter": 4,
            "eps": 2.77,
            "eps_growth_year": -50.29,
            "eps_4q": 10.46,
            "eps_4q_growth_year": -27.34,
            "roe": 5.31,
            "roe_4q": 20.17,
            "gross_profit": 693229,
            "gross_margin": 38.48,
            "gross_margin_4q_avg": 38.77,
            "net_income": 194462,
            "revenue": 1801727,
            "common_shares": 702760,
            "book_valuer_per_share": 53.25,
            "book_valuer_per_share_4q_avg": 60.06,
            "equity": 3741889,
            "current_ratio": 263.58,
            "debt_ratio": 39.29,
            "inventory_turnover_ratio": 13.61,
            "account_receivable_turnover_ratio": 0.99,
            "reinvestment_rate": 7.73,
            "research_to_sale_ratio": 0.57,
            "price_fair": 464.61,
            "eps_avg_yearly": 13.27,
            "eps_latest_yearly": 11.08,
            "eps_growth_yearly": 123
        },
        "20171": {
            "year_quarter": 20171,
            "year": 2017,
            "quarter": 1,
            "eps": 2.2,
            "eps_growth_year": -41.33,
            "eps_4q": 9.57,
            "eps_4q_growth_year": -37.02,
            "roe": 4.15,
            "roe_4q": 18.31,
            "gross_profit": 424431,
            "gross_margin": 39.11,
            "gross_margin_4q_avg": 38.89,
            "net_income": 154936,
            "revenue": 1085153,
            "common_shares": 702760,
            "book_valuer_per_share": 52.97,
            "book_valuer_per_share_4q_avg": 57.27,
            "equity": 3722455,
            "current_ratio": 306.38,
            "debt_ratio": 34.62,
            "inventory_turnover_ratio": 10.52,
            "account_receivable_turnover_ratio": 0.66,
            "reinvestment_rate": -3.55,
            "research_to_sale_ratio": 1.89,
            "price_fair": 454.83,
            "eps_avg_yearly": 13,
            "eps_latest_yearly": 8.8,
            "eps_growth_yearly": 110.17
        },
        "20172": {
            "year_quarter": 20172,
            "year": 2017,
            "quarter": 2,
            "eps": 4.05,
            "eps_growth_year": -17.68,
            "eps_4q": 8.68,
            "eps_4q_growth_year": -38.37,
            "roe": 7.51,
            "roe_4q": 18.009999999999998,
            "gross_profit": 546961,
            "gross_margin": 38.94,
            "gross_margin_4q_avg": 38.92,
            "net_income": 284311,
            "revenue": 1404483,
            "common_shares": 702760,
            "book_valuer_per_share": 54.76,
            "book_valuer_per_share_4q_avg": 55.5,
            "equity": 3847967,
            "current_ratio": 269.17,
            "debt_ratio": 38.57,
            "inventory_turnover_ratio": 15.72,
            "account_receivable_turnover_ratio": 0.97,
            "reinvestment_rate": -3.4,
            "research_to_sale_ratio": 1.56,
            "price_fair": 469.26,
            "eps_avg_yearly": 13.41,
            "eps_latest_yearly": 16.2,
            "eps_growth_yearly": 126.19
        },
        "20173": {
            "year_quarter": 20173,
            "year": 2017,
            "quarter": 3,
            "eps": 3.13,
            "eps_growth_year": 389.06,
            "eps_4q": 10.85,
            "eps_4q_growth_year": -11.77,
            "roe": 5.49,
            "roe_4q": 22.459999999999997,
            "gross_profit": 576939,
            "gross_margin": 39.27,
            "gross_margin_4q_avg": 38.95,
            "net_income": 220217,
            "revenue": 1469289,
            "common_shares": 716820,
            "book_valuer_per_share": 58.17,
            "book_valuer_per_share_4q_avg": 54.79,
            "equity": 4169520,
            "current_ratio": 270.48,
            "debt_ratio": 38.33,
            "inventory_turnover_ratio": 12.64,
            "account_receivable_turnover_ratio": 0.87,
            "reinvestment_rate": -2.92,
            "research_to_sale_ratio": 1.19,
            "price_fair": 466.73,
            "eps_avg_yearly": 13.34,
            "eps_latest_yearly": 12.52,
            "eps_growth_yearly": 109.89
        },
        "20174": {
            "year_quarter": 20174,
            "year": 2017,
            "quarter": 4,
            "eps": 3.22,
            "eps_growth_year": 16.37,
            "eps_4q": 11.6,
            "eps_4q_growth_year": 10.86,
            "roe": 5.84,
            "roe_4q": 22.990000000000002,
            "gross_profit": 754144,
            "gross_margin": 38.53,
            "gross_margin_4q_avg": 38.96,
            "net_income": 253453,
            "revenue": 1957343,
            "common_shares": 787096,
            "book_valuer_per_share": 57.23,
            "book_valuer_per_share_4q_avg": 55.78,
            "equity": 4504355,
            "current_ratio": 269.01,
            "debt_ratio": 38.35,
            "inventory_turnover_ratio": 15.33,
            "account_receivable_turnover_ratio": 0.97,
            "reinvestment_rate": -3.06,
            "research_to_sale_ratio": 0.96,
            "price_fair": 458.06,
            "eps_avg_yearly": 13.09,
            "eps_latest_yearly": 12.88,
            "eps_growth_yearly": 104.83
        },
        "20181": {
            "year_quarter": 20181,
            "year": 2018,
            "quarter": 1,
            "eps": 2.76,
            "eps_growth_year": 25.45,
            "eps_4q": 12.37,
            "eps_4q_growth_year": 29.24,
            "roe": 4.62,
            "roe_4q": 23.46,
            "gross_profit": 479233,
            "gross_margin": 38.71,
            "gross_margin_4q_avg": 38.86,
            "net_income": 215313,
            "revenue": 1238114,
            "common_shares": 787096,
            "book_valuer_per_share": 61.3,
            "book_valuer_per_share_4q_avg": 57.87,
            "equity": 4825172,
            "current_ratio": 323.63,
            "debt_ratio": 32.63,
            "inventory_turnover_ratio": 11.99,
            "account_receivable_turnover_ratio": 0.66,
            "reinvestment_rate": -3.18,
            "research_to_sale_ratio": 1.67,
            "price_fair": 455,
            "eps_avg_yearly": 13,
            "eps_latest_yearly": 11.04,
            "eps_growth_yearly": 107.79
        },
        "20182": {
            "year_quarter": 20182,
            "year": 2018,
            "quarter": 2,
            "eps": 2.59,
            "eps_growth_year": -36.05,
            "eps_4q": 10.8,
            "eps_4q_growth_year": 24.43,
            "roe": 4.33,
            "roe_4q": 20.28,
            "gross_profit": 643058,
            "gross_margin": 38.6,
            "gross_margin_4q_avg": 38.78,
            "net_income": 203793,
            "revenue": 1665807,
            "common_shares": 787096,
            "book_valuer_per_share": 58.37,
            "book_valuer_per_share_4q_avg": 58.77,
            "equity": 4594225,
            "current_ratio": 260.37,
            "debt_ratio": 39.39,
            "inventory_turnover_ratio": 17.95,
            "account_receivable_turnover_ratio": 0.99,
            "reinvestment_rate": -3.23,
            "research_to_sale_ratio": 1.28,
            "price_fair": 454.3,
            "eps_avg_yearly": 12.98,
            "eps_latest_yearly": 10.36,
            "eps_growth_yearly": 109.79
        },
        "20183": {
            "year_quarter": 20183,
            "year": 2018,
            "quarter": 3,
            "eps": 1.85,
            "eps_growth_year": -40.89,
            "eps_4q": 9.9,
            "eps_4q_growth_year": -8.79,
            "roe": 3.17,
            "roe_4q": 17.96,
            "gross_profit": 648562,
            "gross_margin": 39.17,
            "gross_margin_4q_avg": 38.75,
            "net_income": 145278,
            "revenue": 1655840,
            "common_shares": 787096,
            "book_valuer_per_share": 58.21,
            "book_valuer_per_share_4q_avg": 58.78,
            "equity": 4581477,
            "current_ratio": 254.03,
            "debt_ratio": 40.22,
            "inventory_turnover_ratio": 17.12,
            "account_receivable_turnover_ratio": 0.87,
            "reinvestment_rate": -3.9,
            "research_to_sale_ratio": 1.27,
            "price_fair": 450.63,
            "eps_avg_yearly": 12.88,
            "eps_latest_yearly": 7.4,
            "eps_growth_yearly": 106.39
        },
        "20184": {
            "year_quarter": 20184,
            "year": 2018,
            "quarter": 4,
            "eps": 4.73,
            "eps_growth_year": 47.01,
            "eps_4q": 11.6,
            "eps_4q_growth_year": -0.01,
            "roe": 8.15,
            "roe_4q": 20.27,
            "gross_profit": 858154,
            "gross_margin": 38.92,
            "gross_margin_4q_avg": 38.85,
            "net_income": 389242,
            "revenue": 2205018,
            "common_shares": 826451,
            "book_valuer_per_share": 60.43,
            "book_valuer_per_share_4q_avg": 59.58,
            "equity": 4969278,
            "current_ratio": 245.19,
            "debt_ratio": 41.53,
            "inventory_turnover_ratio": 20.18,
            "account_receivable_turnover_ratio": 0.99,
            "reinvestment_rate": -4.13,
            "research_to_sale_ratio": 0.96,
            "price_fair": 446.43,
            "eps_avg_yearly": 12.76,
            "eps_latest_yearly": 18.92,
            "eps_growth_yearly": 112.93
        },
        "20191": {
            "year_quarter": 20191,
            "year": 2019,
            "quarter": 1,
            "eps": 2.74,
            "eps_growth_year": -0.72,
            "eps_4q": 11.65,
            "eps_4q_growth_year": -5.78,
            "roe": 4.37,
            "roe_4q": 20.02,
            "gross_profit": 530631,
            "gross_margin": 39.52,
            "gross_margin_4q_avg": 39.05,
            "net_income": 224603,
            "revenue": 1342590,
            "common_shares": 826451,
            "book_valuer_per_share": 64.15,
            "book_valuer_per_share_4q_avg": 60.29,
            "equity": 5301237,
            "current_ratio": 295.73,
            "debt_ratio": 35.33,
            "inventory_turnover_ratio": 12.44,
            "account_receivable_turnover_ratio": 0.65,
            "reinvestment_rate": -3.71,
            "research_to_sale_ratio": 1.39,
            "price_fair": 444.5,
            "eps_avg_yearly": 12.7,
            "eps_latest_yearly": 10.96,
            "eps_growth_yearly": 113.21
        },
        "20192": {
            "year_quarter": 20192,
            "year": 2019,
            "quarter": 2,
            "eps": 3.65,
            "eps_growth_year": 40.93,
            "eps_4q": 11.22,
            "eps_4q_growth_year": 3.85,
            "roe": 5.67,
            "roe_4q": 21.36,
            "gross_profit": 682045,
            "gross_margin": 38.82,
            "gross_margin_4q_avg": 39.11,
            "net_income": 299610,
            "revenue": 1757068,
            "common_shares": 826451,
            "book_valuer_per_share": 64.25,
            "book_valuer_per_share_4q_avg": 61.76,
            "equity": 5273031,
            "current_ratio": 260.82,
            "debt_ratio": 39.48,
            "inventory_turnover_ratio": 17.08,
            "account_receivable_turnover_ratio": 0.99,
            "reinvestment_rate": -3.53,
            "research_to_sale_ratio": 1.26,
            "price_fair": 448.35,
            "eps_avg_yearly": 12.81,
            "eps_latest_yearly": 14.6,
            "eps_growth_yearly": 119.4
        },
        "20193": {
            "year_quarter": 20193,
            "year": 2019,
            "quarter": 3,
            "eps": 2.59,
            "eps_growth_year": 40,
            "eps_4q": 11.93,
            "eps_4q_growth_year": 20.53,
            "roe": 4.02,
            "roe_4q": 22.21,
            "gross_profit": 685762,
            "gross_margin": 38.98,
            "gross_margin_4q_avg": 39.06,
            "net_income": 212185,
            "revenue": 1759246,
            "common_shares": 826451,
            "book_valuer_per_share": 64.39,
            "book_valuer_per_share_4q_avg": 63.31,
            "equity": 5284269,
            "current_ratio": 310.24,
            "debt_ratio": 33.86,
            "inventory_turnover_ratio": 15.55,
            "account_receivable_turnover_ratio": 0.9,
            "reinvestment_rate": -4.23,
            "research_to_sale_ratio": 1.35,
            "price_fair": 447.65,
            "eps_avg_yearly": 12.79,
            "eps_latest_yearly": 10.36,
            "eps_growth_yearly": 116.35
        },
        "20194": {
            "year_quarter": 20194,
            "year": 2019,
            "quarter": 4,
            "eps": 4.2,
            "eps_growth_year": -11.36,
            "eps_4q": 11.95,
            "eps_4q_growth_year": 3.05,
            "roe": 7.27,
            "roe_4q": 21.330000000000002,
            "gross_profit": 904468,
            "gross_margin": 39.14,
            "gross_margin_4q_avg": 39.12,
            "net_income": 398421,
            "revenue": 2310960,
            "common_shares": 949553,
            "book_valuer_per_share": 59.7,
            "book_valuer_per_share_4q_avg": 63.12,
            "equity": 5669241,
            "current_ratio": 366.46,
            "debt_ratio": 29.82,
            "inventory_turnover_ratio": 20.14,
            "account_receivable_turnover_ratio": 1.02,
            "reinvestment_rate": -3.78,
            "research_to_sale_ratio": 0.95,
            "price_fair": 435.66,
            "eps_avg_yearly": 12.45,
            "eps_latest_yearly": 16.8,
            "eps_growth_yearly": 104.73
        },
        "20201": {
            "year_quarter": 20201,
            "year": 2020,
            "quarter": 1,
            "eps": -0.46,
            "eps_growth_year": -116.79,
            "eps_4q": 9.12,
            "eps_4q_growth_year": -21.7,
            "roe": -0.78,
            "roe_4q": 16.18,
            "gross_profit": 230334,
            "gross_margin": 26.63,
            "gross_margin_4q_avg": 35.89,
            "net_income": -43968,
            "revenue": 864952,
            "common_shares": 949553,
            "book_valuer_per_share": 58.55,
            "book_valuer_per_share_4q_avg": 61.72,
            "equity": 5559990,
            "current_ratio": 528.28,
            "debt_ratio": 22.18,
            "inventory_turnover_ratio": 6.31,
            "account_receivable_turnover_ratio": 0.48,
            "reinvestment_rate": -4.07,
            "research_to_sale_ratio": 2.33,
            "price_fair": 429.71,
            "eps_avg_yearly": 12.28,
            "eps_latest_yearly": 16.8,
            "eps_growth_yearly": 120.43
        },
        "20202": {
            "year_quarter": 20202,
            "year": 2020,
            "quarter": 2,
            "eps": -7.13,
            "eps_growth_year": -295.34,
            "eps_4q": -1.01,
            "eps_4q_growth_year": -108.99,
            "roe": -13.08,
            "roe_4q": -2.5700000000000003,
            "gross_profit": -506076,
            "gross_margin": -98.98,
            "gross_margin_4q_avg": 1.44,
            "net_income": -677074,
            "revenue": 511277,
            "common_shares": 949553,
            "book_valuer_per_share": 50.48,
            "book_valuer_per_share_4q_avg": 58.28,
            "equity": 4793701,
            "current_ratio": 375.06,
            "debt_ratio": 28.91,
            "inventory_turnover_ratio": 5.6,
            "account_receivable_turnover_ratio": 0.62,
            "reinvestment_rate": -5.34,
            "research_to_sale_ratio": 5.29,
            "price_fair": 411.2,
            "eps_avg_yearly": 11.75,
            "eps_latest_yearly": 16.8,
            "eps_growth_yearly": 120.12
        },
        "20203": {
            "year_quarter": 20203,
            "year": 2020,
            "quarter": 3,
            "eps": -6.85,
            "eps_growth_year": -364.48,
            "eps_4q": -8.92,
            "eps_4q_growth_year": -174.8,
            "roe": -14.4,
            "roe_4q": -20.990000000000002,
            "gross_profit": -402664,
            "gross_margin": -89.83,
            "gross_margin_4q_avg": -30.76,
            "net_income": -649691,
            "revenue": 448244,
            "common_shares": 949553,
            "book_valuer_per_share": 44.78,
            "book_valuer_per_share_4q_avg": 53.38,
            "equity": 4229197,
            "current_ratio": 367.97,
            "debt_ratio": 29.45,
            "inventory_turnover_ratio": 3.69,
            "account_receivable_turnover_ratio": 0.86,
            "reinvestment_rate": -6.36,
            "research_to_sale_ratio": 3.69,
            "price_fair": 435.94,
            "eps_avg_yearly": 12.46,
            "eps_latest_yearly": 16.8,
            "eps_growth_yearly": 156.12
        },
        "20204": {
            "year_quarter": 20204,
            "year": 2020,
            "quarter": 4,
            "eps": -7.81,
            "eps_growth_year": -286.04,
            "eps_4q": -20.38,
            "eps_4q_growth_year": -270.56,
            "roe": -22.04,
            "roe_4q": -50.3,
            "gross_profit": -679146,
            "gross_margin": -69.03,
            "gross_margin_4q_avg": -57.8,
            "net_income": -850766,
            "revenue": 983910,
            "common_shares": 1094938,
            "book_valuer_per_share": 32.02,
            "book_valuer_per_share_4q_avg": 46.46,
            "equity": 3489770,
            "current_ratio": 259.75,
            "debt_ratio": 39.85,
            "inventory_turnover_ratio": 12.25,
            "account_receivable_turnover_ratio": 1.27,
            "reinvestment_rate": -13.98,
            "research_to_sale_ratio": 2.25,
            "price_fair": 439.95,
            "eps_avg_yearly": 12.57,
            "eps_latest_yearly": 16.8,
            "eps_growth_yearly": 58.2
        },
        "20211": {
            "year_quarter": 20211,
            "year": 2021,
            "quarter": 1,
            "eps": -0.58,
            "eps_growth_year": null,
            "eps_4q": -20.56,
            "eps_4q_growth_year": -325.39,
            "roe": -1.84,
            "roe_4q": -51.36,
            "gross_profit": 48764,
            "gross_margin": 5.99,
            "gross_margin_4q_avg": -62.96,
            "net_income": -63372,
            "revenue": 814143,
            "common_shares": 1094938,
            "book_valuer_per_share": 31.2,
            "book_valuer_per_share_4q_avg": 39.62,
            "equity": 3400327,
            "current_ratio": 343.61,
            "debt_ratio": 31.76,
            "inventory_turnover_ratio": 37.54,
            "account_receivable_turnover_ratio": 0.82,
            "reinvestment_rate": -16.69,
            "research_to_sale_ratio": 1.48,
            "price_fair": 451.95,
            "eps_avg_yearly": 12.91,
            "eps_latest_yearly": 16.8,
            "eps_growth_yearly": 70.97
        },
        "20212": {
            "year_quarter": 20212,
            "year": 2021,
            "quarter": 2,
            "eps": -3.73,
            "eps_growth_year": null,
            "eps_4q": -18.09,
            "eps_4q_growth_year": null,
            "roe": -12.87,
            "roe_4q": -51.15,
            "gross_profit": -287072,
            "gross_margin": -43.9,
            "gross_margin_4q_avg": -49.19,
            "net_income": -407915,
            "revenue": 653873,
            "common_shares": 1094938,
            "book_valuer_per_share": 26.95,
            "book_valuer_per_share_4q_avg": 33.74,
            "equity": 2937018,
            "current_ratio": 289.15,
            "debt_ratio": 36.85,
            "inventory_turnover_ratio": 50.27,
            "account_receivable_turnover_ratio": 0.79,
            "reinvestment_rate": null,
            "research_to_sale_ratio": 1.86,
            "price_fair": 440.44,
            "eps_avg_yearly": 12.58,
            "eps_latest_yearly": 16.8,
            "eps_growth_yearly": 44.43
        },
        "20213": {
            "year_quarter": 20213,
            "year": 2021,
            "quarter": 3,
            "eps": -0.89,
            "eps_growth_year": null,
            "eps_4q": -13.03,
            "eps_4q_growth_year": null,
            "roe": -3.38,
            "roe_4q": -40.129999999999995,
            "gross_profit": 5972,
            "gross_margin": 1.2,
            "gross_margin_4q_avg": -26.44,
            "net_income": -97850,
            "revenue": 496711,
            "common_shares": 1094938,
            "book_valuer_per_share": 26.14,
            "book_valuer_per_share_4q_avg": 29.08,
            "equity": 2848854,
            "current_ratio": 377.88,
            "debt_ratio": 30.22,
            "inventory_turnover_ratio": 7.16,
            "account_receivable_turnover_ratio": 0.8,
            "reinvestment_rate": null,
            "research_to_sale_ratio": 2.54,
            "price_fair": 440.69,
            "eps_avg_yearly": 12.59,
            "eps_latest_yearly": 16.8,
            "eps_growth_yearly": 59.46
        },
        "20214": {
            "year_quarter": 20214,
            "year": 2021,
            "quarter": 4,
            "eps": -1.03,
            "eps_growth_year": null,
            "eps_4q": -6.25,
            "eps_4q_growth_year": null,
            "roe": -4.02,
            "roe_4q": -22.11,
            "gross_profit": 11624,
            "gross_margin": 1.16,
            "gross_margin_4q_avg": -8.89,
            "net_income": -112520,
            "revenue": 999179,
            "common_shares": 1094938,
            "book_valuer_per_share": 25.23,
            "book_valuer_per_share_4q_avg": 27.38,
            "equity": 2749271,
            "current_ratio": 332.55,
            "debt_ratio": 33.53,
            "inventory_turnover_ratio": 14.03,
            "account_receivable_turnover_ratio": 1.23,
            "reinvestment_rate": null,
            "research_to_sale_ratio": 1.23,
            "price_fair": 439.43,
            "eps_avg_yearly": 12.56,
            "eps_latest_yearly": 16.8,
            "eps_growth_yearly": 65.46
        },
        "20221": {
            "year_quarter": 20221,
            "year": 2022,
            "quarter": 1,
            "eps": 0.21,
            "eps_growth_year": null,
            "eps_4q": -5.47,
            "eps_4q_growth_year": null,
            "roe": 0.8,
            "roe_4q": -19.47,
            "gross_profit": 126601,
            "gross_margin": 18.19,
            "gross_margin_4q_avg": -5.84,
            "net_income": 22565,
            "revenue": 696021,
            "common_shares": 1094938,
            "book_valuer_per_share": 26.38,
            "book_valuer_per_share_4q_avg": 26.18,
            "equity": 2874875,
            "current_ratio": 455.6,
            "debt_ratio": 26.95,
            "inventory_turnover_ratio": 17.26,
            "account_receivable_turnover_ratio": 0.74,
            "reinvestment_rate": null,
            "research_to_sale_ratio": 1.73,
            "price_fair": 447,
            "eps_avg_yearly": 12.77,
            "eps_latest_yearly": 16.8,
            "eps_growth_yearly": 82.97
        },
        "20222": {
            "year_quarter": 20222,
            "year": 2022,
            "quarter": 2,
            "eps": -0.63,
            "eps_growth_year": null,
            "eps_4q": -2.36,
            "eps_4q_growth_year": null,
            "roe": -2.44,
            "roe_4q": -9.04,
            "gross_profit": 37041,
            "gross_margin": 6.68,
            "gross_margin_4q_avg": 6.81,
            "net_income": -68887,
            "revenue": 554439,
            "common_shares": 1094938,
            "book_valuer_per_share": 25.35,
            "book_valuer_per_share_4q_avg": 25.78,
            "equity": 2762943,
            "current_ratio": 572.18,
            "debt_ratio": 25.38,
            "inventory_turnover_ratio": 16.98,
            "account_receivable_turnover_ratio": 0.79,
            "reinvestment_rate": null,
            "research_to_sale_ratio": 2.11,
            "price_fair": 461.07,
            "eps_avg_yearly": 13.17,
            "eps_latest_yearly": 16.8,
            "eps_growth_yearly": 100.91
        },
        "20223": {
            "year_quarter": 20223,
            "year": 2022,
            "quarter": 3,
            "eps": 2.11,
            "eps_growth_year": null,
            "eps_4q": 0.65,
            "eps_4q_growth_year": null,
            "roe": 7.96,
            "roe_4q": 2.3,
            "gross_profit": 70146,
            "gross_margin": 15.07,
            "gross_margin_4q_avg": 10.28,
            "net_income": 230147,
            "revenue": 465517,
            "common_shares": 1094938,
            "book_valuer_per_share": 27.68,
            "book_valuer_per_share_4q_avg": 26.16,
            "equity": 3016607,
            "current_ratio": 444.44,
            "debt_ratio": 27.93,
            "inventory_turnover_ratio": 6.89,
            "account_receivable_turnover_ratio": 0.84,
            "reinvestment_rate": null,
            "research_to_sale_ratio": 2.44,
            "price_fair": 501.48,
            "eps_avg_yearly": 14.33,
            "eps_latest_yearly": 16.8,
            "eps_growth_yearly": 143.95
        },
        "20224": {
            "year_quarter": 20224,
            "year": 2022,
            "quarter": 4,
            "eps": -0.47,
            "eps_growth_year": null,
            "eps_4q": 1.22,
            "eps_4q_growth_year": null,
            "roe": -1.72,
            "roe_4q": 4.6000000000000005,
            "gross_profit": 59095,
            "gross_margin": 7.12,
            "gross_margin_4q_avg": 11.77,
            "net_income": -51058,
            "revenue": 830179,
            "common_shares": 1094938,
            "book_valuer_per_share": 26.81,
            "book_valuer_per_share_4q_avg": 26.56,
            "equity": 2922126,
            "current_ratio": 350.23,
            "debt_ratio": 33.27,
            "inventory_turnover_ratio": 14.71,
            "account_receivable_turnover_ratio": 1.17,
            "reinvestment_rate": null,
            "research_to_sale_ratio": 1.24,
            "price_fair": 451.56,
            "eps_avg_yearly": 13.18,
            "eps_latest_yearly": 16.8,
            "eps_growth_yearly": 24.26
        },
        "20231": {
            "year_quarter": 20231,
            "year": 2023,
            "quarter": 1,
            "eps": -0.08,
            "eps_growth_year": -138.1,
            "eps_4q": 0.93,
            "eps_4q_growth_year": null,
            "roe": -0.29,
            "roe_4q": 3.5100000000000002,
            "gross_profit": 90407,
            "gross_margin": 16.26,
            "gross_margin_4q_avg": 11.28,
            "net_income": -8415,
            "revenue": 555859,
            "common_shares": 1094938,
            "book_valuer_per_share": 26.87,
            "book_valuer_per_share_4q_avg": 26.68,
            "equity": 2928977,
            "current_ratio": 415.41,
            "debt_ratio": 29.45,
            "inventory_turnover_ratio": 21.86,
            "account_receivable_turnover_ratio": 0.72,
            "reinvestment_rate": null,
            "research_to_sale_ratio": 1.84,
            "price_fair": 487.2,
            "eps_avg_yearly": 13.92,
            "eps_latest_yearly": 16.8,
            "eps_growth_yearly": 88.44
        }
    },
    "months": {
        "2013-12": {
            "month": "2013-12",
            "price": "215.75",
            "revenue": 283097
        },
        "2014-01": {
            "month": "2014-01",
            "price": "194.47",
            "revenue": 312796
        },
        "2014-02": {
            "month": "2014-02",
            "price": "170.91",
            "revenue": 123573
        },
        "2014-03": {
            "month": "2014-03",
            "price": "188.24",
            "revenue": 435995
        },
        "2014-04": {
            "month": "2014-04",
            "price": "186.31",
            "revenue": 524463
        },
        "2014-05": {
            "month": "2014-05",
            "price": "171.10",
            "revenue": 378810
        },
        "2014-06": {
            "month": "2014-06",
            "price": "171.18",
            "revenue": 227412
        },
        "2014-07": {
            "month": "2014-07",
            "price": "155.34",
            "revenue": 164351
        },
        "2014-08": {
            "month": "2014-08",
            "price": "155.57",
            "revenue": 265604
        },
        "2014-09": {
            "month": "2014-09",
            "price": "158.00",
            "revenue": 658967
        },
        "2014-10": {
            "month": "2014-10",
            "price": "133.50",
            "revenue": 702410
        },
        "2014-11": {
            "month": "2014-11",
            "price": "115.72",
            "revenue": 475720
        },
        "2014-12": {
            "month": "2014-12",
            "price": "118.81",
            "revenue": 386939
        },
        "2015-01": {
            "month": "2015-01",
            "price": "114.82",
            "revenue": 379183
        },
        "2015-02": {
            "month": "2015-02",
            "price": "109.19",
            "revenue": 155857
        },
        "2015-03": {
            "month": "2015-03",
            "price": "121.64",
            "revenue": 496026
        },
        "2015-04": {
            "month": "2015-04",
            "price": "137.60",
            "revenue": 562464
        },
        "2015-05": {
            "month": "2015-05",
            "price": "137.42",
            "revenue": 483963
        },
        "2015-06": {
            "month": "2015-06",
            "price": "129.90",
            "revenue": 299282
        },
        "2015-07": {
            "month": "2015-07",
            "price": "117.41",
            "revenue": 295906
        },
        "2015-08": {
            "month": "2015-08",
            "price": "111.52",
            "revenue": 308893
        },
        "2015-09": {
            "month": "2015-09",
            "price": "114.68",
            "revenue": 683100
        },
        "2015-10": {
            "month": "2015-10",
            "price": "131.10",
            "revenue": 739975
        },
        "2015-11": {
            "month": "2015-11",
            "price": "157.10",
            "revenue": 539633
        },
        "2015-12": {
            "month": "2015-12",
            "price": "135.28",
            "revenue": 427042
        },
        "2016-01": {
            "month": "2016-01",
            "price": "118.00",
            "revenue": 402632
        },
        "2016-02": {
            "month": "2016-02",
            "price": "121.81",
            "revenue": 186538
        },
        "2016-03": {
            "month": "2016-03",
            "price": "132.50",
            "revenue": 503444
        },
        "2016-04": {
            "month": "2016-04",
            "price": "125.58",
            "revenue": 571801
        },
        "2016-05": {
            "month": "2016-05",
            "price": "130.43",
            "revenue": 513892
        },
        "2016-06": {
            "month": "2016-06",
            "price": "132.24",
            "revenue": 336306
        },
        "2016-07": {
            "month": "2016-07",
            "price": "139.80",
            "revenue": 340017
        },
        "2016-08": {
            "month": "2016-08",
            "price": "151.70",
            "revenue": 352344
        },
        "2016-09": {
            "month": "2016-09",
            "price": "159.82",
            "revenue": 687118
        },
        "2016-10": {
            "month": "2016-10",
            "price": "160.50",
            "revenue": 717620
        },
        "2016-11": {
            "month": "2016-11",
            "price": "135.64",
            "revenue": 585780
        },
        "2016-12": {
            "month": "2016-12",
            "price": "105.48",
            "revenue": 498650
        },
        "2017-01": {
            "month": "2017-01",
            "price": "107.47",
            "revenue": 413266
        },
        "2017-02": {
            "month": "2017-02",
            "price": "110.44",
            "revenue": 185998
        },
        "2017-03": {
            "month": "2017-03",
            "price": "106.37",
            "revenue": 485889
        },
        "2017-04": {
            "month": "2017-04",
            "price": "101.95",
            "revenue": 537214
        },
        "2017-05": {
            "month": "2017-05",
            "price": "99.11",
            "revenue": 509224
        },
        "2017-06": {
            "month": "2017-06",
            "price": "100.72",
            "revenue": 358045
        },
        "2017-07": {
            "month": "2017-07",
            "price": "96.68",
            "revenue": 379714
        },
        "2017-08": {
            "month": "2017-08",
            "price": "102.52",
            "revenue": 403165
        },
        "2017-09": {
            "month": "2017-09",
            "price": "106.66",
            "revenue": 686410
        },
        "2017-10": {
            "month": "2017-10",
            "price": "107.97",
            "revenue": 719486
        },
        "2017-11": {
            "month": "2017-11",
            "price": "109.39",
            "revenue": 653358
        },
        "2017-12": {
            "month": "2017-12",
            "price": "110.90",
            "revenue": 584498
        },
        "2018-01": {
            "month": "2018-01",
            "price": "110.43",
            "revenue": 458644
        },
        "2018-02": {
            "month": "2018-02",
            "price": "103.85",
            "revenue": 227684
        },
        "2018-03": {
            "month": "2018-03",
            "price": "104.78",
            "revenue": 551785
        },
        "2018-04": {
            "month": "2018-04",
            "price": "102.33",
            "revenue": 602796
        },
        "2018-05": {
            "month": "2018-05",
            "price": "109.18",
            "revenue": 610706
        },
        "2018-06": {
            "month": "2018-06",
            "price": "106.10",
            "revenue": 452305
        },
        "2018-07": {
            "month": "2018-07",
            "price": "104.36",
            "revenue": 444643
        },
        "2018-08": {
            "month": "2018-08",
            "price": "100.17",
            "revenue": 453887
        },
        "2018-09": {
            "month": "2018-09",
            "price": "97.78",
            "revenue": 757309
        },
        "2018-10": {
            "month": "2018-10",
            "price": "95.99",
            "revenue": 763864
        },
        "2018-11": {
            "month": "2018-11",
            "price": "93.07",
            "revenue": 772913
        },
        "2018-12": {
            "month": "2018-12",
            "price": "85.40",
            "revenue": 668242
        },
        "2019-01": {
            "month": "2019-01",
            "price": "80.88",
            "revenue": 509431
        },
        "2019-02": {
            "month": "2019-02",
            "price": "85.01",
            "revenue": 243781
        },
        "2019-03": {
            "month": "2019-03",
            "price": "84.54",
            "revenue": 589379
        },
        "2019-04": {
            "month": "2019-04",
            "price": "88.24",
            "revenue": 636412
        },
        "2019-05": {
            "month": "2019-05",
            "price": "84.49",
            "revenue": 635000
        },
        "2019-06": {
            "month": "2019-06",
            "price": "85.18",
            "revenue": 485656
        },
        "2019-07": {
            "month": "2019-07",
            "price": "87.57",
            "revenue": 489107
        },
        "2019-08": {
            "month": "2019-08",
            "price": "92.80",
            "revenue": 490617
        },
        "2019-09": {
            "month": "2019-09",
            "price": "98.08",
            "revenue": 779523
        },
        "2019-10": {
            "month": "2019-10",
            "price": "100.94",
            "revenue": 786275
        },
        "2019-11": {
            "month": "2019-11",
            "price": "102.64",
            "revenue": 835497
        },
        "2019-12": {
            "month": "2019-12",
            "price": "89.45",
            "revenue": 708000
        },
        "2020-01": {
            "month": "2020-01",
            "price": "91.95",
            "revenue": 525166
        },
        "2020-02": {
            "month": "2020-02",
            "price": "78.11",
            "revenue": 2874
        },
        "2020-03": {
            "month": "2020-03",
            "price": "63.36",
            "revenue": 336912
        },
        "2020-04": {
            "month": "2020-04",
            "price": "65.94",
            "revenue": 254598
        },
        "2020-05": {
            "month": "2020-05",
            "price": "61.88",
            "revenue": 183438
        },
        "2020-06": {
            "month": "2020-06",
            "price": "55.84",
            "revenue": 73338
        },
        "2020-07": {
            "month": "2020-07",
            "price": "46.87",
            "revenue": 103910
        },
        "2020-08": {
            "month": "2020-08",
            "price": "36.65",
            "revenue": 168045
        },
        "2020-09": {
            "month": "2020-09",
            "price": "34.99",
            "revenue": 176192
        },
        "2020-10": {
            "month": "2020-10",
            "price": "31.59",
            "revenue": 323932
        },
        "2020-11": {
            "month": "2020-11",
            "price": "31.94",
            "revenue": 334979
        },
        "2020-12": {
            "month": "2020-12",
            "price": "16.33",
            "revenue": 290197
        },
        "2021-01": {
            "month": "2021-01",
            "price": "14.86",
            "revenue": 221731
        },
        "2021-02": {
            "month": "2021-02",
            "price": "13.02",
            "revenue": 202911
        },
        "2021-03": {
            "month": "2021-03",
            "price": "12.10",
            "revenue": 391511
        },
        "2021-04": {
            "month": "2021-04",
            "price": "8.30",
            "revenue": 293264
        },
        "2021-05": {
            "month": "2021-05",
            "price": "12.71",
            "revenue": 276333
        },
        "2021-06": {
            "month": "2021-06",
            "price": "16.99",
            "revenue": 82534
        },
        "2021-07": {
            "month": "2021-07",
            "price": "15.95",
            "revenue": 133877
        },
        "2021-08": {
            "month": "2021-08",
            "price": "14.15",
            "revenue": 181202
        },
        "2021-09": {
            "month": "2021-09",
            "price": "13.88",
            "revenue": 183398
        },
        "2021-10": {
            "month": "2021-10",
            "price": "12.45",
            "revenue": 332135
        },
        "2021-11": {
            "month": "2021-11",
            "price": "11.90",
            "revenue": 340415
        },
        "2021-12": {
            "month": "2021-12",
            "price": "11.92",
            "revenue": 327375
        },
        "2022-01": {
            "month": "2022-01",
            "price": "11.60",
            "revenue": 203749
        },
        "2022-02": {
            "month": "2022-02",
            "price": "10.98",
            "revenue": 118926
        },
        "2022-03": {
            "month": "2022-03",
            "price": "9.90",
            "revenue": 376133
        },
        "2022-04": {
            "month": "2022-04",
            "price": "9.22",
            "revenue": 243564
        },
        "2022-05": {
            "month": "2022-05",
            "price": "10.97",
            "revenue": 224201
        },
        "2022-06": {
            "month": "2022-06",
            "price": "13.74",
            "revenue": 86978
        },
        "2022-07": {
            "month": "2022-07",
            "price": "12.25",
            "revenue": 132659
        },
        "2022-08": {
            "month": "2022-08",
            "price": "12.33",
            "revenue": 173563
        },
        "2022-09": {
            "month": "2022-09",
            "price": "11.29",
            "revenue": 159197
        },
        "2022-10": {
            "month": "2022-10",
            "price": "10.15",
            "revenue": 281467
        },
        "2022-11": {
            "month": "2022-11",
            "price": "11.69",
            "revenue": 279711
        },
        "2022-12": {
            "month": "2022-12",
            "price": "15.68",
            "revenue": 267966
        },
        "2023-01": {
            "month": "2023-01",
            "price": "17.53",
            "revenue": 176516
        },
        "2023-02": {
            "month": "2023-02",
            "price": "16.69",
            "revenue": 99581
        },
        "2023-03": {
            "month": "2023-03",
            "price": "14.84",
            "revenue": 279883
        },
        "2023-04": {
            "month": "2023-04",
            "price": "13.68",
            "revenue": 186992
        }
    }
}
