{
    "summary": {
        "stock_name": "客思達-KY",
        "stock_id": "2936",
        "category": "貿易百貨",
        "main_business": "家具買賣進口及批發業務",
        "website_url": "http://www.coasterinternational.com/",
        "ceo": "葉伯璘",
        "pe_ratio": 9,
        "report_year_from": 2014,
        "report_year_to": 2022,
        "age": 9,
        "eps_negative_percentage": 29,
        "eps_growth_avg": {
            "last_all": -59.16,
            "last_2y": -25.77,
            "last_4y": -50.52,
            "last_8y": null,
            "last_12y": null,
            "last_16y": null,
            "last_20y": null,
            "at_2006_last_3y": null,
            "at_2007_last_3y": null,
            "at_2008_last_3y": null,
            "at_2009_last_3y": null,
            "at_2010_last_3y": null,
            "at_2011_last_3y": null,
            "at_2012_last_3y": null,
            "at_2013_last_3y": null,
            "at_2014_last_3y": null,
            "at_2015_last_3y": null,
            "at_2016_last_3y": null,
            "at_2017_last_3y": null,
            "at_2018_last_3y": null,
            "at_2019_last_3y": null,
            "at_2020_last_3y": -92.54,
            "at_2021_last_3y": -37.81,
            "at_2022_last_3y": -25.77,
            "at_2023_last_3y": -25.77,
            "at_2006_last_all": null,
            "at_2007_last_all": null,
            "at_2008_last_all": null,
            "at_2009_last_all": null,
            "at_2010_last_all": null,
            "at_2011_last_all": null,
            "at_2012_last_all": null,
            "at_2013_last_all": null,
            "at_2014_last_all": null,
            "at_2015_last_all": null,
            "at_2016_last_all": null,
            "at_2017_last_all": null,
            "at_2018_last_all": -92.54,
            "at_2019_last_all": -92.54,
            "at_2020_last_all": -92.54,
            "at_2021_last_all": -53.57,
            "at_2022_last_all": -59.16,
            "at_2023_last_all": -59.16
        },
        "latest_eps": 4.67,
        "latest_price": 40.35,
        "latest_roe": 12.28,
        "latest_gross_margin": 39.24,
        "latest_equity": 3085018,
        "latest_revenue": 1781152,
        "latest_gross_profit": 698914,
        "latest_net_income": 74005,
        "latest_debt_ratio": 45.48,
        "latest_current_ratio": 231.74,
        "latest_account_receivable_turnover_ratio": 6.38,
        "latest_inventory_turnover_ratio": 0.51,
        "latest_reinvestment_rate": 2.69,
        "latest_research_to_sale_ratio": null
    },
    "eps_dividends": {
        "2001": {
            "cash": 0,
            "stock": 0,
            "eps": 0
        },
        "2002": {
            "cash": 0,
            "stock": 0,
            "eps": 0
        },
        "2003": {
            "cash": 0,
            "stock": 0,
            "eps": 0
        },
        "2004": {
            "cash": 0,
            "stock": 0,
            "eps": 0
        },
        "2005": {
            "cash": 0,
            "stock": 0,
            "eps": 0
        },
        "2006": {
            "cash": 0,
            "stock": 0,
            "eps": 0
        },
        "2007": {
            "cash": 0,
            "stock": 0,
            "eps": 0
        },
        "2008": {
            "cash": 0,
            "stock": 0,
            "eps": 0
        },
        "2009": {
            "cash": 0,
            "stock": 0,
            "eps": 0
        },
        "2010": {
            "cash": 0,
            "stock": 0,
            "eps": 0
        },
        "2011": {
            "cash": 0,
            "stock": 0,
            "eps": 0
        },
        "2012": {
            "cash": 0,
            "stock": 0,
            "eps": 0
        },
        "2013": {
            "cash": 0,
            "stock": 0,
            "eps": 0
        },
        "2014": {
            "cash": 0,
            "stock": 0,
            "eps": 0
        },
        "2015": {
            "cash": 0,
            "stock": 0,
            "eps": 0
        },
        "2016": {
            "cash": 0.7,
            "stock": 0,
            "eps": 2.48
        },
        "2017": {
            "cash": 4,
            "stock": 0,
            "eps": 0.37
        },
        "2018": {
            "cash": 0.3,
            "stock": 0,
            "eps": -0.28
        },
        "2019": {
            "cash": 0,
            "stock": 0,
            "eps": -0.94
        },
        "2020": {
            "cash": 0,
            "stock": 0,
            "eps": 3.24
        },
        "2021": {
            "cash": 0,
            "stock": 0,
            "eps": 4.03
        },
        "2022": {
            "cash": 0,
            "stock": 0,
            "eps": 0.97
        }
    },
    "dividends": {
        "2016-06-16": {
            "cash": 0.7,
            "stock": 0
        },
        "2017-08-30": {
            "cash": 4,
            "stock": 0
        },
        "2018-09-20": {
            "cash": 0.3,
            "stock": 0
        }
    },
    "prices": {
        "200101": "無",
        "200102": "無",
        "200103": "無",
        "200104": "無",
        "200105": "無",
        "200106": "無",
        "200107": "無",
        "200108": "無",
        "200109": "無",
        "200110": "無",
        "200111": "無",
        "200112": "無",
        "200201": "無",
        "200202": "無",
        "200203": "無",
        "200204": "無",
        "200205": "無",
        "200206": "無",
        "200207": "無",
        "200208": "無",
        "200209": "無",
        "200210": "無",
        "200211": "無",
        "200212": "無",
        "200301": "無",
        "200302": "無",
        "200303": "無",
        "200304": "無",
        "200305": "無",
        "200306": "無",
        "200307": "無",
        "200308": "無",
        "200309": "無",
        "200310": "無",
        "200311": "無",
        "200312": "無",
        "200401": "無",
        "200402": "無",
        "200403": "無",
        "200404": "無",
        "200405": "無",
        "200406": "無",
        "200407": "無",
        "200408": "無",
        "200409": "無",
        "200410": "無",
        "200411": "無",
        "200412": "無",
        "200501": "無",
        "200502": "無",
        "200503": "無",
        "200504": "無",
        "200505": "無",
        "200506": "無",
        "200507": "無",
        "200508": "無",
        "200509": "無",
        "200510": "無",
        "200511": "無",
        "200512": "無",
        "200601": "無",
        "200602": "無",
        "200603": "無",
        "200604": "無",
        "200605": "無",
        "200606": "無",
        "200607": "無",
        "200608": "無",
        "200609": "無",
        "200610": "無",
        "200611": "無",
        "200612": "無",
        "200701": "無",
        "200702": "無",
        "200703": "無",
        "200704": "無",
        "200705": "無",
        "200706": "無",
        "200707": "無",
        "200708": "無",
        "200709": "無",
        "200710": "無",
        "200711": "無",
        "200712": "無",
        "200801": "無",
        "200802": "無",
        "200803": "無",
        "200804": "無",
        "200805": "無",
        "200806": "無",
        "200807": "無",
        "200808": "無",
        "200809": "無",
        "200810": "無",
        "200811": "無",
        "200812": "無",
        "200901": "無",
        "200902": "無",
        "200903": "無",
        "200904": "無",
        "200905": "無",
        "200906": "無",
        "200907": "無",
        "200908": "無",
        "200909": "無",
        "200910": "無",
        "200911": "無",
        "200912": "無",
        "201001": "無",
        "201002": "無",
        "201003": "無",
        "201004": "無",
        "201005": "無",
        "201006": "無",
        "201007": "無",
        "201008": "無",
        "201009": "無",
        "201010": "無",
        "201011": "無",
        "201012": "無",
        "201101": "無",
        "201102": "無",
        "201103": "無",
        "201104": "無",
        "201105": "無",
        "201106": "無",
        "201107": "無",
        "201108": "無",
        "201109": "無",
        "201110": "無",
        "201111": "無",
        "201112": "無",
        "201201": "無",
        "201202": "無",
        "201203": "無",
        "201204": "無",
        "201205": "無",
        "201206": "無",
        "201207": "無",
        "201208": "無",
        "201209": "無",
        "201210": "無",
        "201211": "無",
        "201212": "無",
        "201301": "無",
        "201302": "無",
        "201303": "無",
        "201304": "無",
        "201305": "無",
        "201306": "無",
        "201307": "無",
        "201308": "無",
        "201309": "無",
        "201310": "無",
        "201311": "無",
        "201312": "無",
        "201401": "無",
        "201402": "無",
        "201403": "無",
        "201404": "無",
        "201405": "無",
        "201406": "無",
        "201407": "無",
        "201408": "無",
        "201409": "無",
        "201410": "無",
        "201411": "無",
        "201412": "無",
        "201501": "無",
        "201502": "無",
        "201503": "無",
        "201504": "無",
        "201505": "無",
        "201506": "無",
        "201507": "無",
        "201508": "無",
        "201509": "無",
        "201510": "無",
        "201511": "無",
        "201512": "無",
        "201601": "無",
        "201602": "無",
        "201603": "無",
        "201604": "無",
        "201605": "無",
        "201606": "無",
        "201607": "無",
        "201608": "無",
        "201609": "37.53",
        "201610": "36.40",
        "201611": "36.23",
        "201612": "44.50",
        "201701": "47.10",
        "201702": "45.62",
        "201703": "43.78",
        "201704": "44.11",
        "201705": "44.02",
        "201706": "44.33",
        "201707": "42.80",
        "201708": "37.55",
        "201709": "36.25",
        "201710": "34.44",
        "201711": "32.31",
        "201712": "30.80",
        "201801": "31.43",
        "201802": "29.35",
        "201803": "29.63",
        "201804": "26.71",
        "201805": "25.20",
        "201806": "26.35",
        "201807": "25.66",
        "201808": "24.88",
        "201809": "26.83",
        "201810": "29.47",
        "201811": "28.28",
        "201812": "26.84",
        "201901": "26.72",
        "201902": "26.55",
        "201903": "25.97",
        "201904": "26.02",
        "201905": "25.44",
        "201906": "24.95",
        "201907": "24.68",
        "201908": "23.60",
        "201909": "22.38",
        "201910": "20.64",
        "201911": "20.23",
        "201912": "20.23",
        "202001": "19.91",
        "202002": "19.16",
        "202003": "15.16",
        "202004": "13.65",
        "202005": "14.74",
        "202006": "15.20",
        "202007": "16.66",
        "202008": "19.05",
        "202009": "20.33",
        "202010": "20.06",
        "202011": "21.69",
        "202012": "22.18",
        "202101": "20.20",
        "202102": "19.73",
        "202103": "21.22",
        "202104": "26.27",
        "202105": "22.64",
        "202106": "23.17",
        "202107": "25.02",
        "202108": "24.35",
        "202109": "25.44",
        "202110": "25.93",
        "202111": "26.38",
        "202112": "26.72",
        "202201": "27.28",
        "202202": "27.19",
        "202203": "38.07",
        "202204": "39.05",
        "202205": "39.74",
        "202206": "40.35",
        "202207": "無",
        "202208": "無",
        "202209": "無",
        "202210": "無",
        "202211": "無",
        "202212": "無",
        "202301": "無",
        "202302": "無",
        "202303": "無",
        "202304": "無",
        "202305": "無",
        "202306": "無"
    },
    "quarters": {
        "20011": {
            "year_quarter": 20011,
            "year": 2001,
            "quarter": 1,
            "eps": null,
            "eps_growth_year": null,
            "eps_4q": null,
            "eps_4q_growth_year": null,
            "roe": null,
            "roe_4q": 0,
            "gross_profit": null,
            "gross_margin": null,
            "gross_margin_4q_avg": 0,
            "net_income": null,
            "revenue": null,
            "common_shares": null,
            "book_valuer_per_share": null,
            "book_valuer_per_share_4q_avg": 0,
            "equity": null,
            "current_ratio": null,
            "debt_ratio": null,
            "inventory_turnover_ratio": null,
            "account_receivable_turnover_ratio": null,
            "reinvestment_rate": null,
            "research_to_sale_ratio": null,
            "price_fair": 0,
            "eps_avg_yearly": 0,
            "eps_latest_yearly": 0,
            "eps_growth_yearly": 0
        },
        "20012": {
            "year_quarter": 20012,
            "year": 2001,
            "quarter": 2,
            "eps": null,
            "eps_growth_year": null,
            "eps_4q": null,
            "eps_4q_growth_year": null,
            "roe": null,
            "roe_4q": 0,
            "gross_profit": null,
            "gross_margin": null,
            "gross_margin_4q_avg": 0,
            "net_income": null,
            "revenue": null,
            "common_shares": null,
            "book_valuer_per_share": null,
            "book_valuer_per_share_4q_avg": 0,
            "equity": null,
            "current_ratio": null,
            "debt_ratio": null,
            "inventory_turnover_ratio": null,
            "account_receivable_turnover_ratio": null,
            "reinvestment_rate": null,
            "research_to_sale_ratio": null,
            "price_fair": 0,
            "eps_avg_yearly": 0,
            "eps_latest_yearly": 0,
            "eps_growth_yearly": 0
        },
        "20013": {
            "year_quarter": 20013,
            "year": 2001,
            "quarter": 3,
            "eps": null,
            "eps_growth_year": null,
            "eps_4q": null,
            "eps_4q_growth_year": null,
            "roe": null,
            "roe_4q": 0,
            "gross_profit": null,
            "gross_margin": null,
            "gross_margin_4q_avg": 0,
            "net_income": null,
            "revenue": null,
            "common_shares": null,
            "book_valuer_per_share": null,
            "book_valuer_per_share_4q_avg": 0,
            "equity": null,
            "current_ratio": null,
            "debt_ratio": null,
            "inventory_turnover_ratio": null,
            "account_receivable_turnover_ratio": null,
            "reinvestment_rate": null,
            "research_to_sale_ratio": null,
            "price_fair": 0,
            "eps_avg_yearly": 0,
            "eps_latest_yearly": 0,
            "eps_growth_yearly": 0
        },
        "20014": {
            "year_quarter": 20014,
            "year": 2001,
            "quarter": 4,
            "eps": null,
            "eps_growth_year": null,
            "eps_4q": null,
            "eps_4q_growth_year": null,
            "roe": null,
            "roe_4q": 0,
            "gross_profit": null,
            "gross_margin": null,
            "gross_margin_4q_avg": 0,
            "net_income": null,
            "revenue": null,
            "common_shares": null,
            "book_valuer_per_share": null,
            "book_valuer_per_share_4q_avg": 0,
            "equity": null,
            "current_ratio": null,
            "debt_ratio": null,
            "inventory_turnover_ratio": null,
            "account_receivable_turnover_ratio": null,
            "reinvestment_rate": null,
            "research_to_sale_ratio": null,
            "price_fair": 0,
            "eps_avg_yearly": 0,
            "eps_latest_yearly": 0,
            "eps_growth_yearly": 0
        },
        "20021": {
            "year_quarter": 20021,
            "year": 2002,
            "quarter": 1,
            "eps": null,
            "eps_growth_year": null,
            "eps_4q": null,
            "eps_4q_growth_year": null,
            "roe": null,
            "roe_4q": 0,
            "gross_profit": null,
            "gross_margin": null,
            "gross_margin_4q_avg": 0,
            "net_income": null,
            "revenue": null,
            "common_shares": null,
            "book_valuer_per_share": null,
            "book_valuer_per_share_4q_avg": 0,
            "equity": null,
            "current_ratio": null,
            "debt_ratio": null,
            "inventory_turnover_ratio": null,
            "account_receivable_turnover_ratio": null,
            "reinvestment_rate": null,
            "research_to_sale_ratio": null,
            "price_fair": 0,
            "eps_avg_yearly": 0,
            "eps_latest_yearly": 0,
            "eps_growth_yearly": 0
        },
        "20022": {
            "year_quarter": 20022,
            "year": 2002,
            "quarter": 2,
            "eps": null,
            "eps_growth_year": null,
            "eps_4q": null,
            "eps_4q_growth_year": null,
            "roe": null,
            "roe_4q": 0,
            "gross_profit": null,
            "gross_margin": null,
            "gross_margin_4q_avg": 0,
            "net_income": null,
            "revenue": null,
            "common_shares": null,
            "book_valuer_per_share": null,
            "book_valuer_per_share_4q_avg": 0,
            "equity": null,
            "current_ratio": null,
            "debt_ratio": null,
            "inventory_turnover_ratio": null,
            "account_receivable_turnover_ratio": null,
            "reinvestment_rate": null,
            "research_to_sale_ratio": null,
            "price_fair": 0,
            "eps_avg_yearly": 0,
            "eps_latest_yearly": 0,
            "eps_growth_yearly": 0
        },
        "20023": {
            "year_quarter": 20023,
            "year": 2002,
            "quarter": 3,
            "eps": null,
            "eps_growth_year": null,
            "eps_4q": null,
            "eps_4q_growth_year": null,
            "roe": null,
            "roe_4q": 0,
            "gross_profit": null,
            "gross_margin": null,
            "gross_margin_4q_avg": 0,
            "net_income": null,
            "revenue": null,
            "common_shares": null,
            "book_valuer_per_share": null,
            "book_valuer_per_share_4q_avg": 0,
            "equity": null,
            "current_ratio": null,
            "debt_ratio": null,
            "inventory_turnover_ratio": null,
            "account_receivable_turnover_ratio": null,
            "reinvestment_rate": null,
            "research_to_sale_ratio": null,
            "price_fair": 0,
            "eps_avg_yearly": 0,
            "eps_latest_yearly": 0,
            "eps_growth_yearly": 0
        },
        "20024": {
            "year_quarter": 20024,
            "year": 2002,
            "quarter": 4,
            "eps": null,
            "eps_growth_year": null,
            "eps_4q": null,
            "eps_4q_growth_year": null,
            "roe": null,
            "roe_4q": 0,
            "gross_profit": null,
            "gross_margin": null,
            "gross_margin_4q_avg": 0,
            "net_income": null,
            "revenue": null,
            "common_shares": null,
            "book_valuer_per_share": null,
            "book_valuer_per_share_4q_avg": 0,
            "equity": null,
            "current_ratio": null,
            "debt_ratio": null,
            "inventory_turnover_ratio": null,
            "account_receivable_turnover_ratio": null,
            "reinvestment_rate": null,
            "research_to_sale_ratio": null,
            "price_fair": 0,
            "eps_avg_yearly": 0,
            "eps_latest_yearly": 0,
            "eps_growth_yearly": 0
        },
        "20031": {
            "year_quarter": 20031,
            "year": 2003,
            "quarter": 1,
            "eps": null,
            "eps_growth_year": null,
            "eps_4q": null,
            "eps_4q_growth_year": null,
            "roe": null,
            "roe_4q": 0,
            "gross_profit": null,
            "gross_margin": null,
            "gross_margin_4q_avg": 0,
            "net_income": null,
            "revenue": null,
            "common_shares": null,
            "book_valuer_per_share": null,
            "book_valuer_per_share_4q_avg": 0,
            "equity": null,
            "current_ratio": null,
            "debt_ratio": null,
            "inventory_turnover_ratio": null,
            "account_receivable_turnover_ratio": null,
            "reinvestment_rate": null,
            "research_to_sale_ratio": null,
            "price_fair": 0,
            "eps_avg_yearly": 0,
            "eps_latest_yearly": 0,
            "eps_growth_yearly": 0
        },
        "20032": {
            "year_quarter": 20032,
            "year": 2003,
            "quarter": 2,
            "eps": null,
            "eps_growth_year": null,
            "eps_4q": null,
            "eps_4q_growth_year": null,
            "roe": null,
            "roe_4q": 0,
            "gross_profit": null,
            "gross_margin": null,
            "gross_margin_4q_avg": 0,
            "net_income": null,
            "revenue": null,
            "common_shares": null,
            "book_valuer_per_share": null,
            "book_valuer_per_share_4q_avg": 0,
            "equity": null,
            "current_ratio": null,
            "debt_ratio": null,
            "inventory_turnover_ratio": null,
            "account_receivable_turnover_ratio": null,
            "reinvestment_rate": null,
            "research_to_sale_ratio": null,
            "price_fair": 0,
            "eps_avg_yearly": 0,
            "eps_latest_yearly": 0,
            "eps_growth_yearly": 0
        },
        "20033": {
            "year_quarter": 20033,
            "year": 2003,
            "quarter": 3,
            "eps": null,
            "eps_growth_year": null,
            "eps_4q": null,
            "eps_4q_growth_year": null,
            "roe": null,
            "roe_4q": 0,
            "gross_profit": null,
            "gross_margin": null,
            "gross_margin_4q_avg": 0,
            "net_income": null,
            "revenue": null,
            "common_shares": null,
            "book_valuer_per_share": null,
            "book_valuer_per_share_4q_avg": 0,
            "equity": null,
            "current_ratio": null,
            "debt_ratio": null,
            "inventory_turnover_ratio": null,
            "account_receivable_turnover_ratio": null,
            "reinvestment_rate": null,
            "research_to_sale_ratio": null,
            "price_fair": 0,
            "eps_avg_yearly": 0,
            "eps_latest_yearly": 0,
            "eps_growth_yearly": 0
        },
        "20034": {
            "year_quarter": 20034,
            "year": 2003,
            "quarter": 4,
            "eps": null,
            "eps_growth_year": null,
            "eps_4q": null,
            "eps_4q_growth_year": null,
            "roe": null,
            "roe_4q": 0,
            "gross_profit": null,
            "gross_margin": null,
            "gross_margin_4q_avg": 0,
            "net_income": null,
            "revenue": null,
            "common_shares": null,
            "book_valuer_per_share": null,
            "book_valuer_per_share_4q_avg": 0,
            "equity": null,
            "current_ratio": null,
            "debt_ratio": null,
            "inventory_turnover_ratio": null,
            "account_receivable_turnover_ratio": null,
            "reinvestment_rate": null,
            "research_to_sale_ratio": null,
            "price_fair": 0,
            "eps_avg_yearly": 0,
            "eps_latest_yearly": 0,
            "eps_growth_yearly": 0
        },
        "20041": {
            "year_quarter": 20041,
            "year": 2004,
            "quarter": 1,
            "eps": null,
            "eps_growth_year": null,
            "eps_4q": null,
            "eps_4q_growth_year": null,
            "roe": null,
            "roe_4q": 0,
            "gross_profit": null,
            "gross_margin": null,
            "gross_margin_4q_avg": 0,
            "net_income": null,
            "revenue": null,
            "common_shares": null,
            "book_valuer_per_share": null,
            "book_valuer_per_share_4q_avg": 0,
            "equity": null,
            "current_ratio": null,
            "debt_ratio": null,
            "inventory_turnover_ratio": null,
            "account_receivable_turnover_ratio": null,
            "reinvestment_rate": null,
            "research_to_sale_ratio": null,
            "price_fair": 0,
            "eps_avg_yearly": 0,
            "eps_latest_yearly": 0,
            "eps_growth_yearly": 0
        },
        "20042": {
            "year_quarter": 20042,
            "year": 2004,
            "quarter": 2,
            "eps": null,
            "eps_growth_year": null,
            "eps_4q": null,
            "eps_4q_growth_year": null,
            "roe": null,
            "roe_4q": 0,
            "gross_profit": null,
            "gross_margin": null,
            "gross_margin_4q_avg": 0,
            "net_income": null,
            "revenue": null,
            "common_shares": null,
            "book_valuer_per_share": null,
            "book_valuer_per_share_4q_avg": 0,
            "equity": null,
            "current_ratio": null,
            "debt_ratio": null,
            "inventory_turnover_ratio": null,
            "account_receivable_turnover_ratio": null,
            "reinvestment_rate": null,
            "research_to_sale_ratio": null,
            "price_fair": 0,
            "eps_avg_yearly": 0,
            "eps_latest_yearly": 0,
            "eps_growth_yearly": 0
        },
        "20043": {
            "year_quarter": 20043,
            "year": 2004,
            "quarter": 3,
            "eps": null,
            "eps_growth_year": null,
            "eps_4q": null,
            "eps_4q_growth_year": null,
            "roe": null,
            "roe_4q": 0,
            "gross_profit": null,
            "gross_margin": null,
            "gross_margin_4q_avg": 0,
            "net_income": null,
            "revenue": null,
            "common_shares": null,
            "book_valuer_per_share": null,
            "book_valuer_per_share_4q_avg": 0,
            "equity": null,
            "current_ratio": null,
            "debt_ratio": null,
            "inventory_turnover_ratio": null,
            "account_receivable_turnover_ratio": null,
            "reinvestment_rate": null,
            "research_to_sale_ratio": null,
            "price_fair": 0,
            "eps_avg_yearly": 0,
            "eps_latest_yearly": 0,
            "eps_growth_yearly": 0
        },
        "20044": {
            "year_quarter": 20044,
            "year": 2004,
            "quarter": 4,
            "eps": null,
            "eps_growth_year": null,
            "eps_4q": null,
            "eps_4q_growth_year": null,
            "roe": null,
            "roe_4q": 0,
            "gross_profit": null,
            "gross_margin": null,
            "gross_margin_4q_avg": 0,
            "net_income": null,
            "revenue": null,
            "common_shares": null,
            "book_valuer_per_share": null,
            "book_valuer_per_share_4q_avg": 0,
            "equity": null,
            "current_ratio": null,
            "debt_ratio": null,
            "inventory_turnover_ratio": null,
            "account_receivable_turnover_ratio": null,
            "reinvestment_rate": null,
            "research_to_sale_ratio": null,
            "price_fair": 0,
            "eps_avg_yearly": 0,
            "eps_latest_yearly": 0,
            "eps_growth_yearly": 0
        },
        "20051": {
            "year_quarter": 20051,
            "year": 2005,
            "quarter": 1,
            "eps": null,
            "eps_growth_year": null,
            "eps_4q": null,
            "eps_4q_growth_year": null,
            "roe": null,
            "roe_4q": 0,
            "gross_profit": null,
            "gross_margin": null,
            "gross_margin_4q_avg": 0,
            "net_income": null,
            "revenue": null,
            "common_shares": null,
            "book_valuer_per_share": null,
            "book_valuer_per_share_4q_avg": 0,
            "equity": null,
            "current_ratio": null,
            "debt_ratio": null,
            "inventory_turnover_ratio": null,
            "account_receivable_turnover_ratio": null,
            "reinvestment_rate": null,
            "research_to_sale_ratio": null,
            "price_fair": 0,
            "eps_avg_yearly": 0,
            "eps_latest_yearly": 0,
            "eps_growth_yearly": 0
        },
        "20052": {
            "year_quarter": 20052,
            "year": 2005,
            "quarter": 2,
            "eps": null,
            "eps_growth_year": null,
            "eps_4q": null,
            "eps_4q_growth_year": null,
            "roe": null,
            "roe_4q": 0,
            "gross_profit": null,
            "gross_margin": null,
            "gross_margin_4q_avg": 0,
            "net_income": null,
            "revenue": null,
            "common_shares": null,
            "book_valuer_per_share": null,
            "book_valuer_per_share_4q_avg": 0,
            "equity": null,
            "current_ratio": null,
            "debt_ratio": null,
            "inventory_turnover_ratio": null,
            "account_receivable_turnover_ratio": null,
            "reinvestment_rate": null,
            "research_to_sale_ratio": null,
            "price_fair": 0,
            "eps_avg_yearly": 0,
            "eps_latest_yearly": 0,
            "eps_growth_yearly": 0
        },
        "20053": {
            "year_quarter": 20053,
            "year": 2005,
            "quarter": 3,
            "eps": null,
            "eps_growth_year": null,
            "eps_4q": null,
            "eps_4q_growth_year": null,
            "roe": null,
            "roe_4q": 0,
            "gross_profit": null,
            "gross_margin": null,
            "gross_margin_4q_avg": 0,
            "net_income": null,
            "revenue": null,
            "common_shares": null,
            "book_valuer_per_share": null,
            "book_valuer_per_share_4q_avg": 0,
            "equity": null,
            "current_ratio": null,
            "debt_ratio": null,
            "inventory_turnover_ratio": null,
            "account_receivable_turnover_ratio": null,
            "reinvestment_rate": null,
            "research_to_sale_ratio": null,
            "price_fair": 0,
            "eps_avg_yearly": 0,
            "eps_latest_yearly": 0,
            "eps_growth_yearly": 0
        },
        "20054": {
            "year_quarter": 20054,
            "year": 2005,
            "quarter": 4,
            "eps": null,
            "eps_growth_year": null,
            "eps_4q": null,
            "eps_4q_growth_year": null,
            "roe": null,
            "roe_4q": 0,
            "gross_profit": null,
            "gross_margin": null,
            "gross_margin_4q_avg": 0,
            "net_income": null,
            "revenue": null,
            "common_shares": null,
            "book_valuer_per_share": null,
            "book_valuer_per_share_4q_avg": 0,
            "equity": null,
            "current_ratio": null,
            "debt_ratio": null,
            "inventory_turnover_ratio": null,
            "account_receivable_turnover_ratio": null,
            "reinvestment_rate": null,
            "research_to_sale_ratio": null,
            "price_fair": 0,
            "eps_avg_yearly": 0,
            "eps_latest_yearly": 0,
            "eps_growth_yearly": 0
        },
        "20061": {
            "year_quarter": 20061,
            "year": 2006,
            "quarter": 1,
            "eps": null,
            "eps_growth_year": null,
            "eps_4q": null,
            "eps_4q_growth_year": null,
            "roe": null,
            "roe_4q": 0,
            "gross_profit": null,
            "gross_margin": null,
            "gross_margin_4q_avg": 0,
            "net_income": null,
            "revenue": null,
            "common_shares": null,
            "book_valuer_per_share": null,
            "book_valuer_per_share_4q_avg": 0,
            "equity": null,
            "current_ratio": null,
            "debt_ratio": null,
            "inventory_turnover_ratio": null,
            "account_receivable_turnover_ratio": null,
            "reinvestment_rate": null,
            "research_to_sale_ratio": null,
            "price_fair": 0,
            "eps_avg_yearly": 0,
            "eps_latest_yearly": 0,
            "eps_growth_yearly": 0
        },
        "20062": {
            "year_quarter": 20062,
            "year": 2006,
            "quarter": 2,
            "eps": null,
            "eps_growth_year": null,
            "eps_4q": null,
            "eps_4q_growth_year": null,
            "roe": null,
            "roe_4q": 0,
            "gross_profit": null,
            "gross_margin": null,
            "gross_margin_4q_avg": 0,
            "net_income": null,
            "revenue": null,
            "common_shares": null,
            "book_valuer_per_share": null,
            "book_valuer_per_share_4q_avg": 0,
            "equity": null,
            "current_ratio": null,
            "debt_ratio": null,
            "inventory_turnover_ratio": null,
            "account_receivable_turnover_ratio": null,
            "reinvestment_rate": null,
            "research_to_sale_ratio": null,
            "price_fair": 0,
            "eps_avg_yearly": 0,
            "eps_latest_yearly": 0,
            "eps_growth_yearly": 0
        },
        "20063": {
            "year_quarter": 20063,
            "year": 2006,
            "quarter": 3,
            "eps": null,
            "eps_growth_year": null,
            "eps_4q": null,
            "eps_4q_growth_year": null,
            "roe": null,
            "roe_4q": 0,
            "gross_profit": null,
            "gross_margin": null,
            "gross_margin_4q_avg": 0,
            "net_income": null,
            "revenue": null,
            "common_shares": null,
            "book_valuer_per_share": null,
            "book_valuer_per_share_4q_avg": 0,
            "equity": null,
            "current_ratio": null,
            "debt_ratio": null,
            "inventory_turnover_ratio": null,
            "account_receivable_turnover_ratio": null,
            "reinvestment_rate": null,
            "research_to_sale_ratio": null,
            "price_fair": 0,
            "eps_avg_yearly": 0,
            "eps_latest_yearly": 0,
            "eps_growth_yearly": 0
        },
        "20064": {
            "year_quarter": 20064,
            "year": 2006,
            "quarter": 4,
            "eps": null,
            "eps_growth_year": null,
            "eps_4q": null,
            "eps_4q_growth_year": null,
            "roe": null,
            "roe_4q": 0,
            "gross_profit": null,
            "gross_margin": null,
            "gross_margin_4q_avg": 0,
            "net_income": null,
            "revenue": null,
            "common_shares": null,
            "book_valuer_per_share": null,
            "book_valuer_per_share_4q_avg": 0,
            "equity": null,
            "current_ratio": null,
            "debt_ratio": null,
            "inventory_turnover_ratio": null,
            "account_receivable_turnover_ratio": null,
            "reinvestment_rate": null,
            "research_to_sale_ratio": null,
            "price_fair": 0,
            "eps_avg_yearly": 0,
            "eps_latest_yearly": 0,
            "eps_growth_yearly": 0
        },
        "20071": {
            "year_quarter": 20071,
            "year": 2007,
            "quarter": 1,
            "eps": null,
            "eps_growth_year": null,
            "eps_4q": null,
            "eps_4q_growth_year": null,
            "roe": null,
            "roe_4q": 0,
            "gross_profit": null,
            "gross_margin": null,
            "gross_margin_4q_avg": 0,
            "net_income": null,
            "revenue": null,
            "common_shares": null,
            "book_valuer_per_share": null,
            "book_valuer_per_share_4q_avg": 0,
            "equity": null,
            "current_ratio": null,
            "debt_ratio": null,
            "inventory_turnover_ratio": null,
            "account_receivable_turnover_ratio": null,
            "reinvestment_rate": null,
            "research_to_sale_ratio": null,
            "price_fair": 0,
            "eps_avg_yearly": 0,
            "eps_latest_yearly": 0,
            "eps_growth_yearly": 0
        },
        "20072": {
            "year_quarter": 20072,
            "year": 2007,
            "quarter": 2,
            "eps": null,
            "eps_growth_year": null,
            "eps_4q": null,
            "eps_4q_growth_year": null,
            "roe": null,
            "roe_4q": 0,
            "gross_profit": null,
            "gross_margin": null,
            "gross_margin_4q_avg": 0,
            "net_income": null,
            "revenue": null,
            "common_shares": null,
            "book_valuer_per_share": null,
            "book_valuer_per_share_4q_avg": 0,
            "equity": null,
            "current_ratio": null,
            "debt_ratio": null,
            "inventory_turnover_ratio": null,
            "account_receivable_turnover_ratio": null,
            "reinvestment_rate": null,
            "research_to_sale_ratio": null,
            "price_fair": 0,
            "eps_avg_yearly": 0,
            "eps_latest_yearly": 0,
            "eps_growth_yearly": 0
        },
        "20073": {
            "year_quarter": 20073,
            "year": 2007,
            "quarter": 3,
            "eps": null,
            "eps_growth_year": null,
            "eps_4q": null,
            "eps_4q_growth_year": null,
            "roe": null,
            "roe_4q": 0,
            "gross_profit": null,
            "gross_margin": null,
            "gross_margin_4q_avg": 0,
            "net_income": null,
            "revenue": null,
            "common_shares": null,
            "book_valuer_per_share": null,
            "book_valuer_per_share_4q_avg": 0,
            "equity": null,
            "current_ratio": null,
            "debt_ratio": null,
            "inventory_turnover_ratio": null,
            "account_receivable_turnover_ratio": null,
            "reinvestment_rate": null,
            "research_to_sale_ratio": null,
            "price_fair": 0,
            "eps_avg_yearly": 0,
            "eps_latest_yearly": 0,
            "eps_growth_yearly": 0
        },
        "20074": {
            "year_quarter": 20074,
            "year": 2007,
            "quarter": 4,
            "eps": null,
            "eps_growth_year": null,
            "eps_4q": null,
            "eps_4q_growth_year": null,
            "roe": null,
            "roe_4q": 0,
            "gross_profit": null,
            "gross_margin": null,
            "gross_margin_4q_avg": 0,
            "net_income": null,
            "revenue": null,
            "common_shares": null,
            "book_valuer_per_share": null,
            "book_valuer_per_share_4q_avg": 0,
            "equity": null,
            "current_ratio": null,
            "debt_ratio": null,
            "inventory_turnover_ratio": null,
            "account_receivable_turnover_ratio": null,
            "reinvestment_rate": null,
            "research_to_sale_ratio": null,
            "price_fair": 0,
            "eps_avg_yearly": 0,
            "eps_latest_yearly": 0,
            "eps_growth_yearly": 0
        },
        "20081": {
            "year_quarter": 20081,
            "year": 2008,
            "quarter": 1,
            "eps": null,
            "eps_growth_year": null,
            "eps_4q": null,
            "eps_4q_growth_year": null,
            "roe": null,
            "roe_4q": 0,
            "gross_profit": null,
            "gross_margin": null,
            "gross_margin_4q_avg": 0,
            "net_income": null,
            "revenue": null,
            "common_shares": null,
            "book_valuer_per_share": null,
            "book_valuer_per_share_4q_avg": 0,
            "equity": null,
            "current_ratio": null,
            "debt_ratio": null,
            "inventory_turnover_ratio": null,
            "account_receivable_turnover_ratio": null,
            "reinvestment_rate": null,
            "research_to_sale_ratio": null,
            "price_fair": 0,
            "eps_avg_yearly": 0,
            "eps_latest_yearly": 0,
            "eps_growth_yearly": 0
        },
        "20082": {
            "year_quarter": 20082,
            "year": 2008,
            "quarter": 2,
            "eps": null,
            "eps_growth_year": null,
            "eps_4q": null,
            "eps_4q_growth_year": null,
            "roe": null,
            "roe_4q": 0,
            "gross_profit": null,
            "gross_margin": null,
            "gross_margin_4q_avg": 0,
            "net_income": null,
            "revenue": null,
            "common_shares": null,
            "book_valuer_per_share": null,
            "book_valuer_per_share_4q_avg": 0,
            "equity": null,
            "current_ratio": null,
            "debt_ratio": null,
            "inventory_turnover_ratio": null,
            "account_receivable_turnover_ratio": null,
            "reinvestment_rate": null,
            "research_to_sale_ratio": null,
            "price_fair": 0,
            "eps_avg_yearly": 0,
            "eps_latest_yearly": 0,
            "eps_growth_yearly": 0
        },
        "20083": {
            "year_quarter": 20083,
            "year": 2008,
            "quarter": 3,
            "eps": null,
            "eps_growth_year": null,
            "eps_4q": null,
            "eps_4q_growth_year": null,
            "roe": null,
            "roe_4q": 0,
            "gross_profit": null,
            "gross_margin": null,
            "gross_margin_4q_avg": 0,
            "net_income": null,
            "revenue": null,
            "common_shares": null,
            "book_valuer_per_share": null,
            "book_valuer_per_share_4q_avg": 0,
            "equity": null,
            "current_ratio": null,
            "debt_ratio": null,
            "inventory_turnover_ratio": null,
            "account_receivable_turnover_ratio": null,
            "reinvestment_rate": null,
            "research_to_sale_ratio": null,
            "price_fair": 0,
            "eps_avg_yearly": 0,
            "eps_latest_yearly": 0,
            "eps_growth_yearly": 0
        },
        "20084": {
            "year_quarter": 20084,
            "year": 2008,
            "quarter": 4,
            "eps": null,
            "eps_growth_year": null,
            "eps_4q": null,
            "eps_4q_growth_year": null,
            "roe": null,
            "roe_4q": 0,
            "gross_profit": null,
            "gross_margin": null,
            "gross_margin_4q_avg": 0,
            "net_income": null,
            "revenue": null,
            "common_shares": null,
            "book_valuer_per_share": null,
            "book_valuer_per_share_4q_avg": 0,
            "equity": null,
            "current_ratio": null,
            "debt_ratio": null,
            "inventory_turnover_ratio": null,
            "account_receivable_turnover_ratio": null,
            "reinvestment_rate": null,
            "research_to_sale_ratio": null,
            "price_fair": 0,
            "eps_avg_yearly": 0,
            "eps_latest_yearly": 0,
            "eps_growth_yearly": 0
        },
        "20091": {
            "year_quarter": 20091,
            "year": 2009,
            "quarter": 1,
            "eps": null,
            "eps_growth_year": null,
            "eps_4q": null,
            "eps_4q_growth_year": null,
            "roe": null,
            "roe_4q": 0,
            "gross_profit": null,
            "gross_margin": null,
            "gross_margin_4q_avg": 0,
            "net_income": null,
            "revenue": null,
            "common_shares": null,
            "book_valuer_per_share": null,
            "book_valuer_per_share_4q_avg": 0,
            "equity": null,
            "current_ratio": null,
            "debt_ratio": null,
            "inventory_turnover_ratio": null,
            "account_receivable_turnover_ratio": null,
            "reinvestment_rate": null,
            "research_to_sale_ratio": null,
            "price_fair": 0,
            "eps_avg_yearly": 0,
            "eps_latest_yearly": 0,
            "eps_growth_yearly": 0
        },
        "20092": {
            "year_quarter": 20092,
            "year": 2009,
            "quarter": 2,
            "eps": null,
            "eps_growth_year": null,
            "eps_4q": null,
            "eps_4q_growth_year": null,
            "roe": null,
            "roe_4q": 0,
            "gross_profit": null,
            "gross_margin": null,
            "gross_margin_4q_avg": 0,
            "net_income": null,
            "revenue": null,
            "common_shares": null,
            "book_valuer_per_share": null,
            "book_valuer_per_share_4q_avg": 0,
            "equity": null,
            "current_ratio": null,
            "debt_ratio": null,
            "inventory_turnover_ratio": null,
            "account_receivable_turnover_ratio": null,
            "reinvestment_rate": null,
            "research_to_sale_ratio": null,
            "price_fair": 0,
            "eps_avg_yearly": 0,
            "eps_latest_yearly": 0,
            "eps_growth_yearly": 0
        },
        "20093": {
            "year_quarter": 20093,
            "year": 2009,
            "quarter": 3,
            "eps": null,
            "eps_growth_year": null,
            "eps_4q": null,
            "eps_4q_growth_year": null,
            "roe": null,
            "roe_4q": 0,
            "gross_profit": null,
            "gross_margin": null,
            "gross_margin_4q_avg": 0,
            "net_income": null,
            "revenue": null,
            "common_shares": null,
            "book_valuer_per_share": null,
            "book_valuer_per_share_4q_avg": 0,
            "equity": null,
            "current_ratio": null,
            "debt_ratio": null,
            "inventory_turnover_ratio": null,
            "account_receivable_turnover_ratio": null,
            "reinvestment_rate": null,
            "research_to_sale_ratio": null,
            "price_fair": 0,
            "eps_avg_yearly": 0,
            "eps_latest_yearly": 0,
            "eps_growth_yearly": 0
        },
        "20094": {
            "year_quarter": 20094,
            "year": 2009,
            "quarter": 4,
            "eps": null,
            "eps_growth_year": null,
            "eps_4q": null,
            "eps_4q_growth_year": null,
            "roe": null,
            "roe_4q": 0,
            "gross_profit": null,
            "gross_margin": null,
            "gross_margin_4q_avg": 0,
            "net_income": null,
            "revenue": null,
            "common_shares": null,
            "book_valuer_per_share": null,
            "book_valuer_per_share_4q_avg": 0,
            "equity": null,
            "current_ratio": null,
            "debt_ratio": null,
            "inventory_turnover_ratio": null,
            "account_receivable_turnover_ratio": null,
            "reinvestment_rate": null,
            "research_to_sale_ratio": null,
            "price_fair": 0,
            "eps_avg_yearly": 0,
            "eps_latest_yearly": 0,
            "eps_growth_yearly": 0
        },
        "20101": {
            "year_quarter": 20101,
            "year": 2010,
            "quarter": 1,
            "eps": null,
            "eps_growth_year": null,
            "eps_4q": null,
            "eps_4q_growth_year": null,
            "roe": null,
            "roe_4q": 0,
            "gross_profit": null,
            "gross_margin": null,
            "gross_margin_4q_avg": 0,
            "net_income": null,
            "revenue": null,
            "common_shares": null,
            "book_valuer_per_share": null,
            "book_valuer_per_share_4q_avg": 0,
            "equity": null,
            "current_ratio": null,
            "debt_ratio": null,
            "inventory_turnover_ratio": null,
            "account_receivable_turnover_ratio": null,
            "reinvestment_rate": null,
            "research_to_sale_ratio": null,
            "price_fair": 0,
            "eps_avg_yearly": 0,
            "eps_latest_yearly": 0,
            "eps_growth_yearly": 0
        },
        "20102": {
            "year_quarter": 20102,
            "year": 2010,
            "quarter": 2,
            "eps": null,
            "eps_growth_year": null,
            "eps_4q": null,
            "eps_4q_growth_year": null,
            "roe": null,
            "roe_4q": 0,
            "gross_profit": null,
            "gross_margin": null,
            "gross_margin_4q_avg": 0,
            "net_income": null,
            "revenue": null,
            "common_shares": null,
            "book_valuer_per_share": null,
            "book_valuer_per_share_4q_avg": 0,
            "equity": null,
            "current_ratio": null,
            "debt_ratio": null,
            "inventory_turnover_ratio": null,
            "account_receivable_turnover_ratio": null,
            "reinvestment_rate": null,
            "research_to_sale_ratio": null,
            "price_fair": 0,
            "eps_avg_yearly": 0,
            "eps_latest_yearly": 0,
            "eps_growth_yearly": 0
        },
        "20103": {
            "year_quarter": 20103,
            "year": 2010,
            "quarter": 3,
            "eps": null,
            "eps_growth_year": null,
            "eps_4q": null,
            "eps_4q_growth_year": null,
            "roe": null,
            "roe_4q": 0,
            "gross_profit": null,
            "gross_margin": null,
            "gross_margin_4q_avg": 0,
            "net_income": null,
            "revenue": null,
            "common_shares": null,
            "book_valuer_per_share": null,
            "book_valuer_per_share_4q_avg": 0,
            "equity": null,
            "current_ratio": null,
            "debt_ratio": null,
            "inventory_turnover_ratio": null,
            "account_receivable_turnover_ratio": null,
            "reinvestment_rate": null,
            "research_to_sale_ratio": null,
            "price_fair": 0,
            "eps_avg_yearly": 0,
            "eps_latest_yearly": 0,
            "eps_growth_yearly": 0
        },
        "20104": {
            "year_quarter": 20104,
            "year": 2010,
            "quarter": 4,
            "eps": null,
            "eps_growth_year": null,
            "eps_4q": null,
            "eps_4q_growth_year": null,
            "roe": null,
            "roe_4q": 0,
            "gross_profit": null,
            "gross_margin": null,
            "gross_margin_4q_avg": 0,
            "net_income": null,
            "revenue": null,
            "common_shares": null,
            "book_valuer_per_share": null,
            "book_valuer_per_share_4q_avg": 0,
            "equity": null,
            "current_ratio": null,
            "debt_ratio": null,
            "inventory_turnover_ratio": null,
            "account_receivable_turnover_ratio": null,
            "reinvestment_rate": null,
            "research_to_sale_ratio": null,
            "price_fair": 0,
            "eps_avg_yearly": 0,
            "eps_latest_yearly": 0,
            "eps_growth_yearly": 0
        },
        "20111": {
            "year_quarter": 20111,
            "year": 2011,
            "quarter": 1,
            "eps": null,
            "eps_growth_year": null,
            "eps_4q": null,
            "eps_4q_growth_year": null,
            "roe": null,
            "roe_4q": 0,
            "gross_profit": null,
            "gross_margin": null,
            "gross_margin_4q_avg": 0,
            "net_income": null,
            "revenue": null,
            "common_shares": null,
            "book_valuer_per_share": null,
            "book_valuer_per_share_4q_avg": 0,
            "equity": null,
            "current_ratio": null,
            "debt_ratio": null,
            "inventory_turnover_ratio": null,
            "account_receivable_turnover_ratio": null,
            "reinvestment_rate": null,
            "research_to_sale_ratio": null,
            "price_fair": 0,
            "eps_avg_yearly": 0,
            "eps_latest_yearly": 0,
            "eps_growth_yearly": 0
        },
        "20112": {
            "year_quarter": 20112,
            "year": 2011,
            "quarter": 2,
            "eps": null,
            "eps_growth_year": null,
            "eps_4q": null,
            "eps_4q_growth_year": null,
            "roe": null,
            "roe_4q": 0,
            "gross_profit": null,
            "gross_margin": null,
            "gross_margin_4q_avg": 0,
            "net_income": null,
            "revenue": null,
            "common_shares": null,
            "book_valuer_per_share": null,
            "book_valuer_per_share_4q_avg": 0,
            "equity": null,
            "current_ratio": null,
            "debt_ratio": null,
            "inventory_turnover_ratio": null,
            "account_receivable_turnover_ratio": null,
            "reinvestment_rate": null,
            "research_to_sale_ratio": null,
            "price_fair": 0,
            "eps_avg_yearly": 0,
            "eps_latest_yearly": 0,
            "eps_growth_yearly": 0
        },
        "20113": {
            "year_quarter": 20113,
            "year": 2011,
            "quarter": 3,
            "eps": null,
            "eps_growth_year": null,
            "eps_4q": null,
            "eps_4q_growth_year": null,
            "roe": null,
            "roe_4q": 0,
            "gross_profit": null,
            "gross_margin": null,
            "gross_margin_4q_avg": 0,
            "net_income": null,
            "revenue": null,
            "common_shares": null,
            "book_valuer_per_share": null,
            "book_valuer_per_share_4q_avg": 0,
            "equity": null,
            "current_ratio": null,
            "debt_ratio": null,
            "inventory_turnover_ratio": null,
            "account_receivable_turnover_ratio": null,
            "reinvestment_rate": null,
            "research_to_sale_ratio": null,
            "price_fair": 0,
            "eps_avg_yearly": 0,
            "eps_latest_yearly": 0,
            "eps_growth_yearly": 0
        },
        "20114": {
            "year_quarter": 20114,
            "year": 2011,
            "quarter": 4,
            "eps": null,
            "eps_growth_year": null,
            "eps_4q": null,
            "eps_4q_growth_year": null,
            "roe": null,
            "roe_4q": 0,
            "gross_profit": null,
            "gross_margin": null,
            "gross_margin_4q_avg": 0,
            "net_income": null,
            "revenue": null,
            "common_shares": null,
            "book_valuer_per_share": null,
            "book_valuer_per_share_4q_avg": 0,
            "equity": null,
            "current_ratio": null,
            "debt_ratio": null,
            "inventory_turnover_ratio": null,
            "account_receivable_turnover_ratio": null,
            "reinvestment_rate": null,
            "research_to_sale_ratio": null,
            "price_fair": 0,
            "eps_avg_yearly": 0,
            "eps_latest_yearly": 0,
            "eps_growth_yearly": 0
        },
        "20121": {
            "year_quarter": 20121,
            "year": 2012,
            "quarter": 1,
            "eps": null,
            "eps_growth_year": null,
            "eps_4q": null,
            "eps_4q_growth_year": null,
            "roe": null,
            "roe_4q": 0,
            "gross_profit": null,
            "gross_margin": null,
            "gross_margin_4q_avg": 0,
            "net_income": null,
            "revenue": null,
            "common_shares": null,
            "book_valuer_per_share": null,
            "book_valuer_per_share_4q_avg": 0,
            "equity": null,
            "current_ratio": null,
            "debt_ratio": null,
            "inventory_turnover_ratio": null,
            "account_receivable_turnover_ratio": null,
            "reinvestment_rate": null,
            "research_to_sale_ratio": null,
            "price_fair": 0,
            "eps_avg_yearly": 0,
            "eps_latest_yearly": 0,
            "eps_growth_yearly": 0
        },
        "20122": {
            "year_quarter": 20122,
            "year": 2012,
            "quarter": 2,
            "eps": null,
            "eps_growth_year": null,
            "eps_4q": null,
            "eps_4q_growth_year": null,
            "roe": null,
            "roe_4q": 0,
            "gross_profit": null,
            "gross_margin": null,
            "gross_margin_4q_avg": 0,
            "net_income": null,
            "revenue": null,
            "common_shares": null,
            "book_valuer_per_share": null,
            "book_valuer_per_share_4q_avg": 0,
            "equity": null,
            "current_ratio": null,
            "debt_ratio": null,
            "inventory_turnover_ratio": null,
            "account_receivable_turnover_ratio": null,
            "reinvestment_rate": null,
            "research_to_sale_ratio": null,
            "price_fair": 0,
            "eps_avg_yearly": 0,
            "eps_latest_yearly": 0,
            "eps_growth_yearly": 0
        },
        "20123": {
            "year_quarter": 20123,
            "year": 2012,
            "quarter": 3,
            "eps": null,
            "eps_growth_year": null,
            "eps_4q": null,
            "eps_4q_growth_year": null,
            "roe": null,
            "roe_4q": 0,
            "gross_profit": null,
            "gross_margin": null,
            "gross_margin_4q_avg": 0,
            "net_income": null,
            "revenue": null,
            "common_shares": null,
            "book_valuer_per_share": null,
            "book_valuer_per_share_4q_avg": 0,
            "equity": null,
            "current_ratio": null,
            "debt_ratio": null,
            "inventory_turnover_ratio": null,
            "account_receivable_turnover_ratio": null,
            "reinvestment_rate": null,
            "research_to_sale_ratio": null,
            "price_fair": 0,
            "eps_avg_yearly": 0,
            "eps_latest_yearly": 0,
            "eps_growth_yearly": 0
        },
        "20124": {
            "year_quarter": 20124,
            "year": 2012,
            "quarter": 4,
            "eps": null,
            "eps_growth_year": null,
            "eps_4q": null,
            "eps_4q_growth_year": null,
            "roe": null,
            "roe_4q": 0,
            "gross_profit": null,
            "gross_margin": null,
            "gross_margin_4q_avg": 0,
            "net_income": null,
            "revenue": null,
            "common_shares": null,
            "book_valuer_per_share": null,
            "book_valuer_per_share_4q_avg": 0,
            "equity": null,
            "current_ratio": null,
            "debt_ratio": null,
            "inventory_turnover_ratio": null,
            "account_receivable_turnover_ratio": null,
            "reinvestment_rate": null,
            "research_to_sale_ratio": null,
            "price_fair": 0,
            "eps_avg_yearly": 0,
            "eps_latest_yearly": 0,
            "eps_growth_yearly": 0
        },
        "20131": {
            "year_quarter": 20131,
            "year": 2013,
            "quarter": 1,
            "eps": null,
            "eps_growth_year": null,
            "eps_4q": null,
            "eps_4q_growth_year": null,
            "roe": null,
            "roe_4q": 0,
            "gross_profit": null,
            "gross_margin": null,
            "gross_margin_4q_avg": 0,
            "net_income": null,
            "revenue": null,
            "common_shares": null,
            "book_valuer_per_share": null,
            "book_valuer_per_share_4q_avg": 0,
            "equity": null,
            "current_ratio": null,
            "debt_ratio": null,
            "inventory_turnover_ratio": null,
            "account_receivable_turnover_ratio": null,
            "reinvestment_rate": null,
            "research_to_sale_ratio": null,
            "price_fair": 0,
            "eps_avg_yearly": 0,
            "eps_latest_yearly": 0,
            "eps_growth_yearly": 0
        },
        "20132": {
            "year_quarter": 20132,
            "year": 2013,
            "quarter": 2,
            "eps": null,
            "eps_growth_year": null,
            "eps_4q": null,
            "eps_4q_growth_year": null,
            "roe": null,
            "roe_4q": 0,
            "gross_profit": null,
            "gross_margin": null,
            "gross_margin_4q_avg": 0,
            "net_income": null,
            "revenue": null,
            "common_shares": null,
            "book_valuer_per_share": null,
            "book_valuer_per_share_4q_avg": 0,
            "equity": null,
            "current_ratio": null,
            "debt_ratio": null,
            "inventory_turnover_ratio": null,
            "account_receivable_turnover_ratio": null,
            "reinvestment_rate": null,
            "research_to_sale_ratio": null,
            "price_fair": 0,
            "eps_avg_yearly": 0,
            "eps_latest_yearly": 0,
            "eps_growth_yearly": 0
        },
        "20133": {
            "year_quarter": 20133,
            "year": 2013,
            "quarter": 3,
            "eps": null,
            "eps_growth_year": null,
            "eps_4q": null,
            "eps_4q_growth_year": null,
            "roe": null,
            "roe_4q": 0,
            "gross_profit": null,
            "gross_margin": null,
            "gross_margin_4q_avg": 0,
            "net_income": null,
            "revenue": null,
            "common_shares": null,
            "book_valuer_per_share": null,
            "book_valuer_per_share_4q_avg": 0,
            "equity": null,
            "current_ratio": null,
            "debt_ratio": null,
            "inventory_turnover_ratio": null,
            "account_receivable_turnover_ratio": null,
            "reinvestment_rate": null,
            "research_to_sale_ratio": null,
            "price_fair": 0,
            "eps_avg_yearly": 0,
            "eps_latest_yearly": 0,
            "eps_growth_yearly": 0
        },
        "20134": {
            "year_quarter": 20134,
            "year": 2013,
            "quarter": 4,
            "eps": null,
            "eps_growth_year": null,
            "eps_4q": null,
            "eps_4q_growth_year": null,
            "roe": null,
            "roe_4q": 0,
            "gross_profit": null,
            "gross_margin": null,
            "gross_margin_4q_avg": 0,
            "net_income": null,
            "revenue": null,
            "common_shares": null,
            "book_valuer_per_share": null,
            "book_valuer_per_share_4q_avg": 0,
            "equity": null,
            "current_ratio": null,
            "debt_ratio": null,
            "inventory_turnover_ratio": null,
            "account_receivable_turnover_ratio": null,
            "reinvestment_rate": null,
            "research_to_sale_ratio": null,
            "price_fair": 0,
            "eps_avg_yearly": 0,
            "eps_latest_yearly": 0,
            "eps_growth_yearly": 0
        },
        "20141": {
            "year_quarter": 20141,
            "year": 2014,
            "quarter": 1,
            "eps": null,
            "eps_growth_year": null,
            "eps_4q": null,
            "eps_4q_growth_year": null,
            "roe": null,
            "roe_4q": 0,
            "gross_profit": null,
            "gross_margin": null,
            "gross_margin_4q_avg": 0,
            "net_income": null,
            "revenue": null,
            "common_shares": null,
            "book_valuer_per_share": null,
            "book_valuer_per_share_4q_avg": 0,
            "equity": null,
            "current_ratio": null,
            "debt_ratio": null,
            "inventory_turnover_ratio": null,
            "account_receivable_turnover_ratio": null,
            "reinvestment_rate": null,
            "research_to_sale_ratio": null,
            "price_fair": 0,
            "eps_avg_yearly": 0,
            "eps_latest_yearly": 0,
            "eps_growth_yearly": 0
        },
        "20142": {
            "year_quarter": 20142,
            "year": 2014,
            "quarter": 2,
            "eps": null,
            "eps_growth_year": null,
            "eps_4q": null,
            "eps_4q_growth_year": null,
            "roe": null,
            "roe_4q": 0,
            "gross_profit": null,
            "gross_margin": null,
            "gross_margin_4q_avg": 0,
            "net_income": null,
            "revenue": null,
            "common_shares": null,
            "book_valuer_per_share": null,
            "book_valuer_per_share_4q_avg": 0,
            "equity": null,
            "current_ratio": null,
            "debt_ratio": null,
            "inventory_turnover_ratio": null,
            "account_receivable_turnover_ratio": null,
            "reinvestment_rate": null,
            "research_to_sale_ratio": null,
            "price_fair": 0,
            "eps_avg_yearly": 0,
            "eps_latest_yearly": 0,
            "eps_growth_yearly": 0
        },
        "20143": {
            "year_quarter": 20143,
            "year": 2014,
            "quarter": 3,
            "eps": null,
            "eps_growth_year": null,
            "eps_4q": null,
            "eps_4q_growth_year": null,
            "roe": null,
            "roe_4q": 0,
            "gross_profit": null,
            "gross_margin": null,
            "gross_margin_4q_avg": 0,
            "net_income": null,
            "revenue": null,
            "common_shares": null,
            "book_valuer_per_share": null,
            "book_valuer_per_share_4q_avg": 0,
            "equity": null,
            "current_ratio": null,
            "debt_ratio": null,
            "inventory_turnover_ratio": null,
            "account_receivable_turnover_ratio": null,
            "reinvestment_rate": null,
            "research_to_sale_ratio": null,
            "price_fair": 0,
            "eps_avg_yearly": 0,
            "eps_latest_yearly": 0,
            "eps_growth_yearly": 0
        },
        "20144": {
            "year_quarter": 20144,
            "year": 2014,
            "quarter": 4,
            "eps": null,
            "eps_growth_year": null,
            "eps_4q": null,
            "eps_4q_growth_year": null,
            "roe": null,
            "roe_4q": 0,
            "gross_profit": null,
            "gross_margin": null,
            "gross_margin_4q_avg": 0,
            "net_income": null,
            "revenue": null,
            "common_shares": null,
            "book_valuer_per_share": null,
            "book_valuer_per_share_4q_avg": 0,
            "equity": null,
            "current_ratio": null,
            "debt_ratio": null,
            "inventory_turnover_ratio": null,
            "account_receivable_turnover_ratio": null,
            "reinvestment_rate": null,
            "research_to_sale_ratio": null,
            "price_fair": 0,
            "eps_avg_yearly": 0,
            "eps_latest_yearly": 0,
            "eps_growth_yearly": 0
        },
        "20151": {
            "year_quarter": 20151,
            "year": 2015,
            "quarter": 1,
            "eps": null,
            "eps_growth_year": null,
            "eps_4q": null,
            "eps_4q_growth_year": null,
            "roe": null,
            "roe_4q": 0,
            "gross_profit": 859767,
            "gross_margin": null,
            "gross_margin_4q_avg": 0,
            "net_income": 63290,
            "revenue": 3040934,
            "common_shares": 605292,
            "book_valuer_per_share": 39.93,
            "book_valuer_per_share_4q_avg": 9.98,
            "equity": 2417126,
            "current_ratio": 203.75,
            "debt_ratio": 45.1,
            "inventory_turnover_ratio": null,
            "account_receivable_turnover_ratio": null,
            "reinvestment_rate": null,
            "research_to_sale_ratio": null,
            "price_fair": 0,
            "eps_avg_yearly": 0,
            "eps_latest_yearly": 0,
            "eps_growth_yearly": 0
        },
        "20152": {
            "year_quarter": 20152,
            "year": 2015,
            "quarter": 2,
            "eps": null,
            "eps_growth_year": null,
            "eps_4q": null,
            "eps_4q_growth_year": null,
            "roe": null,
            "roe_4q": 0,
            "gross_profit": 792534,
            "gross_margin": null,
            "gross_margin_4q_avg": 0,
            "net_income": 18443,
            "revenue": 2709243,
            "common_shares": 674496,
            "book_valuer_per_share": 35.7,
            "book_valuer_per_share_4q_avg": 18.91,
            "equity": 2408072,
            "current_ratio": 210.81,
            "debt_ratio": 43.53,
            "inventory_turnover_ratio": null,
            "account_receivable_turnover_ratio": null,
            "reinvestment_rate": null,
            "research_to_sale_ratio": null,
            "price_fair": 0,
            "eps_avg_yearly": 0,
            "eps_latest_yearly": 0,
            "eps_growth_yearly": 0
        },
        "20153": {
            "year_quarter": 20153,
            "year": 2015,
            "quarter": 3,
            "eps": null,
            "eps_growth_year": null,
            "eps_4q": null,
            "eps_4q_growth_year": null,
            "roe": null,
            "roe_4q": 0,
            "gross_profit": 825174,
            "gross_margin": null,
            "gross_margin_4q_avg": 0,
            "net_income": 29091,
            "revenue": 2797286,
            "common_shares": 665557,
            "book_valuer_per_share": 39.05,
            "book_valuer_per_share_4q_avg": 28.67,
            "equity": 2598943,
            "current_ratio": 188.76,
            "debt_ratio": 48.85,
            "inventory_turnover_ratio": null,
            "account_receivable_turnover_ratio": null,
            "reinvestment_rate": null,
            "research_to_sale_ratio": null,
            "price_fair": 0,
            "eps_avg_yearly": 0,
            "eps_latest_yearly": 0,
            "eps_growth_yearly": 0
        },
        "20154": {
            "year_quarter": 20154,
            "year": 2015,
            "quarter": 4,
            "eps": null,
            "eps_growth_year": null,
            "eps_4q": null,
            "eps_4q_growth_year": null,
            "roe": null,
            "roe_4q": 0,
            "gross_profit": 927804,
            "gross_margin": null,
            "gross_margin_4q_avg": 0,
            "net_income": 66760,
            "revenue": 3107636,
            "common_shares": 665557,
            "book_valuer_per_share": 39.82,
            "book_valuer_per_share_4q_avg": 38.63,
            "equity": 2649929,
            "current_ratio": 185.7,
            "debt_ratio": 50,
            "inventory_turnover_ratio": null,
            "account_receivable_turnover_ratio": null,
            "reinvestment_rate": null,
            "research_to_sale_ratio": null,
            "price_fair": 0,
            "eps_avg_yearly": 0,
            "eps_latest_yearly": 0,
            "eps_growth_yearly": 0
        },
        "20161": {
            "year_quarter": 20161,
            "year": 2016,
            "quarter": 1,
            "eps": null,
            "eps_growth_year": null,
            "eps_4q": null,
            "eps_4q_growth_year": null,
            "roe": null,
            "roe_4q": 0,
            "gross_profit": 1007391,
            "gross_margin": null,
            "gross_margin_4q_avg": 0,
            "net_income": 103562,
            "revenue": 3332260,
            "common_shares": 665557,
            "book_valuer_per_share": 40.65,
            "book_valuer_per_share_4q_avg": 38.81,
            "equity": 2705429,
            "current_ratio": 206.26,
            "debt_ratio": 45.17,
            "inventory_turnover_ratio": null,
            "account_receivable_turnover_ratio": null,
            "reinvestment_rate": null,
            "research_to_sale_ratio": null,
            "price_fair": 0,
            "eps_avg_yearly": 0,
            "eps_latest_yearly": 0,
            "eps_growth_yearly": 0
        },
        "20162": {
            "year_quarter": 20162,
            "year": 2016,
            "quarter": 2,
            "eps": null,
            "eps_growth_year": null,
            "eps_4q": null,
            "eps_4q_growth_year": null,
            "roe": null,
            "roe_4q": 0,
            "gross_profit": 897926,
            "gross_margin": null,
            "gross_margin_4q_avg": 0,
            "net_income": 67349,
            "revenue": 2977194,
            "common_shares": 665557,
            "book_valuer_per_share": 41.02,
            "book_valuer_per_share_4q_avg": 40.14,
            "equity": 2730308,
            "current_ratio": 245.04,
            "debt_ratio": 38.22,
            "inventory_turnover_ratio": null,
            "account_receivable_turnover_ratio": null,
            "reinvestment_rate": null,
            "research_to_sale_ratio": null,
            "price_fair": 0,
            "eps_avg_yearly": 0,
            "eps_latest_yearly": 0,
            "eps_growth_yearly": 0
        },
        "20163": {
            "year_quarter": 20163,
            "year": 2016,
            "quarter": 3,
            "eps": 1.32,
            "eps_growth_year": null,
            "eps_4q": 1.16,
            "eps_4q_growth_year": null,
            "roe": 3.06,
            "roe_4q": 3.06,
            "gross_profit": 907925,
            "gross_margin": 31.64,
            "gross_margin_4q_avg": 7.91,
            "net_income": 88840,
            "revenue": 2869795,
            "common_shares": 765557,
            "book_valuer_per_share": 40.15,
            "book_valuer_per_share_4q_avg": 40.41,
            "equity": 3073431,
            "current_ratio": 277.09,
            "debt_ratio": 34.21,
            "inventory_turnover_ratio": 0.79,
            "account_receivable_turnover_ratio": 11.17,
            "reinvestment_rate": null,
            "research_to_sale_ratio": null,
            "price_fair": 0,
            "eps_avg_yearly": 0,
            "eps_latest_yearly": 0,
            "eps_growth_yearly": 0
        },
        "20164": {
            "year_quarter": 20164,
            "year": 2016,
            "quarter": 4,
            "eps": 1.16,
            "eps_growth_year": null,
            "eps_4q": 2.32,
            "eps_4q_growth_year": null,
            "roe": 2.81,
            "roe_4q": 5.87,
            "gross_profit": 958683,
            "gross_margin": 31.73,
            "gross_margin_4q_avg": 15.84,
            "net_income": 89064,
            "revenue": 3021598,
            "common_shares": 765557,
            "book_valuer_per_share": 42.78,
            "book_valuer_per_share_4q_avg": 41.15,
            "equity": 3274885,
            "current_ratio": 280.89,
            "debt_ratio": 33.79,
            "inventory_turnover_ratio": 0.79,
            "account_receivable_turnover_ratio": 5.9,
            "reinvestment_rate": null,
            "research_to_sale_ratio": null,
            "price_fair": 13.92,
            "eps_avg_yearly": 4.64,
            "eps_latest_yearly": 4.64,
            "eps_growth_yearly": -48.48
        },
        "20171": {
            "year_quarter": 20171,
            "year": 2017,
            "quarter": 1,
            "eps": 1.08,
            "eps_growth_year": null,
            "eps_4q": 3.4,
            "eps_4q_growth_year": null,
            "roe": 2.57,
            "roe_4q": 8.44,
            "gross_profit": 949956,
            "gross_margin": 31.12,
            "gross_margin_4q_avg": 23.62,
            "net_income": 82736,
            "revenue": 3052780,
            "common_shares": 765557,
            "book_valuer_per_share": 41.22,
            "book_valuer_per_share_4q_avg": 41.29,
            "equity": 3155716,
            "current_ratio": 289.55,
            "debt_ratio": 32.9,
            "inventory_turnover_ratio": 0.77,
            "account_receivable_turnover_ratio": 5.93,
            "reinvestment_rate": null,
            "research_to_sale_ratio": null,
            "price_fair": 13.44,
            "eps_avg_yearly": 4.48,
            "eps_latest_yearly": 4.32,
            "eps_growth_yearly": -38.04
        },
        "20172": {
            "year_quarter": 20172,
            "year": 2017,
            "quarter": 2,
            "eps": 0.67,
            "eps_growth_year": null,
            "eps_4q": 4.07,
            "eps_4q_growth_year": null,
            "roe": 1.69,
            "roe_4q": 10.13,
            "gross_profit": 870108,
            "gross_margin": 30.42,
            "gross_margin_4q_avg": 31.23,
            "net_income": 51228,
            "revenue": 2860689,
            "common_shares": 765557,
            "book_valuer_per_share": 37.93,
            "book_valuer_per_share_4q_avg": 40.52,
            "equity": 2903657,
            "current_ratio": 211.48,
            "debt_ratio": 44.19,
            "inventory_turnover_ratio": 0.68,
            "account_receivable_turnover_ratio": 6.04,
            "reinvestment_rate": null,
            "research_to_sale_ratio": null,
            "price_fair": 11.64,
            "eps_avg_yearly": 3.88,
            "eps_latest_yearly": 2.68,
            "eps_growth_yearly": -75.97
        },
        "20173": {
            "year_quarter": 20173,
            "year": 2017,
            "quarter": 3,
            "eps": 0.2,
            "eps_growth_year": -84.85,
            "eps_4q": 3.11,
            "eps_4q_growth_year": 168.35,
            "roe": 0.53,
            "roe_4q": 7.6,
            "gross_profit": 842307,
            "gross_margin": 29.66,
            "gross_margin_4q_avg": 30.73,
            "net_income": 15373,
            "revenue": 2840016,
            "common_shares": 765557,
            "book_valuer_per_share": 38.09,
            "book_valuer_per_share_4q_avg": 40.01,
            "equity": 2916321,
            "current_ratio": 192.44,
            "debt_ratio": 48.24,
            "inventory_turnover_ratio": 0.58,
            "account_receivable_turnover_ratio": 6.26,
            "reinvestment_rate": null,
            "research_to_sale_ratio": null,
            "price_fair": 9.33,
            "eps_avg_yearly": 3.11,
            "eps_latest_yearly": 0.8,
            "eps_growth_yearly": -127.13
        },
        "20174": {
            "year_quarter": 20174,
            "year": 2017,
            "quarter": 4,
            "eps": -1.58,
            "eps_growth_year": -235.64,
            "eps_4q": 0.37,
            "eps_4q_growth_year": -83.96,
            "roe": -4.27,
            "roe_4q": 0.5200000000000005,
            "gross_profit": 900104,
            "gross_margin": 28.49,
            "gross_margin_4q_avg": 29.92,
            "net_income": -120806,
            "revenue": 3159557,
            "common_shares": 765557,
            "book_valuer_per_share": 35.75,
            "book_valuer_per_share_4q_avg": 38.25,
            "equity": 2736722,
            "current_ratio": 194.43,
            "debt_ratio": 49.61,
            "inventory_turnover_ratio": 0.61,
            "account_receivable_turnover_ratio": 6.21,
            "reinvestment_rate": null,
            "research_to_sale_ratio": null,
            "price_fair": 9.33,
            "eps_avg_yearly": 3.11,
            "eps_latest_yearly": 0.8,
            "eps_growth_yearly": -127.13
        },
        "20181": {
            "year_quarter": 20181,
            "year": 2018,
            "quarter": 1,
            "eps": -1.33,
            "eps_growth_year": -223.15,
            "eps_4q": -2.04,
            "eps_4q_growth_year": -159.91,
            "roe": -3.83,
            "roe_4q": -5.879999999999999,
            "gross_profit": 653445,
            "gross_margin": 21.71,
            "gross_margin_4q_avg": 27.57,
            "net_income": -101851,
            "revenue": 3009557,
            "common_shares": 765557,
            "book_valuer_per_share": 33.82,
            "book_valuer_per_share_4q_avg": 36.4,
            "equity": 2587965,
            "current_ratio": 208.14,
            "debt_ratio": 45.88,
            "inventory_turnover_ratio": 0.7,
            "account_receivable_turnover_ratio": 5.57,
            "reinvestment_rate": null,
            "research_to_sale_ratio": null,
            "price_fair": 9.33,
            "eps_avg_yearly": 3.11,
            "eps_latest_yearly": 0.8,
            "eps_growth_yearly": -127.13
        },
        "20182": {
            "year_quarter": 20182,
            "year": 2018,
            "quarter": 2,
            "eps": 0.32,
            "eps_growth_year": -52.24,
            "eps_4q": -2.41,
            "eps_4q_growth_year": -159.08,
            "roe": 0.92,
            "roe_4q": -6.6499999999999995,
            "gross_profit": 865743,
            "gross_margin": 28.91,
            "gross_margin_4q_avg": 27.19,
            "net_income": 24231,
            "revenue": 2994340,
            "common_shares": 765557,
            "book_valuer_per_share": 35.42,
            "book_valuer_per_share_4q_avg": 35.77,
            "equity": 2693795,
            "current_ratio": 229.83,
            "debt_ratio": 41.36,
            "inventory_turnover_ratio": 0.75,
            "account_receivable_turnover_ratio": 5.52,
            "reinvestment_rate": null,
            "research_to_sale_ratio": null,
            "price_fair": 9.33,
            "eps_avg_yearly": 3.11,
            "eps_latest_yearly": 0.8,
            "eps_growth_yearly": -127.13
        },
        "20183": {
            "year_quarter": 20183,
            "year": 2018,
            "quarter": 3,
            "eps": 0.2,
            "eps_growth_year": 0,
            "eps_4q": -2.41,
            "eps_4q_growth_year": -177.31,
            "roe": 0.57,
            "roe_4q": -6.609999999999999,
            "gross_profit": 879620,
            "gross_margin": 29.8,
            "gross_margin_4q_avg": 27.23,
            "net_income": 15320,
            "revenue": 2951631,
            "common_shares": 765557,
            "book_valuer_per_share": 35.67,
            "book_valuer_per_share_4q_avg": 35.17,
            "equity": 2712698,
            "current_ratio": 241.87,
            "debt_ratio": 39.59,
            "inventory_turnover_ratio": 0.78,
            "account_receivable_turnover_ratio": 5.52,
            "reinvestment_rate": null,
            "research_to_sale_ratio": null,
            "price_fair": 7.94,
            "eps_avg_yearly": 2.65,
            "eps_latest_yearly": 0.8,
            "eps_growth_yearly": -131.7
        },
        "20184": {
            "year_quarter": 20184,
            "year": 2018,
            "quarter": 4,
            "eps": 0.53,
            "eps_growth_year": null,
            "eps_4q": -0.29,
            "eps_4q_growth_year": -177.44,
            "roe": 1.47,
            "roe_4q": -0.8700000000000001,
            "gross_profit": 919727,
            "gross_margin": 30.08,
            "gross_margin_4q_avg": 27.63,
            "net_income": 40350,
            "revenue": 3057928,
            "common_shares": 765557,
            "book_valuer_per_share": 36.33,
            "book_valuer_per_share_4q_avg": 35.31,
            "equity": 2762724,
            "current_ratio": 218.83,
            "debt_ratio": 43.85,
            "inventory_turnover_ratio": 0.76,
            "account_receivable_turnover_ratio": 5.41,
            "reinvestment_rate": 18.44,
            "research_to_sale_ratio": null,
            "price_fair": 25.6,
            "eps_avg_yearly": 2.56,
            "eps_latest_yearly": 2.12,
            "eps_growth_yearly": 0.25
        },
        "20191": {
            "year_quarter": 20191,
            "year": 2019,
            "quarter": 1,
            "eps": 0.16,
            "eps_growth_year": null,
            "eps_4q": 1.21,
            "eps_4q_growth_year": null,
            "roe": 0.43,
            "roe_4q": 3.3899999999999997,
            "gross_profit": 860375,
            "gross_margin": 29.04,
            "gross_margin_4q_avg": 29.46,
            "net_income": 11824,
            "revenue": 2963145,
            "common_shares": 765557,
            "book_valuer_per_share": 35.82,
            "book_valuer_per_share_4q_avg": 35.81,
            "equity": 2724451,
            "current_ratio": 187.81,
            "debt_ratio": 60.38,
            "inventory_turnover_ratio": 0.71,
            "account_receivable_turnover_ratio": 4.8,
            "reinvestment_rate": -2.49,
            "research_to_sale_ratio": null,
            "price_fair": 6.86,
            "eps_avg_yearly": 2.29,
            "eps_latest_yearly": 0.64,
            "eps_growth_yearly": -39.68
        },
        "20192": {
            "year_quarter": 20192,
            "year": 2019,
            "quarter": 2,
            "eps": -0.54,
            "eps_growth_year": -268.75,
            "eps_4q": 0.35,
            "eps_4q_growth_year": null,
            "roe": -1.52,
            "roe_4q": 0.9499999999999998,
            "gross_profit": 841795,
            "gross_margin": 28.26,
            "gross_margin_4q_avg": 29.3,
            "net_income": -41185,
            "revenue": 2978396,
            "common_shares": 765557,
            "book_valuer_per_share": 35.44,
            "book_valuer_per_share_4q_avg": 35.82,
            "equity": 2695677,
            "current_ratio": 169.3,
            "debt_ratio": 60.97,
            "inventory_turnover_ratio": 0.73,
            "account_receivable_turnover_ratio": 4.81,
            "reinvestment_rate": -3.97,
            "research_to_sale_ratio": null,
            "price_fair": 6.86,
            "eps_avg_yearly": 2.29,
            "eps_latest_yearly": 0.64,
            "eps_growth_yearly": -39.68
        },
        "20193": {
            "year_quarter": 20193,
            "year": 2019,
            "quarter": 3,
            "eps": -0.13,
            "eps_growth_year": -165,
            "eps_4q": 0.01,
            "eps_4q_growth_year": null,
            "roe": -0.37,
            "roe_4q": 0.009999999999999787,
            "gross_profit": 890152,
            "gross_margin": 30.38,
            "gross_margin_4q_avg": 29.44,
            "net_income": -10051,
            "revenue": 2930504,
            "common_shares": 765557,
            "book_valuer_per_share": 35.35,
            "book_valuer_per_share_4q_avg": 35.74,
            "equity": 2688297,
            "current_ratio": 165.31,
            "debt_ratio": 61.66,
            "inventory_turnover_ratio": 0.67,
            "account_receivable_turnover_ratio": 4.56,
            "reinvestment_rate": -10.17,
            "research_to_sale_ratio": null,
            "price_fair": 6.86,
            "eps_avg_yearly": 2.29,
            "eps_latest_yearly": 0.64,
            "eps_growth_yearly": -39.68
        },
        "20194": {
            "year_quarter": 20194,
            "year": 2019,
            "quarter": 4,
            "eps": -0.43,
            "eps_growth_year": -181.32,
            "eps_4q": -0.95,
            "eps_4q_growth_year": null,
            "roe": -1.25,
            "roe_4q": -2.71,
            "gross_profit": 771014,
            "gross_margin": 26.91,
            "gross_margin_4q_avg": 28.65,
            "net_income": -32814,
            "revenue": 2865338,
            "common_shares": 765557,
            "book_valuer_per_share": 33.86,
            "book_valuer_per_share_4q_avg": 35.12,
            "equity": 2575588,
            "current_ratio": 177.47,
            "debt_ratio": 57.94,
            "inventory_turnover_ratio": 0.74,
            "account_receivable_turnover_ratio": 4.25,
            "reinvestment_rate": -15.6,
            "research_to_sale_ratio": null,
            "price_fair": 6.86,
            "eps_avg_yearly": 2.29,
            "eps_latest_yearly": 0.64,
            "eps_growth_yearly": -39.68
        },
        "20201": {
            "year_quarter": 20201,
            "year": 2020,
            "quarter": 1,
            "eps": -0.79,
            "eps_growth_year": -593.75,
            "eps_4q": -1.89,
            "eps_4q_growth_year": -257.09,
            "roe": -2.35,
            "roe_4q": -5.49,
            "gross_profit": 675700,
            "gross_margin": 28.48,
            "gross_margin_4q_avg": 28.51,
            "net_income": -60043,
            "revenue": 2372579,
            "common_shares": 765557,
            "book_valuer_per_share": 33.19,
            "book_valuer_per_share_4q_avg": 34.46,
            "equity": 2524178,
            "current_ratio": 178.49,
            "debt_ratio": 56.64,
            "inventory_turnover_ratio": 0.69,
            "account_receivable_turnover_ratio": 3.96,
            "reinvestment_rate": -37.45,
            "research_to_sale_ratio": null,
            "price_fair": 6.86,
            "eps_avg_yearly": 2.29,
            "eps_latest_yearly": 0.64,
            "eps_growth_yearly": -39.68
        },
        "20202": {
            "year_quarter": 20202,
            "year": 2020,
            "quarter": 2,
            "eps": 1.47,
            "eps_growth_year": null,
            "eps_4q": 0.12,
            "eps_4q_growth_year": -66.73,
            "roe": 4.38,
            "roe_4q": 0.4099999999999998,
            "gross_profit": 781569,
            "gross_margin": 32,
            "gross_margin_4q_avg": 29.44,
            "net_income": 111662,
            "revenue": 2442390,
            "common_shares": 765557,
            "book_valuer_per_share": 33.89,
            "book_valuer_per_share_4q_avg": 34.07,
            "equity": 2577236,
            "current_ratio": 193.22,
            "debt_ratio": 53.69,
            "inventory_turnover_ratio": 0.82,
            "account_receivable_turnover_ratio": 5.47,
            "reinvestment_rate": -29.77,
            "research_to_sale_ratio": null,
            "price_fair": 6.86,
            "eps_avg_yearly": 2.29,
            "eps_latest_yearly": 0.64,
            "eps_growth_yearly": -39.68
        },
        "20203": {
            "year_quarter": 20203,
            "year": 2020,
            "quarter": 3,
            "eps": 1.08,
            "eps_growth_year": null,
            "eps_4q": 1.33,
            "eps_4q_growth_year": 10669.14,
            "roe": 3.17,
            "roe_4q": 3.9499999999999993,
            "gross_profit": 916907,
            "gross_margin": 31.96,
            "gross_margin_4q_avg": 29.84,
            "net_income": 82209,
            "revenue": 2869133,
            "common_shares": 765557,
            "book_valuer_per_share": 34.34,
            "book_valuer_per_share_4q_avg": 33.82,
            "equity": 2611777,
            "current_ratio": 196.37,
            "debt_ratio": 52.72,
            "inventory_turnover_ratio": 1.21,
            "account_receivable_turnover_ratio": 8.01,
            "reinvestment_rate": -22.26,
            "research_to_sale_ratio": null,
            "price_fair": 7.62,
            "eps_avg_yearly": 2.54,
            "eps_latest_yearly": 4.32,
            "eps_growth_yearly": -47.99
        },
        "20204": {
            "year_quarter": 20204,
            "year": 2020,
            "quarter": 4,
            "eps": 1.48,
            "eps_growth_year": null,
            "eps_4q": 3.24,
            "eps_4q_growth_year": null,
            "roe": 4.28,
            "roe_4q": 9.48,
            "gross_profit": 799231,
            "gross_margin": 30.38,
            "gross_margin_4q_avg": 30.71,
            "net_income": 112504,
            "revenue": 2630495,
            "common_shares": 765557,
            "book_valuer_per_share": 34.77,
            "book_valuer_per_share_4q_avg": 34.05,
            "equity": 2644393,
            "current_ratio": 217.36,
            "debt_ratio": 50.96,
            "inventory_turnover_ratio": 1.16,
            "account_receivable_turnover_ratio": 7.65,
            "reinvestment_rate": -13.28,
            "research_to_sale_ratio": null,
            "price_fair": 8.1,
            "eps_avg_yearly": 2.7,
            "eps_latest_yearly": 5.92,
            "eps_growth_yearly": -23.41
        },
        "20211": {
            "year_quarter": 20211,
            "year": 2021,
            "quarter": 1,
            "eps": 0.32,
            "eps_growth_year": null,
            "eps_4q": 4.35,
            "eps_4q_growth_year": null,
            "roe": 0.92,
            "roe_4q": 12.75,
            "gross_profit": 710186,
            "gross_margin": 30.18,
            "gross_margin_4q_avg": 31.13,
            "net_income": 24649,
            "revenue": 2353473,
            "common_shares": 765557,
            "book_valuer_per_share": 35.57,
            "book_valuer_per_share_4q_avg": 34.64,
            "equity": 2705260,
            "current_ratio": 213.25,
            "debt_ratio": 50.52,
            "inventory_turnover_ratio": 0.96,
            "account_receivable_turnover_ratio": 7.14,
            "reinvestment_rate": -10.58,
            "research_to_sale_ratio": null,
            "price_fair": 6.96,
            "eps_avg_yearly": 2.32,
            "eps_latest_yearly": 1.28,
            "eps_growth_yearly": -59.15
        },
        "20212": {
            "year_quarter": 20212,
            "year": 2021,
            "quarter": 2,
            "eps": 0.7,
            "eps_growth_year": -52.38,
            "eps_4q": 3.58,
            "eps_4q_growth_year": 3012.31,
            "roe": 1.96,
            "roe_4q": 10.33,
            "gross_profit": 763401,
            "gross_margin": 30.64,
            "gross_margin_4q_avg": 30.79,
            "net_income": 53090,
            "revenue": 2491299,
            "common_shares": 760557,
            "book_valuer_per_share": 35.58,
            "book_valuer_per_share_4q_avg": 35.07,
            "equity": 2706201,
            "current_ratio": 205.08,
            "debt_ratio": 50.64,
            "inventory_turnover_ratio": 0.81,
            "account_receivable_turnover_ratio": 7.32,
            "reinvestment_rate": 0.16,
            "research_to_sale_ratio": null,
            "price_fair": 68.2,
            "eps_avg_yearly": 2.34,
            "eps_latest_yearly": 2.8,
            "eps_growth_yearly": 19.21
        },
        "20213": {
            "year_quarter": 20213,
            "year": 2021,
            "quarter": 3,
            "eps": 0.93,
            "eps_growth_year": -13.89,
            "eps_4q": 3.43,
            "eps_4q_growth_year": 158.06,
            "roe": 2.57,
            "roe_4q": 9.73,
            "gross_profit": 748714,
            "gross_margin": 39.78,
            "gross_margin_4q_avg": 32.75,
            "net_income": 70436,
            "revenue": 1882219,
            "common_shares": 760557,
            "book_valuer_per_share": 36.42,
            "book_valuer_per_share_4q_avg": 35.59,
            "equity": 2769839,
            "current_ratio": 217.6,
            "debt_ratio": 47.8,
            "inventory_turnover_ratio": 0.45,
            "account_receivable_turnover_ratio": 6.21,
            "reinvestment_rate": -3.84,
            "research_to_sale_ratio": null,
            "price_fair": 94.5,
            "eps_avg_yearly": 2.7,
            "eps_latest_yearly": 3.72,
            "eps_growth_yearly": 70.71
        },
        "20214": {
            "year_quarter": 20214,
            "year": 2021,
            "quarter": 4,
            "eps": 2.08,
            "eps_growth_year": 40.33,
            "eps_4q": 4.02,
            "eps_4q_growth_year": 24.24,
            "roe": 5.55,
            "roe_4q": 10.999999999999998,
            "gross_profit": 841978,
            "gross_margin": 40.33,
            "gross_margin_4q_avg": 35.23,
            "net_income": 157880,
            "revenue": 2087630,
            "common_shares": 760557,
            "book_valuer_per_share": 38.39,
            "book_valuer_per_share_4q_avg": 36.49,
            "equity": 2919455,
            "current_ratio": 230.2,
            "debt_ratio": 45.67,
            "inventory_turnover_ratio": 0.53,
            "account_receivable_turnover_ratio": 7.64,
            "reinvestment_rate": 2.21,
            "research_to_sale_ratio": null,
            "price_fair": 116.36,
            "eps_avg_yearly": 3.32,
            "eps_latest_yearly": 8.32,
            "eps_growth_yearly": 117.81
        },
        "20221": {
            "year_quarter": 20221,
            "year": 2022,
            "quarter": 1,
            "eps": 0.97,
            "eps_growth_year": 203.12,
            "eps_4q": 4.67,
            "eps_4q_growth_year": 7.37,
            "roe": 2.46,
            "roe_4q": 12.54,
            "gross_profit": 698914,
            "gross_margin": 39.24,
            "gross_margin_4q_avg": 37.5,
            "net_income": 74005,
            "revenue": 1781152,
            "common_shares": 760557,
            "book_valuer_per_share": 40.56,
            "book_valuer_per_share_4q_avg": 37.74,
            "equity": 3085018,
            "current_ratio": 231.74,
            "debt_ratio": 45.48,
            "inventory_turnover_ratio": 0.51,
            "account_receivable_turnover_ratio": 6.38,
            "reinvestment_rate": 2.69,
            "research_to_sale_ratio": null,
            "price_fair": 118.3,
            "eps_avg_yearly": 3.38,
            "eps_latest_yearly": 3.88,
            "eps_growth_yearly": 84.69
        }
    },
    "months": {
        "2016-09": {
            "month": "2016-09",
            "price": "37.53",
            "revenue": 968028
        },
        "2016-10": {
            "month": "2016-10",
            "price": "36.40",
            "revenue": 916270
        },
        "2016-11": {
            "month": "2016-11",
            "price": "36.23",
            "revenue": 1073796
        },
        "2016-12": {
            "month": "2016-12",
            "price": "44.50",
            "revenue": 1024888
        },
        "2017-01": {
            "month": "2017-01",
            "price": "47.10",
            "revenue": 963879
        },
        "2017-02": {
            "month": "2017-02",
            "price": "45.62",
            "revenue": 901943
        },
        "2017-03": {
            "month": "2017-03",
            "price": "43.78",
            "revenue": 1187065
        },
        "2017-04": {
            "month": "2017-04",
            "price": "44.11",
            "revenue": 903763
        },
        "2017-05": {
            "month": "2017-05",
            "price": "44.02",
            "revenue": 986256
        },
        "2017-06": {
            "month": "2017-06",
            "price": "44.33",
            "revenue": 973913
        },
        "2017-07": {
            "month": "2017-07",
            "price": "42.80",
            "revenue": 897715
        },
        "2017-08": {
            "month": "2017-08",
            "price": "37.55",
            "revenue": 1033636
        },
        "2017-09": {
            "month": "2017-09",
            "price": "36.25",
            "revenue": 909712
        },
        "2017-10": {
            "month": "2017-10",
            "price": "34.44",
            "revenue": 996636
        },
        "2017-11": {
            "month": "2017-11",
            "price": "32.31",
            "revenue": 1155527
        },
        "2017-12": {
            "month": "2017-12",
            "price": "30.80",
            "revenue": 1044340
        },
        "2018-01": {
            "month": "2018-01",
            "price": "31.43",
            "revenue": 935674
        },
        "2018-02": {
            "month": "2018-02",
            "price": "29.35",
            "revenue": 944733
        },
        "2018-03": {
            "month": "2018-03",
            "price": "29.63",
            "revenue": 1128588
        },
        "2018-04": {
            "month": "2018-04",
            "price": "26.71",
            "revenue": 993815
        },
        "2018-05": {
            "month": "2018-05",
            "price": "25.20",
            "revenue": 1026357
        },
        "2018-06": {
            "month": "2018-06",
            "price": "26.35",
            "revenue": 971851
        },
        "2018-07": {
            "month": "2018-07",
            "price": "25.66",
            "revenue": 1005047
        },
        "2018-08": {
            "month": "2018-08",
            "price": "24.88",
            "revenue": 1043514
        },
        "2018-09": {
            "month": "2018-09",
            "price": "26.83",
            "revenue": 898796
        },
        "2018-10": {
            "month": "2018-10",
            "price": "29.47",
            "revenue": 1043797
        },
        "2018-11": {
            "month": "2018-11",
            "price": "28.28",
            "revenue": 1084225
        },
        "2018-12": {
            "month": "2018-12",
            "price": "26.84",
            "revenue": 927902
        },
        "2019-01": {
            "month": "2019-01",
            "price": "26.72",
            "revenue": 935191
        },
        "2019-02": {
            "month": "2019-02",
            "price": "26.55",
            "revenue": 903167
        },
        "2019-03": {
            "month": "2019-03",
            "price": "25.97",
            "revenue": 1124900
        },
        "2019-04": {
            "month": "2019-04",
            "price": "26.02",
            "revenue": 1032604
        },
        "2019-05": {
            "month": "2019-05",
            "price": "25.44",
            "revenue": 1024200
        },
        "2019-06": {
            "month": "2019-06",
            "price": "24.95",
            "revenue": 920387
        },
        "2019-07": {
            "month": "2019-07",
            "price": "24.68",
            "revenue": 985481
        },
        "2019-08": {
            "month": "2019-08",
            "price": "23.60",
            "revenue": 970952
        },
        "2019-09": {
            "month": "2019-09",
            "price": "22.38",
            "revenue": 972402
        },
        "2019-10": {
            "month": "2019-10",
            "price": "20.64",
            "revenue": 915055
        },
        "2019-11": {
            "month": "2019-11",
            "price": "20.23",
            "revenue": 938100
        },
        "2019-12": {
            "month": "2019-12",
            "price": "20.23",
            "revenue": 1009534
        },
        "2020-01": {
            "month": "2020-01",
            "price": "19.91",
            "revenue": 813347
        },
        "2020-02": {
            "month": "2020-02",
            "price": "19.16",
            "revenue": 811555
        },
        "2020-04": {
            "month": "2020-04",
            "price": "13.65",
            "revenue": 623428
        },
        "2020-05": {
            "month": "2020-05",
            "price": "14.74",
            "revenue": 791704
        },
        "2020-06": {
            "month": "2020-06",
            "price": "15.20",
            "revenue": 1016151
        },
        "2020-07": {
            "month": "2020-07",
            "price": "16.66",
            "revenue": 992356
        },
        "2020-08": {
            "month": "2020-08",
            "price": "19.05",
            "revenue": 944397
        },
        "2020-09": {
            "month": "2020-09",
            "price": "20.33",
            "revenue": 936471
        },
        "2020-10": {
            "month": "2020-10",
            "price": "20.06",
            "revenue": 957196
        },
        "2020-11": {
            "month": "2020-11",
            "price": "21.69",
            "revenue": 817674
        },
        "2020-12": {
            "month": "2020-12",
            "price": "22.18",
            "revenue": 841600
        },
        "2021-01": {
            "month": "2021-01",
            "price": "20.20",
            "revenue": 753828
        },
        "2021-02": {
            "month": "2021-02",
            "price": "19.73",
            "revenue": 670413
        },
        "2021-03": {
            "month": "2021-03",
            "price": "21.22",
            "revenue": 926532
        },
        "2021-04": {
            "month": "2021-04",
            "price": "26.27",
            "revenue": 835393
        },
        "2021-05": {
            "month": "2021-05",
            "price": "22.64",
            "revenue": 798351
        },
        "2021-06": {
            "month": "2021-06",
            "price": "23.17",
            "revenue": 860219
        },
        "2021-07": {
            "month": "2021-07",
            "price": "25.02",
            "revenue": 640900
        },
        "2021-08": {
            "month": "2021-08",
            "price": "24.35",
            "revenue": 594442
        },
        "2021-09": {
            "month": "2021-09",
            "price": "25.44",
            "revenue": 649557
        },
        "2021-10": {
            "month": "2021-10",
            "price": "25.93",
            "revenue": 631273
        },
        "2021-11": {
            "month": "2021-11",
            "price": "26.38",
            "revenue": 760237
        },
        "2021-12": {
            "month": "2021-12",
            "price": "26.72",
            "revenue": 695986
        },
        "2022-01": {
            "month": "2022-01",
            "price": "27.28",
            "revenue": 568785
        },
        "2022-02": {
            "month": "2022-02",
            "price": "27.19",
            "revenue": 550801
        },
        "2022-03": {
            "month": "2022-03",
            "price": "38.07",
            "revenue": 654816
        },
        "2022-04": {
            "month": "2022-04",
            "price": "39.05",
            "revenue": 549764
        },
        "2022-05": {
            "month": "2022-05",
            "price": "39.74",
            "revenue": 536173
        }
    }
}
