{
    "summary": {
        "stock_name": "集雅社",
        "stock_id": "2937",
        "category": "居家生活",
        "main_business": "各種電器製品、視聽音響組合、保養維修與其器材買賣業務<br>進出口貿易業務、代理國內外廠商之報價投標及經銷業務<br>醫療器材批發、文教育樂用品、電器、攝影器材零售業",
        "website_url": "http://www.gseven.com.tw",
        "ceo": "謝舒閔",
        "pe_ratio": 11,
        "report_year_from": 2013,
        "report_year_to": 2023,
        "age": 11,
        "eps_negative_percentage": 0,
        "eps_growth_avg": {
            "last_all": 11.32,
            "last_2y": -14.09,
            "last_4y": 12.82,
            "last_8y": null,
            "last_12y": null,
            "last_16y": null,
            "last_20y": null,
            "at_2006_last_3y": null,
            "at_2007_last_3y": null,
            "at_2008_last_3y": null,
            "at_2009_last_3y": null,
            "at_2010_last_3y": null,
            "at_2011_last_3y": null,
            "at_2012_last_3y": null,
            "at_2013_last_3y": null,
            "at_2014_last_3y": null,
            "at_2015_last_3y": null,
            "at_2016_last_3y": null,
            "at_2017_last_3y": null,
            "at_2018_last_3y": null,
            "at_2019_last_3y": null,
            "at_2020_last_3y": null,
            "at_2021_last_3y": 29.13,
            "at_2022_last_3y": 31.45,
            "at_2023_last_3y": -0.09,
            "at_2024_last_3y": -0.09,
            "at_2006_last_all": null,
            "at_2007_last_all": null,
            "at_2008_last_all": null,
            "at_2009_last_all": null,
            "at_2010_last_all": null,
            "at_2011_last_all": null,
            "at_2012_last_all": null,
            "at_2013_last_all": null,
            "at_2014_last_all": null,
            "at_2015_last_all": null,
            "at_2016_last_all": null,
            "at_2017_last_all": null,
            "at_2018_last_all": null,
            "at_2019_last_all": 34.15,
            "at_2020_last_all": 36.73,
            "at_2021_last_all": 29.13,
            "at_2022_last_all": 25.93,
            "at_2023_last_all": 11.32,
            "at_2024_last_all": 11.32
        },
        "latest_eps": 2.91,
        "latest_price": 32.95,
        "latest_roe": 13.92,
        "latest_gross_margin": 23.31,
        "latest_equity": 896511,
        "latest_revenue": 834712,
        "latest_gross_profit": 194554,
        "latest_net_income": 10376,
        "latest_debt_ratio": 64.69,
        "latest_current_ratio": 122.55,
        "latest_account_receivable_turnover_ratio": 2.34,
        "latest_inventory_turnover_ratio": 0.72,
        "latest_reinvestment_rate": 69.95,
        "latest_research_to_sale_ratio": null
    },
    "eps_dividends": {
        "2001": {
            "cash": 0,
            "stock": 0,
            "eps": 0
        },
        "2002": {
            "cash": 0,
            "stock": 0,
            "eps": 0
        },
        "2003": {
            "cash": 0,
            "stock": 0,
            "eps": 0
        },
        "2004": {
            "cash": 0,
            "stock": 0,
            "eps": 0
        },
        "2005": {
            "cash": 0,
            "stock": 0,
            "eps": 0
        },
        "2006": {
            "cash": 0,
            "stock": 0,
            "eps": 0
        },
        "2007": {
            "cash": 0,
            "stock": 0,
            "eps": 0
        },
        "2008": {
            "cash": 0,
            "stock": 0,
            "eps": 0
        },
        "2009": {
            "cash": 0,
            "stock": 0,
            "eps": 0
        },
        "2010": {
            "cash": 0,
            "stock": 0,
            "eps": 0
        },
        "2011": {
            "cash": 0,
            "stock": 0,
            "eps": 0
        },
        "2012": {
            "cash": 0,
            "stock": 0,
            "eps": 0
        },
        "2013": {
            "cash": 0,
            "stock": 0,
            "eps": 0
        },
        "2014": {
            "cash": 0,
            "stock": 0,
            "eps": 0
        },
        "2015": {
            "cash": 0,
            "stock": 0,
            "eps": 0
        },
        "2016": {
            "cash": 0.5,
            "stock": 0,
            "eps": 0
        },
        "2017": {
            "cash": 0.46,
            "stock": 0,
            "eps": 1.3
        },
        "2018": {
            "cash": 0.6,
            "stock": 0,
            "eps": 1.35
        },
        "2019": {
            "cash": 0.7,
            "stock": 0,
            "eps": 2.22
        },
        "2020": {
            "cash": 1.55,
            "stock": 0,
            "eps": 3.15
        },
        "2021": {
            "cash": 1.2,
            "stock": 1.15,
            "eps": 3.35
        },
        "2022": {
            "cash": 2.25,
            "stock": 0,
            "eps": 3.79
        },
        "2023": {
            "cash": 1.3,
            "stock": 0,
            "eps": 1.45
        }
    },
    "dividends": {
        "2016-08-05": {
            "cash": 0.5,
            "stock": 0
        },
        "2017-08-07": {
            "cash": 0.46,
            "stock": 0
        },
        "2018-08-20": {
            "cash": 0.6,
            "stock": 0
        },
        "2019-08-15": {
            "cash": 0.7,
            "stock": 0
        },
        "2020-08-11": {
            "cash": 1.55,
            "stock": 0
        },
        "2021-11-04": {
            "cash": 1.2,
            "stock": 1.15
        },
        "2022-08-18": {
            "cash": 2.25,
            "stock": 0
        },
        "2023-08-18": {
            "cash": 1.3,
            "stock": 0
        }
    },
    "prices": {
        "200101": "無",
        "200102": "無",
        "200103": "無",
        "200104": "無",
        "200105": "無",
        "200106": "無",
        "200107": "無",
        "200108": "無",
        "200109": "無",
        "200110": "無",
        "200111": "無",
        "200112": "無",
        "200201": "無",
        "200202": "無",
        "200203": "無",
        "200204": "無",
        "200205": "無",
        "200206": "無",
        "200207": "無",
        "200208": "無",
        "200209": "無",
        "200210": "無",
        "200211": "無",
        "200212": "無",
        "200301": "無",
        "200302": "無",
        "200303": "無",
        "200304": "無",
        "200305": "無",
        "200306": "無",
        "200307": "無",
        "200308": "無",
        "200309": "無",
        "200310": "無",
        "200311": "無",
        "200312": "無",
        "200401": "無",
        "200402": "無",
        "200403": "無",
        "200404": "無",
        "200405": "無",
        "200406": "無",
        "200407": "無",
        "200408": "無",
        "200409": "無",
        "200410": "無",
        "200411": "無",
        "200412": "無",
        "200501": "無",
        "200502": "無",
        "200503": "無",
        "200504": "無",
        "200505": "無",
        "200506": "無",
        "200507": "無",
        "200508": "無",
        "200509": "無",
        "200510": "無",
        "200511": "無",
        "200512": "無",
        "200601": "無",
        "200602": "無",
        "200603": "無",
        "200604": "無",
        "200605": "無",
        "200606": "無",
        "200607": "無",
        "200608": "無",
        "200609": "無",
        "200610": "無",
        "200611": "無",
        "200612": "無",
        "200701": "無",
        "200702": "無",
        "200703": "無",
        "200704": "無",
        "200705": "無",
        "200706": "無",
        "200707": "無",
        "200708": "無",
        "200709": "無",
        "200710": "無",
        "200711": "無",
        "200712": "無",
        "200801": "無",
        "200802": "無",
        "200803": "無",
        "200804": "無",
        "200805": "無",
        "200806": "無",
        "200807": "無",
        "200808": "無",
        "200809": "無",
        "200810": "無",
        "200811": "無",
        "200812": "無",
        "200901": "無",
        "200902": "無",
        "200903": "無",
        "200904": "無",
        "200905": "無",
        "200906": "無",
        "200907": "無",
        "200908": "無",
        "200909": "無",
        "200910": "無",
        "200911": "無",
        "200912": "無",
        "201001": "無",
        "201002": "無",
        "201003": "無",
        "201004": "無",
        "201005": "無",
        "201006": "無",
        "201007": "無",
        "201008": "無",
        "201009": "無",
        "201010": "無",
        "201011": "無",
        "201012": "無",
        "201101": "無",
        "201102": "無",
        "201103": "無",
        "201104": "無",
        "201105": "無",
        "201106": "無",
        "201107": "無",
        "201108": "無",
        "201109": "無",
        "201110": "無",
        "201111": "無",
        "201112": "無",
        "201201": "無",
        "201202": "無",
        "201203": "無",
        "201204": "無",
        "201205": "無",
        "201206": "無",
        "201207": "無",
        "201208": "無",
        "201209": "無",
        "201210": "無",
        "201211": "無",
        "201212": "無",
        "201301": "無",
        "201302": "無",
        "201303": "無",
        "201304": "無",
        "201305": "無",
        "201306": "無",
        "201307": "無",
        "201308": "無",
        "201309": "無",
        "201310": "無",
        "201311": "無",
        "201312": "無",
        "201401": "無",
        "201402": "無",
        "201403": "無",
        "201404": "無",
        "201405": "無",
        "201406": "無",
        "201407": "無",
        "201408": "無",
        "201409": "無",
        "201410": "無",
        "201411": "無",
        "201412": "無",
        "201501": "無",
        "201502": "無",
        "201503": "無",
        "201504": "無",
        "201505": "無",
        "201506": "無",
        "201507": "無",
        "201508": "無",
        "201509": "無",
        "201510": "無",
        "201511": "無",
        "201512": "無",
        "201601": "無",
        "201602": "無",
        "201603": "22.90",
        "201604": "18.30",
        "201605": "19.94",
        "201606": "22.23",
        "201607": "22.94",
        "201608": "23.30",
        "201609": "22.46",
        "201610": "25.34",
        "201611": "27.69",
        "201612": "29.19",
        "201701": "29.09",
        "201702": "29.64",
        "201703": "32.04",
        "201704": "33.42",
        "201705": "33.45",
        "201706": "27.48",
        "201707": "22.53",
        "201708": "21.35",
        "201709": "20.97",
        "201710": "21.11",
        "201711": "20.86",
        "201712": "20.65",
        "201801": "20.83",
        "201802": "20.47",
        "201803": "20.72",
        "201804": "20.30",
        "201805": "20.07",
        "201806": "20.05",
        "201807": "19.59",
        "201808": "18.67",
        "201809": "17.31",
        "201810": "16.96",
        "201811": "15.65",
        "201812": "16.84",
        "201901": "17.43",
        "201902": "17.88",
        "201903": "17.51",
        "201904": "17.79",
        "201905": "19.47",
        "201906": "21.66",
        "201907": "22.05",
        "201908": "21.60",
        "201909": "21.72",
        "201910": "21.48",
        "201911": "21.76",
        "201912": "22.79",
        "202001": "23.42",
        "202002": "23.36",
        "202003": "22.62",
        "202004": "23.62",
        "202005": "26.40",
        "202006": "32.44",
        "202007": "31.77",
        "202008": "33.50",
        "202009": "32.28",
        "202010": "31.85",
        "202011": "32.35",
        "202012": "32.59",
        "202101": "32.53",
        "202102": "33.03",
        "202103": "37.82",
        "202104": "39.86",
        "202105": "37.16",
        "202106": "36.45",
        "202107": "36.38",
        "202108": "36.65",
        "202109": "39.50",
        "202110": "38.06",
        "202111": "37.90",
        "202112": "36.37",
        "202201": "36.45",
        "202202": "36.50",
        "202203": "37.56",
        "202204": "37.03",
        "202205": "37.58",
        "202206": "38.67",
        "202207": "38.22",
        "202208": "37.46",
        "202209": "37.74",
        "202210": "36.88",
        "202211": "36.30",
        "202212": "36.84",
        "202301": "36.18",
        "202302": "36.84",
        "202303": "35.57",
        "202304": "34.43",
        "202305": "33.78",
        "202306": "33.81",
        "202307": "32.78",
        "202308": "30.20",
        "202309": "30.72",
        "202310": "30.50",
        "202311": "30.36",
        "202312": "31.97"
    },
    "quarters": {
        "20011": {
            "year_quarter": 20011,
            "year": 2001,
            "quarter": 1,
            "eps": null,
            "eps_growth_year": null,
            "eps_4q": null,
            "eps_4q_growth_year": null,
            "roe": null,
            "roe_4q": 0,
            "gross_profit": null,
            "gross_margin": null,
            "gross_margin_4q_avg": 0,
            "net_income": null,
            "net_income_4q": null,
            "revenue": null,
            "revenue_4q": null,
            "common_shares": null,
            "book_valuer_per_share": null,
            "book_valuer_per_share_4q_avg": 0,
            "equity": null,
            "current_ratio": null,
            "debt_ratio": null,
            "inventory_turnover_ratio": null,
            "account_receivable_turnover_ratio": null,
            "reinvestment_rate": null,
            "research_to_sale_ratio": null,
            "price_fair": 0,
            "eps_avg_yearly": 0,
            "eps_latest_yearly": 0,
            "eps_growth_yearly": 0
        },
        "20012": {
            "year_quarter": 20012,
            "year": 2001,
            "quarter": 2,
            "eps": null,
            "eps_growth_year": null,
            "eps_4q": null,
            "eps_4q_growth_year": null,
            "roe": null,
            "roe_4q": 0,
            "gross_profit": null,
            "gross_margin": null,
            "gross_margin_4q_avg": 0,
            "net_income": null,
            "net_income_4q": null,
            "revenue": null,
            "revenue_4q": null,
            "common_shares": null,
            "book_valuer_per_share": null,
            "book_valuer_per_share_4q_avg": 0,
            "equity": null,
            "current_ratio": null,
            "debt_ratio": null,
            "inventory_turnover_ratio": null,
            "account_receivable_turnover_ratio": null,
            "reinvestment_rate": null,
            "research_to_sale_ratio": null,
            "price_fair": 0,
            "eps_avg_yearly": 0,
            "eps_latest_yearly": 0,
            "eps_growth_yearly": 0
        },
        "20013": {
            "year_quarter": 20013,
            "year": 2001,
            "quarter": 3,
            "eps": null,
            "eps_growth_year": null,
            "eps_4q": null,
            "eps_4q_growth_year": null,
            "roe": null,
            "roe_4q": 0,
            "gross_profit": null,
            "gross_margin": null,
            "gross_margin_4q_avg": 0,
            "net_income": null,
            "net_income_4q": null,
            "revenue": null,
            "revenue_4q": null,
            "common_shares": null,
            "book_valuer_per_share": null,
            "book_valuer_per_share_4q_avg": 0,
            "equity": null,
            "current_ratio": null,
            "debt_ratio": null,
            "inventory_turnover_ratio": null,
            "account_receivable_turnover_ratio": null,
            "reinvestment_rate": null,
            "research_to_sale_ratio": null,
            "price_fair": 0,
            "eps_avg_yearly": 0,
            "eps_latest_yearly": 0,
            "eps_growth_yearly": 0
        },
        "20014": {
            "year_quarter": 20014,
            "year": 2001,
            "quarter": 4,
            "eps": null,
            "eps_growth_year": null,
            "eps_4q": null,
            "eps_4q_growth_year": null,
            "roe": null,
            "roe_4q": 0,
            "gross_profit": null,
            "gross_margin": null,
            "gross_margin_4q_avg": 0,
            "net_income": null,
            "net_income_4q": null,
            "revenue": null,
            "revenue_4q": null,
            "common_shares": null,
            "book_valuer_per_share": null,
            "book_valuer_per_share_4q_avg": 0,
            "equity": null,
            "current_ratio": null,
            "debt_ratio": null,
            "inventory_turnover_ratio": null,
            "account_receivable_turnover_ratio": null,
            "reinvestment_rate": null,
            "research_to_sale_ratio": null,
            "price_fair": 0,
            "eps_avg_yearly": 0,
            "eps_latest_yearly": 0,
            "eps_growth_yearly": 0
        },
        "20021": {
            "year_quarter": 20021,
            "year": 2002,
            "quarter": 1,
            "eps": null,
            "eps_growth_year": null,
            "eps_4q": null,
            "eps_4q_growth_year": null,
            "roe": null,
            "roe_4q": 0,
            "gross_profit": null,
            "gross_margin": null,
            "gross_margin_4q_avg": 0,
            "net_income": null,
            "net_income_4q": null,
            "revenue": null,
            "revenue_4q": null,
            "common_shares": null,
            "book_valuer_per_share": null,
            "book_valuer_per_share_4q_avg": 0,
            "equity": null,
            "current_ratio": null,
            "debt_ratio": null,
            "inventory_turnover_ratio": null,
            "account_receivable_turnover_ratio": null,
            "reinvestment_rate": null,
            "research_to_sale_ratio": null,
            "price_fair": 0,
            "eps_avg_yearly": 0,
            "eps_latest_yearly": 0,
            "eps_growth_yearly": 0
        },
        "20022": {
            "year_quarter": 20022,
            "year": 2002,
            "quarter": 2,
            "eps": null,
            "eps_growth_year": null,
            "eps_4q": null,
            "eps_4q_growth_year": null,
            "roe": null,
            "roe_4q": 0,
            "gross_profit": null,
            "gross_margin": null,
            "gross_margin_4q_avg": 0,
            "net_income": null,
            "net_income_4q": null,
            "revenue": null,
            "revenue_4q": null,
            "common_shares": null,
            "book_valuer_per_share": null,
            "book_valuer_per_share_4q_avg": 0,
            "equity": null,
            "current_ratio": null,
            "debt_ratio": null,
            "inventory_turnover_ratio": null,
            "account_receivable_turnover_ratio": null,
            "reinvestment_rate": null,
            "research_to_sale_ratio": null,
            "price_fair": 0,
            "eps_avg_yearly": 0,
            "eps_latest_yearly": 0,
            "eps_growth_yearly": 0
        },
        "20023": {
            "year_quarter": 20023,
            "year": 2002,
            "quarter": 3,
            "eps": null,
            "eps_growth_year": null,
            "eps_4q": null,
            "eps_4q_growth_year": null,
            "roe": null,
            "roe_4q": 0,
            "gross_profit": null,
            "gross_margin": null,
            "gross_margin_4q_avg": 0,
            "net_income": null,
            "net_income_4q": null,
            "revenue": null,
            "revenue_4q": null,
            "common_shares": null,
            "book_valuer_per_share": null,
            "book_valuer_per_share_4q_avg": 0,
            "equity": null,
            "current_ratio": null,
            "debt_ratio": null,
            "inventory_turnover_ratio": null,
            "account_receivable_turnover_ratio": null,
            "reinvestment_rate": null,
            "research_to_sale_ratio": null,
            "price_fair": 0,
            "eps_avg_yearly": 0,
            "eps_latest_yearly": 0,
            "eps_growth_yearly": 0
        },
        "20024": {
            "year_quarter": 20024,
            "year": 2002,
            "quarter": 4,
            "eps": null,
            "eps_growth_year": null,
            "eps_4q": null,
            "eps_4q_growth_year": null,
            "roe": null,
            "roe_4q": 0,
            "gross_profit": null,
            "gross_margin": null,
            "gross_margin_4q_avg": 0,
            "net_income": null,
            "net_income_4q": null,
            "revenue": null,
            "revenue_4q": null,
            "common_shares": null,
            "book_valuer_per_share": null,
            "book_valuer_per_share_4q_avg": 0,
            "equity": null,
            "current_ratio": null,
            "debt_ratio": null,
            "inventory_turnover_ratio": null,
            "account_receivable_turnover_ratio": null,
            "reinvestment_rate": null,
            "research_to_sale_ratio": null,
            "price_fair": 0,
            "eps_avg_yearly": 0,
            "eps_latest_yearly": 0,
            "eps_growth_yearly": 0
        },
        "20031": {
            "year_quarter": 20031,
            "year": 2003,
            "quarter": 1,
            "eps": null,
            "eps_growth_year": null,
            "eps_4q": null,
            "eps_4q_growth_year": null,
            "roe": null,
            "roe_4q": 0,
            "gross_profit": null,
            "gross_margin": null,
            "gross_margin_4q_avg": 0,
            "net_income": null,
            "net_income_4q": null,
            "revenue": null,
            "revenue_4q": null,
            "common_shares": null,
            "book_valuer_per_share": null,
            "book_valuer_per_share_4q_avg": 0,
            "equity": null,
            "current_ratio": null,
            "debt_ratio": null,
            "inventory_turnover_ratio": null,
            "account_receivable_turnover_ratio": null,
            "reinvestment_rate": null,
            "research_to_sale_ratio": null,
            "price_fair": 0,
            "eps_avg_yearly": 0,
            "eps_latest_yearly": 0,
            "eps_growth_yearly": 0
        },
        "20032": {
            "year_quarter": 20032,
            "year": 2003,
            "quarter": 2,
            "eps": null,
            "eps_growth_year": null,
            "eps_4q": null,
            "eps_4q_growth_year": null,
            "roe": null,
            "roe_4q": 0,
            "gross_profit": null,
            "gross_margin": null,
            "gross_margin_4q_avg": 0,
            "net_income": null,
            "net_income_4q": null,
            "revenue": null,
            "revenue_4q": null,
            "common_shares": null,
            "book_valuer_per_share": null,
            "book_valuer_per_share_4q_avg": 0,
            "equity": null,
            "current_ratio": null,
            "debt_ratio": null,
            "inventory_turnover_ratio": null,
            "account_receivable_turnover_ratio": null,
            "reinvestment_rate": null,
            "research_to_sale_ratio": null,
            "price_fair": 0,
            "eps_avg_yearly": 0,
            "eps_latest_yearly": 0,
            "eps_growth_yearly": 0
        },
        "20033": {
            "year_quarter": 20033,
            "year": 2003,
            "quarter": 3,
            "eps": null,
            "eps_growth_year": null,
            "eps_4q": null,
            "eps_4q_growth_year": null,
            "roe": null,
            "roe_4q": 0,
            "gross_profit": null,
            "gross_margin": null,
            "gross_margin_4q_avg": 0,
            "net_income": null,
            "net_income_4q": null,
            "revenue": null,
            "revenue_4q": null,
            "common_shares": null,
            "book_valuer_per_share": null,
            "book_valuer_per_share_4q_avg": 0,
            "equity": null,
            "current_ratio": null,
            "debt_ratio": null,
            "inventory_turnover_ratio": null,
            "account_receivable_turnover_ratio": null,
            "reinvestment_rate": null,
            "research_to_sale_ratio": null,
            "price_fair": 0,
            "eps_avg_yearly": 0,
            "eps_latest_yearly": 0,
            "eps_growth_yearly": 0
        },
        "20034": {
            "year_quarter": 20034,
            "year": 2003,
            "quarter": 4,
            "eps": null,
            "eps_growth_year": null,
            "eps_4q": null,
            "eps_4q_growth_year": null,
            "roe": null,
            "roe_4q": 0,
            "gross_profit": null,
            "gross_margin": null,
            "gross_margin_4q_avg": 0,
            "net_income": null,
            "net_income_4q": null,
            "revenue": null,
            "revenue_4q": null,
            "common_shares": null,
            "book_valuer_per_share": null,
            "book_valuer_per_share_4q_avg": 0,
            "equity": null,
            "current_ratio": null,
            "debt_ratio": null,
            "inventory_turnover_ratio": null,
            "account_receivable_turnover_ratio": null,
            "reinvestment_rate": null,
            "research_to_sale_ratio": null,
            "price_fair": 0,
            "eps_avg_yearly": 0,
            "eps_latest_yearly": 0,
            "eps_growth_yearly": 0
        },
        "20041": {
            "year_quarter": 20041,
            "year": 2004,
            "quarter": 1,
            "eps": null,
            "eps_growth_year": null,
            "eps_4q": null,
            "eps_4q_growth_year": null,
            "roe": null,
            "roe_4q": 0,
            "gross_profit": null,
            "gross_margin": null,
            "gross_margin_4q_avg": 0,
            "net_income": null,
            "net_income_4q": null,
            "revenue": null,
            "revenue_4q": null,
            "common_shares": null,
            "book_valuer_per_share": null,
            "book_valuer_per_share_4q_avg": 0,
            "equity": null,
            "current_ratio": null,
            "debt_ratio": null,
            "inventory_turnover_ratio": null,
            "account_receivable_turnover_ratio": null,
            "reinvestment_rate": null,
            "research_to_sale_ratio": null,
            "price_fair": 0,
            "eps_avg_yearly": 0,
            "eps_latest_yearly": 0,
            "eps_growth_yearly": 0
        },
        "20042": {
            "year_quarter": 20042,
            "year": 2004,
            "quarter": 2,
            "eps": null,
            "eps_growth_year": null,
            "eps_4q": null,
            "eps_4q_growth_year": null,
            "roe": null,
            "roe_4q": 0,
            "gross_profit": null,
            "gross_margin": null,
            "gross_margin_4q_avg": 0,
            "net_income": null,
            "net_income_4q": null,
            "revenue": null,
            "revenue_4q": null,
            "common_shares": null,
            "book_valuer_per_share": null,
            "book_valuer_per_share_4q_avg": 0,
            "equity": null,
            "current_ratio": null,
            "debt_ratio": null,
            "inventory_turnover_ratio": null,
            "account_receivable_turnover_ratio": null,
            "reinvestment_rate": null,
            "research_to_sale_ratio": null,
            "price_fair": 0,
            "eps_avg_yearly": 0,
            "eps_latest_yearly": 0,
            "eps_growth_yearly": 0
        },
        "20043": {
            "year_quarter": 20043,
            "year": 2004,
            "quarter": 3,
            "eps": null,
            "eps_growth_year": null,
            "eps_4q": null,
            "eps_4q_growth_year": null,
            "roe": null,
            "roe_4q": 0,
            "gross_profit": null,
            "gross_margin": null,
            "gross_margin_4q_avg": 0,
            "net_income": null,
            "net_income_4q": null,
            "revenue": null,
            "revenue_4q": null,
            "common_shares": null,
            "book_valuer_per_share": null,
            "book_valuer_per_share_4q_avg": 0,
            "equity": null,
            "current_ratio": null,
            "debt_ratio": null,
            "inventory_turnover_ratio": null,
            "account_receivable_turnover_ratio": null,
            "reinvestment_rate": null,
            "research_to_sale_ratio": null,
            "price_fair": 0,
            "eps_avg_yearly": 0,
            "eps_latest_yearly": 0,
            "eps_growth_yearly": 0
        },
        "20044": {
            "year_quarter": 20044,
            "year": 2004,
            "quarter": 4,
            "eps": null,
            "eps_growth_year": null,
            "eps_4q": null,
            "eps_4q_growth_year": null,
            "roe": null,
            "roe_4q": 0,
            "gross_profit": null,
            "gross_margin": null,
            "gross_margin_4q_avg": 0,
            "net_income": null,
            "net_income_4q": null,
            "revenue": null,
            "revenue_4q": null,
            "common_shares": null,
            "book_valuer_per_share": null,
            "book_valuer_per_share_4q_avg": 0,
            "equity": null,
            "current_ratio": null,
            "debt_ratio": null,
            "inventory_turnover_ratio": null,
            "account_receivable_turnover_ratio": null,
            "reinvestment_rate": null,
            "research_to_sale_ratio": null,
            "price_fair": 0,
            "eps_avg_yearly": 0,
            "eps_latest_yearly": 0,
            "eps_growth_yearly": 0
        },
        "20051": {
            "year_quarter": 20051,
            "year": 2005,
            "quarter": 1,
            "eps": null,
            "eps_growth_year": null,
            "eps_4q": null,
            "eps_4q_growth_year": null,
            "roe": null,
            "roe_4q": 0,
            "gross_profit": null,
            "gross_margin": null,
            "gross_margin_4q_avg": 0,
            "net_income": null,
            "net_income_4q": null,
            "revenue": null,
            "revenue_4q": null,
            "common_shares": null,
            "book_valuer_per_share": null,
            "book_valuer_per_share_4q_avg": 0,
            "equity": null,
            "current_ratio": null,
            "debt_ratio": null,
            "inventory_turnover_ratio": null,
            "account_receivable_turnover_ratio": null,
            "reinvestment_rate": null,
            "research_to_sale_ratio": null,
            "price_fair": 0,
            "eps_avg_yearly": 0,
            "eps_latest_yearly": 0,
            "eps_growth_yearly": 0
        },
        "20052": {
            "year_quarter": 20052,
            "year": 2005,
            "quarter": 2,
            "eps": null,
            "eps_growth_year": null,
            "eps_4q": null,
            "eps_4q_growth_year": null,
            "roe": null,
            "roe_4q": 0,
            "gross_profit": null,
            "gross_margin": null,
            "gross_margin_4q_avg": 0,
            "net_income": null,
            "net_income_4q": null,
            "revenue": null,
            "revenue_4q": null,
            "common_shares": null,
            "book_valuer_per_share": null,
            "book_valuer_per_share_4q_avg": 0,
            "equity": null,
            "current_ratio": null,
            "debt_ratio": null,
            "inventory_turnover_ratio": null,
            "account_receivable_turnover_ratio": null,
            "reinvestment_rate": null,
            "research_to_sale_ratio": null,
            "price_fair": 0,
            "eps_avg_yearly": 0,
            "eps_latest_yearly": 0,
            "eps_growth_yearly": 0
        },
        "20053": {
            "year_quarter": 20053,
            "year": 2005,
            "quarter": 3,
            "eps": null,
            "eps_growth_year": null,
            "eps_4q": null,
            "eps_4q_growth_year": null,
            "roe": null,
            "roe_4q": 0,
            "gross_profit": null,
            "gross_margin": null,
            "gross_margin_4q_avg": 0,
            "net_income": null,
            "net_income_4q": null,
            "revenue": null,
            "revenue_4q": null,
            "common_shares": null,
            "book_valuer_per_share": null,
            "book_valuer_per_share_4q_avg": 0,
            "equity": null,
            "current_ratio": null,
            "debt_ratio": null,
            "inventory_turnover_ratio": null,
            "account_receivable_turnover_ratio": null,
            "reinvestment_rate": null,
            "research_to_sale_ratio": null,
            "price_fair": 0,
            "eps_avg_yearly": 0,
            "eps_latest_yearly": 0,
            "eps_growth_yearly": 0
        },
        "20054": {
            "year_quarter": 20054,
            "year": 2005,
            "quarter": 4,
            "eps": null,
            "eps_growth_year": null,
            "eps_4q": null,
            "eps_4q_growth_year": null,
            "roe": null,
            "roe_4q": 0,
            "gross_profit": null,
            "gross_margin": null,
            "gross_margin_4q_avg": 0,
            "net_income": null,
            "net_income_4q": null,
            "revenue": null,
            "revenue_4q": null,
            "common_shares": null,
            "book_valuer_per_share": null,
            "book_valuer_per_share_4q_avg": 0,
            "equity": null,
            "current_ratio": null,
            "debt_ratio": null,
            "inventory_turnover_ratio": null,
            "account_receivable_turnover_ratio": null,
            "reinvestment_rate": null,
            "research_to_sale_ratio": null,
            "price_fair": 0,
            "eps_avg_yearly": 0,
            "eps_latest_yearly": 0,
            "eps_growth_yearly": 0
        },
        "20061": {
            "year_quarter": 20061,
            "year": 2006,
            "quarter": 1,
            "eps": null,
            "eps_growth_year": null,
            "eps_4q": null,
            "eps_4q_growth_year": null,
            "roe": null,
            "roe_4q": 0,
            "gross_profit": null,
            "gross_margin": null,
            "gross_margin_4q_avg": 0,
            "net_income": null,
            "net_income_4q": null,
            "revenue": null,
            "revenue_4q": null,
            "common_shares": null,
            "book_valuer_per_share": null,
            "book_valuer_per_share_4q_avg": 0,
            "equity": null,
            "current_ratio": null,
            "debt_ratio": null,
            "inventory_turnover_ratio": null,
            "account_receivable_turnover_ratio": null,
            "reinvestment_rate": null,
            "research_to_sale_ratio": null,
            "price_fair": 0,
            "eps_avg_yearly": 0,
            "eps_latest_yearly": 0,
            "eps_growth_yearly": 0
        },
        "20062": {
            "year_quarter": 20062,
            "year": 2006,
            "quarter": 2,
            "eps": null,
            "eps_growth_year": null,
            "eps_4q": null,
            "eps_4q_growth_year": null,
            "roe": null,
            "roe_4q": 0,
            "gross_profit": null,
            "gross_margin": null,
            "gross_margin_4q_avg": 0,
            "net_income": null,
            "net_income_4q": null,
            "revenue": null,
            "revenue_4q": null,
            "common_shares": null,
            "book_valuer_per_share": null,
            "book_valuer_per_share_4q_avg": 0,
            "equity": null,
            "current_ratio": null,
            "debt_ratio": null,
            "inventory_turnover_ratio": null,
            "account_receivable_turnover_ratio": null,
            "reinvestment_rate": null,
            "research_to_sale_ratio": null,
            "price_fair": 0,
            "eps_avg_yearly": 0,
            "eps_latest_yearly": 0,
            "eps_growth_yearly": 0
        },
        "20063": {
            "year_quarter": 20063,
            "year": 2006,
            "quarter": 3,
            "eps": null,
            "eps_growth_year": null,
            "eps_4q": null,
            "eps_4q_growth_year": null,
            "roe": null,
            "roe_4q": 0,
            "gross_profit": null,
            "gross_margin": null,
            "gross_margin_4q_avg": 0,
            "net_income": null,
            "net_income_4q": null,
            "revenue": null,
            "revenue_4q": null,
            "common_shares": null,
            "book_valuer_per_share": null,
            "book_valuer_per_share_4q_avg": 0,
            "equity": null,
            "current_ratio": null,
            "debt_ratio": null,
            "inventory_turnover_ratio": null,
            "account_receivable_turnover_ratio": null,
            "reinvestment_rate": null,
            "research_to_sale_ratio": null,
            "price_fair": 0,
            "eps_avg_yearly": 0,
            "eps_latest_yearly": 0,
            "eps_growth_yearly": 0
        },
        "20064": {
            "year_quarter": 20064,
            "year": 2006,
            "quarter": 4,
            "eps": null,
            "eps_growth_year": null,
            "eps_4q": null,
            "eps_4q_growth_year": null,
            "roe": null,
            "roe_4q": 0,
            "gross_profit": null,
            "gross_margin": null,
            "gross_margin_4q_avg": 0,
            "net_income": null,
            "net_income_4q": null,
            "revenue": null,
            "revenue_4q": null,
            "common_shares": null,
            "book_valuer_per_share": null,
            "book_valuer_per_share_4q_avg": 0,
            "equity": null,
            "current_ratio": null,
            "debt_ratio": null,
            "inventory_turnover_ratio": null,
            "account_receivable_turnover_ratio": null,
            "reinvestment_rate": null,
            "research_to_sale_ratio": null,
            "price_fair": 0,
            "eps_avg_yearly": 0,
            "eps_latest_yearly": 0,
            "eps_growth_yearly": 0
        },
        "20071": {
            "year_quarter": 20071,
            "year": 2007,
            "quarter": 1,
            "eps": null,
            "eps_growth_year": null,
            "eps_4q": null,
            "eps_4q_growth_year": null,
            "roe": null,
            "roe_4q": 0,
            "gross_profit": null,
            "gross_margin": null,
            "gross_margin_4q_avg": 0,
            "net_income": null,
            "net_income_4q": null,
            "revenue": null,
            "revenue_4q": null,
            "common_shares": null,
            "book_valuer_per_share": null,
            "book_valuer_per_share_4q_avg": 0,
            "equity": null,
            "current_ratio": null,
            "debt_ratio": null,
            "inventory_turnover_ratio": null,
            "account_receivable_turnover_ratio": null,
            "reinvestment_rate": null,
            "research_to_sale_ratio": null,
            "price_fair": 0,
            "eps_avg_yearly": 0,
            "eps_latest_yearly": 0,
            "eps_growth_yearly": 0
        },
        "20072": {
            "year_quarter": 20072,
            "year": 2007,
            "quarter": 2,
            "eps": null,
            "eps_growth_year": null,
            "eps_4q": null,
            "eps_4q_growth_year": null,
            "roe": null,
            "roe_4q": 0,
            "gross_profit": null,
            "gross_margin": null,
            "gross_margin_4q_avg": 0,
            "net_income": null,
            "net_income_4q": null,
            "revenue": null,
            "revenue_4q": null,
            "common_shares": null,
            "book_valuer_per_share": null,
            "book_valuer_per_share_4q_avg": 0,
            "equity": null,
            "current_ratio": null,
            "debt_ratio": null,
            "inventory_turnover_ratio": null,
            "account_receivable_turnover_ratio": null,
            "reinvestment_rate": null,
            "research_to_sale_ratio": null,
            "price_fair": 0,
            "eps_avg_yearly": 0,
            "eps_latest_yearly": 0,
            "eps_growth_yearly": 0
        },
        "20073": {
            "year_quarter": 20073,
            "year": 2007,
            "quarter": 3,
            "eps": null,
            "eps_growth_year": null,
            "eps_4q": null,
            "eps_4q_growth_year": null,
            "roe": null,
            "roe_4q": 0,
            "gross_profit": null,
            "gross_margin": null,
            "gross_margin_4q_avg": 0,
            "net_income": null,
            "net_income_4q": null,
            "revenue": null,
            "revenue_4q": null,
            "common_shares": null,
            "book_valuer_per_share": null,
            "book_valuer_per_share_4q_avg": 0,
            "equity": null,
            "current_ratio": null,
            "debt_ratio": null,
            "inventory_turnover_ratio": null,
            "account_receivable_turnover_ratio": null,
            "reinvestment_rate": null,
            "research_to_sale_ratio": null,
            "price_fair": 0,
            "eps_avg_yearly": 0,
            "eps_latest_yearly": 0,
            "eps_growth_yearly": 0
        },
        "20074": {
            "year_quarter": 20074,
            "year": 2007,
            "quarter": 4,
            "eps": null,
            "eps_growth_year": null,
            "eps_4q": null,
            "eps_4q_growth_year": null,
            "roe": null,
            "roe_4q": 0,
            "gross_profit": null,
            "gross_margin": null,
            "gross_margin_4q_avg": 0,
            "net_income": null,
            "net_income_4q": null,
            "revenue": null,
            "revenue_4q": null,
            "common_shares": null,
            "book_valuer_per_share": null,
            "book_valuer_per_share_4q_avg": 0,
            "equity": null,
            "current_ratio": null,
            "debt_ratio": null,
            "inventory_turnover_ratio": null,
            "account_receivable_turnover_ratio": null,
            "reinvestment_rate": null,
            "research_to_sale_ratio": null,
            "price_fair": 0,
            "eps_avg_yearly": 0,
            "eps_latest_yearly": 0,
            "eps_growth_yearly": 0
        },
        "20081": {
            "year_quarter": 20081,
            "year": 2008,
            "quarter": 1,
            "eps": null,
            "eps_growth_year": null,
            "eps_4q": null,
            "eps_4q_growth_year": null,
            "roe": null,
            "roe_4q": 0,
            "gross_profit": null,
            "gross_margin": null,
            "gross_margin_4q_avg": 0,
            "net_income": null,
            "net_income_4q": null,
            "revenue": null,
            "revenue_4q": null,
            "common_shares": null,
            "book_valuer_per_share": null,
            "book_valuer_per_share_4q_avg": 0,
            "equity": null,
            "current_ratio": null,
            "debt_ratio": null,
            "inventory_turnover_ratio": null,
            "account_receivable_turnover_ratio": null,
            "reinvestment_rate": null,
            "research_to_sale_ratio": null,
            "price_fair": 0,
            "eps_avg_yearly": 0,
            "eps_latest_yearly": 0,
            "eps_growth_yearly": 0
        },
        "20082": {
            "year_quarter": 20082,
            "year": 2008,
            "quarter": 2,
            "eps": null,
            "eps_growth_year": null,
            "eps_4q": null,
            "eps_4q_growth_year": null,
            "roe": null,
            "roe_4q": 0,
            "gross_profit": null,
            "gross_margin": null,
            "gross_margin_4q_avg": 0,
            "net_income": null,
            "net_income_4q": null,
            "revenue": null,
            "revenue_4q": null,
            "common_shares": null,
            "book_valuer_per_share": null,
            "book_valuer_per_share_4q_avg": 0,
            "equity": null,
            "current_ratio": null,
            "debt_ratio": null,
            "inventory_turnover_ratio": null,
            "account_receivable_turnover_ratio": null,
            "reinvestment_rate": null,
            "research_to_sale_ratio": null,
            "price_fair": 0,
            "eps_avg_yearly": 0,
            "eps_latest_yearly": 0,
            "eps_growth_yearly": 0
        },
        "20083": {
            "year_quarter": 20083,
            "year": 2008,
            "quarter": 3,
            "eps": null,
            "eps_growth_year": null,
            "eps_4q": null,
            "eps_4q_growth_year": null,
            "roe": null,
            "roe_4q": 0,
            "gross_profit": null,
            "gross_margin": null,
            "gross_margin_4q_avg": 0,
            "net_income": null,
            "net_income_4q": null,
            "revenue": null,
            "revenue_4q": null,
            "common_shares": null,
            "book_valuer_per_share": null,
            "book_valuer_per_share_4q_avg": 0,
            "equity": null,
            "current_ratio": null,
            "debt_ratio": null,
            "inventory_turnover_ratio": null,
            "account_receivable_turnover_ratio": null,
            "reinvestment_rate": null,
            "research_to_sale_ratio": null,
            "price_fair": 0,
            "eps_avg_yearly": 0,
            "eps_latest_yearly": 0,
            "eps_growth_yearly": 0
        },
        "20084": {
            "year_quarter": 20084,
            "year": 2008,
            "quarter": 4,
            "eps": null,
            "eps_growth_year": null,
            "eps_4q": null,
            "eps_4q_growth_year": null,
            "roe": null,
            "roe_4q": 0,
            "gross_profit": null,
            "gross_margin": null,
            "gross_margin_4q_avg": 0,
            "net_income": null,
            "net_income_4q": null,
            "revenue": null,
            "revenue_4q": null,
            "common_shares": null,
            "book_valuer_per_share": null,
            "book_valuer_per_share_4q_avg": 0,
            "equity": null,
            "current_ratio": null,
            "debt_ratio": null,
            "inventory_turnover_ratio": null,
            "account_receivable_turnover_ratio": null,
            "reinvestment_rate": null,
            "research_to_sale_ratio": null,
            "price_fair": 0,
            "eps_avg_yearly": 0,
            "eps_latest_yearly": 0,
            "eps_growth_yearly": 0
        },
        "20091": {
            "year_quarter": 20091,
            "year": 2009,
            "quarter": 1,
            "eps": null,
            "eps_growth_year": null,
            "eps_4q": null,
            "eps_4q_growth_year": null,
            "roe": null,
            "roe_4q": 0,
            "gross_profit": null,
            "gross_margin": null,
            "gross_margin_4q_avg": 0,
            "net_income": null,
            "net_income_4q": null,
            "revenue": null,
            "revenue_4q": null,
            "common_shares": null,
            "book_valuer_per_share": null,
            "book_valuer_per_share_4q_avg": 0,
            "equity": null,
            "current_ratio": null,
            "debt_ratio": null,
            "inventory_turnover_ratio": null,
            "account_receivable_turnover_ratio": null,
            "reinvestment_rate": null,
            "research_to_sale_ratio": null,
            "price_fair": 0,
            "eps_avg_yearly": 0,
            "eps_latest_yearly": 0,
            "eps_growth_yearly": 0
        },
        "20092": {
            "year_quarter": 20092,
            "year": 2009,
            "quarter": 2,
            "eps": null,
            "eps_growth_year": null,
            "eps_4q": null,
            "eps_4q_growth_year": null,
            "roe": null,
            "roe_4q": 0,
            "gross_profit": null,
            "gross_margin": null,
            "gross_margin_4q_avg": 0,
            "net_income": null,
            "net_income_4q": null,
            "revenue": null,
            "revenue_4q": null,
            "common_shares": null,
            "book_valuer_per_share": null,
            "book_valuer_per_share_4q_avg": 0,
            "equity": null,
            "current_ratio": null,
            "debt_ratio": null,
            "inventory_turnover_ratio": null,
            "account_receivable_turnover_ratio": null,
            "reinvestment_rate": null,
            "research_to_sale_ratio": null,
            "price_fair": 0,
            "eps_avg_yearly": 0,
            "eps_latest_yearly": 0,
            "eps_growth_yearly": 0
        },
        "20093": {
            "year_quarter": 20093,
            "year": 2009,
            "quarter": 3,
            "eps": null,
            "eps_growth_year": null,
            "eps_4q": null,
            "eps_4q_growth_year": null,
            "roe": null,
            "roe_4q": 0,
            "gross_profit": null,
            "gross_margin": null,
            "gross_margin_4q_avg": 0,
            "net_income": null,
            "net_income_4q": null,
            "revenue": null,
            "revenue_4q": null,
            "common_shares": null,
            "book_valuer_per_share": null,
            "book_valuer_per_share_4q_avg": 0,
            "equity": null,
            "current_ratio": null,
            "debt_ratio": null,
            "inventory_turnover_ratio": null,
            "account_receivable_turnover_ratio": null,
            "reinvestment_rate": null,
            "research_to_sale_ratio": null,
            "price_fair": 0,
            "eps_avg_yearly": 0,
            "eps_latest_yearly": 0,
            "eps_growth_yearly": 0
        },
        "20094": {
            "year_quarter": 20094,
            "year": 2009,
            "quarter": 4,
            "eps": null,
            "eps_growth_year": null,
            "eps_4q": null,
            "eps_4q_growth_year": null,
            "roe": null,
            "roe_4q": 0,
            "gross_profit": null,
            "gross_margin": null,
            "gross_margin_4q_avg": 0,
            "net_income": null,
            "net_income_4q": null,
            "revenue": null,
            "revenue_4q": null,
            "common_shares": null,
            "book_valuer_per_share": null,
            "book_valuer_per_share_4q_avg": 0,
            "equity": null,
            "current_ratio": null,
            "debt_ratio": null,
            "inventory_turnover_ratio": null,
            "account_receivable_turnover_ratio": null,
            "reinvestment_rate": null,
            "research_to_sale_ratio": null,
            "price_fair": 0,
            "eps_avg_yearly": 0,
            "eps_latest_yearly": 0,
            "eps_growth_yearly": 0
        },
        "20101": {
            "year_quarter": 20101,
            "year": 2010,
            "quarter": 1,
            "eps": null,
            "eps_growth_year": null,
            "eps_4q": null,
            "eps_4q_growth_year": null,
            "roe": null,
            "roe_4q": 0,
            "gross_profit": null,
            "gross_margin": null,
            "gross_margin_4q_avg": 0,
            "net_income": null,
            "net_income_4q": null,
            "revenue": null,
            "revenue_4q": null,
            "common_shares": null,
            "book_valuer_per_share": null,
            "book_valuer_per_share_4q_avg": 0,
            "equity": null,
            "current_ratio": null,
            "debt_ratio": null,
            "inventory_turnover_ratio": null,
            "account_receivable_turnover_ratio": null,
            "reinvestment_rate": null,
            "research_to_sale_ratio": null,
            "price_fair": 0,
            "eps_avg_yearly": 0,
            "eps_latest_yearly": 0,
            "eps_growth_yearly": 0
        },
        "20102": {
            "year_quarter": 20102,
            "year": 2010,
            "quarter": 2,
            "eps": null,
            "eps_growth_year": null,
            "eps_4q": null,
            "eps_4q_growth_year": null,
            "roe": null,
            "roe_4q": 0,
            "gross_profit": null,
            "gross_margin": null,
            "gross_margin_4q_avg": 0,
            "net_income": null,
            "net_income_4q": null,
            "revenue": null,
            "revenue_4q": null,
            "common_shares": null,
            "book_valuer_per_share": null,
            "book_valuer_per_share_4q_avg": 0,
            "equity": null,
            "current_ratio": null,
            "debt_ratio": null,
            "inventory_turnover_ratio": null,
            "account_receivable_turnover_ratio": null,
            "reinvestment_rate": null,
            "research_to_sale_ratio": null,
            "price_fair": 0,
            "eps_avg_yearly": 0,
            "eps_latest_yearly": 0,
            "eps_growth_yearly": 0
        },
        "20103": {
            "year_quarter": 20103,
            "year": 2010,
            "quarter": 3,
            "eps": null,
            "eps_growth_year": null,
            "eps_4q": null,
            "eps_4q_growth_year": null,
            "roe": null,
            "roe_4q": 0,
            "gross_profit": null,
            "gross_margin": null,
            "gross_margin_4q_avg": 0,
            "net_income": null,
            "net_income_4q": null,
            "revenue": null,
            "revenue_4q": null,
            "common_shares": null,
            "book_valuer_per_share": null,
            "book_valuer_per_share_4q_avg": 0,
            "equity": null,
            "current_ratio": null,
            "debt_ratio": null,
            "inventory_turnover_ratio": null,
            "account_receivable_turnover_ratio": null,
            "reinvestment_rate": null,
            "research_to_sale_ratio": null,
            "price_fair": 0,
            "eps_avg_yearly": 0,
            "eps_latest_yearly": 0,
            "eps_growth_yearly": 0
        },
        "20104": {
            "year_quarter": 20104,
            "year": 2010,
            "quarter": 4,
            "eps": null,
            "eps_growth_year": null,
            "eps_4q": null,
            "eps_4q_growth_year": null,
            "roe": null,
            "roe_4q": 0,
            "gross_profit": null,
            "gross_margin": null,
            "gross_margin_4q_avg": 0,
            "net_income": null,
            "net_income_4q": null,
            "revenue": null,
            "revenue_4q": null,
            "common_shares": null,
            "book_valuer_per_share": null,
            "book_valuer_per_share_4q_avg": 0,
            "equity": null,
            "current_ratio": null,
            "debt_ratio": null,
            "inventory_turnover_ratio": null,
            "account_receivable_turnover_ratio": null,
            "reinvestment_rate": null,
            "research_to_sale_ratio": null,
            "price_fair": 0,
            "eps_avg_yearly": 0,
            "eps_latest_yearly": 0,
            "eps_growth_yearly": 0
        },
        "20111": {
            "year_quarter": 20111,
            "year": 2011,
            "quarter": 1,
            "eps": null,
            "eps_growth_year": null,
            "eps_4q": null,
            "eps_4q_growth_year": null,
            "roe": null,
            "roe_4q": 0,
            "gross_profit": null,
            "gross_margin": null,
            "gross_margin_4q_avg": 0,
            "net_income": null,
            "net_income_4q": null,
            "revenue": null,
            "revenue_4q": null,
            "common_shares": null,
            "book_valuer_per_share": null,
            "book_valuer_per_share_4q_avg": 0,
            "equity": null,
            "current_ratio": null,
            "debt_ratio": null,
            "inventory_turnover_ratio": null,
            "account_receivable_turnover_ratio": null,
            "reinvestment_rate": null,
            "research_to_sale_ratio": null,
            "price_fair": 0,
            "eps_avg_yearly": 0,
            "eps_latest_yearly": 0,
            "eps_growth_yearly": 0
        },
        "20112": {
            "year_quarter": 20112,
            "year": 2011,
            "quarter": 2,
            "eps": null,
            "eps_growth_year": null,
            "eps_4q": null,
            "eps_4q_growth_year": null,
            "roe": null,
            "roe_4q": 0,
            "gross_profit": null,
            "gross_margin": null,
            "gross_margin_4q_avg": 0,
            "net_income": null,
            "net_income_4q": null,
            "revenue": null,
            "revenue_4q": null,
            "common_shares": null,
            "book_valuer_per_share": null,
            "book_valuer_per_share_4q_avg": 0,
            "equity": null,
            "current_ratio": null,
            "debt_ratio": null,
            "inventory_turnover_ratio": null,
            "account_receivable_turnover_ratio": null,
            "reinvestment_rate": null,
            "research_to_sale_ratio": null,
            "price_fair": 0,
            "eps_avg_yearly": 0,
            "eps_latest_yearly": 0,
            "eps_growth_yearly": 0
        },
        "20113": {
            "year_quarter": 20113,
            "year": 2011,
            "quarter": 3,
            "eps": null,
            "eps_growth_year": null,
            "eps_4q": null,
            "eps_4q_growth_year": null,
            "roe": null,
            "roe_4q": 0,
            "gross_profit": null,
            "gross_margin": null,
            "gross_margin_4q_avg": 0,
            "net_income": null,
            "net_income_4q": null,
            "revenue": null,
            "revenue_4q": null,
            "common_shares": null,
            "book_valuer_per_share": null,
            "book_valuer_per_share_4q_avg": 0,
            "equity": null,
            "current_ratio": null,
            "debt_ratio": null,
            "inventory_turnover_ratio": null,
            "account_receivable_turnover_ratio": null,
            "reinvestment_rate": null,
            "research_to_sale_ratio": null,
            "price_fair": 0,
            "eps_avg_yearly": 0,
            "eps_latest_yearly": 0,
            "eps_growth_yearly": 0
        },
        "20114": {
            "year_quarter": 20114,
            "year": 2011,
            "quarter": 4,
            "eps": null,
            "eps_growth_year": null,
            "eps_4q": null,
            "eps_4q_growth_year": null,
            "roe": null,
            "roe_4q": 0,
            "gross_profit": null,
            "gross_margin": null,
            "gross_margin_4q_avg": 0,
            "net_income": null,
            "net_income_4q": null,
            "revenue": null,
            "revenue_4q": null,
            "common_shares": null,
            "book_valuer_per_share": null,
            "book_valuer_per_share_4q_avg": 0,
            "equity": null,
            "current_ratio": null,
            "debt_ratio": null,
            "inventory_turnover_ratio": null,
            "account_receivable_turnover_ratio": null,
            "reinvestment_rate": null,
            "research_to_sale_ratio": null,
            "price_fair": 0,
            "eps_avg_yearly": 0,
            "eps_latest_yearly": 0,
            "eps_growth_yearly": 0
        },
        "20121": {
            "year_quarter": 20121,
            "year": 2012,
            "quarter": 1,
            "eps": null,
            "eps_growth_year": null,
            "eps_4q": null,
            "eps_4q_growth_year": null,
            "roe": null,
            "roe_4q": 0,
            "gross_profit": null,
            "gross_margin": null,
            "gross_margin_4q_avg": 0,
            "net_income": null,
            "net_income_4q": null,
            "revenue": null,
            "revenue_4q": null,
            "common_shares": null,
            "book_valuer_per_share": null,
            "book_valuer_per_share_4q_avg": 0,
            "equity": null,
            "current_ratio": null,
            "debt_ratio": null,
            "inventory_turnover_ratio": null,
            "account_receivable_turnover_ratio": null,
            "reinvestment_rate": null,
            "research_to_sale_ratio": null,
            "price_fair": 0,
            "eps_avg_yearly": 0,
            "eps_latest_yearly": 0,
            "eps_growth_yearly": 0
        },
        "20122": {
            "year_quarter": 20122,
            "year": 2012,
            "quarter": 2,
            "eps": null,
            "eps_growth_year": null,
            "eps_4q": null,
            "eps_4q_growth_year": null,
            "roe": null,
            "roe_4q": 0,
            "gross_profit": null,
            "gross_margin": null,
            "gross_margin_4q_avg": 0,
            "net_income": null,
            "net_income_4q": null,
            "revenue": null,
            "revenue_4q": null,
            "common_shares": null,
            "book_valuer_per_share": null,
            "book_valuer_per_share_4q_avg": 0,
            "equity": null,
            "current_ratio": null,
            "debt_ratio": null,
            "inventory_turnover_ratio": null,
            "account_receivable_turnover_ratio": null,
            "reinvestment_rate": null,
            "research_to_sale_ratio": null,
            "price_fair": 0,
            "eps_avg_yearly": 0,
            "eps_latest_yearly": 0,
            "eps_growth_yearly": 0
        },
        "20123": {
            "year_quarter": 20123,
            "year": 2012,
            "quarter": 3,
            "eps": null,
            "eps_growth_year": null,
            "eps_4q": null,
            "eps_4q_growth_year": null,
            "roe": null,
            "roe_4q": 0,
            "gross_profit": null,
            "gross_margin": null,
            "gross_margin_4q_avg": 0,
            "net_income": null,
            "net_income_4q": null,
            "revenue": null,
            "revenue_4q": null,
            "common_shares": null,
            "book_valuer_per_share": null,
            "book_valuer_per_share_4q_avg": 0,
            "equity": null,
            "current_ratio": null,
            "debt_ratio": null,
            "inventory_turnover_ratio": null,
            "account_receivable_turnover_ratio": null,
            "reinvestment_rate": null,
            "research_to_sale_ratio": null,
            "price_fair": 0,
            "eps_avg_yearly": 0,
            "eps_latest_yearly": 0,
            "eps_growth_yearly": 0
        },
        "20124": {
            "year_quarter": 20124,
            "year": 2012,
            "quarter": 4,
            "eps": null,
            "eps_growth_year": null,
            "eps_4q": null,
            "eps_4q_growth_year": null,
            "roe": null,
            "roe_4q": 0,
            "gross_profit": null,
            "gross_margin": null,
            "gross_margin_4q_avg": 0,
            "net_income": null,
            "net_income_4q": null,
            "revenue": null,
            "revenue_4q": null,
            "common_shares": null,
            "book_valuer_per_share": null,
            "book_valuer_per_share_4q_avg": 0,
            "equity": null,
            "current_ratio": null,
            "debt_ratio": null,
            "inventory_turnover_ratio": null,
            "account_receivable_turnover_ratio": null,
            "reinvestment_rate": null,
            "research_to_sale_ratio": null,
            "price_fair": 0,
            "eps_avg_yearly": 0,
            "eps_latest_yearly": 0,
            "eps_growth_yearly": 0
        },
        "20131": {
            "year_quarter": 20131,
            "year": 2013,
            "quarter": 1,
            "eps": null,
            "eps_growth_year": null,
            "eps_4q": null,
            "eps_4q_growth_year": null,
            "roe": null,
            "roe_4q": 0,
            "gross_profit": null,
            "gross_margin": null,
            "gross_margin_4q_avg": 0,
            "net_income": null,
            "net_income_4q": null,
            "revenue": null,
            "revenue_4q": null,
            "common_shares": null,
            "book_valuer_per_share": null,
            "book_valuer_per_share_4q_avg": 0,
            "equity": null,
            "current_ratio": null,
            "debt_ratio": null,
            "inventory_turnover_ratio": null,
            "account_receivable_turnover_ratio": null,
            "reinvestment_rate": null,
            "research_to_sale_ratio": null,
            "price_fair": 0,
            "eps_avg_yearly": 0,
            "eps_latest_yearly": 0,
            "eps_growth_yearly": 0
        },
        "20132": {
            "year_quarter": 20132,
            "year": 2013,
            "quarter": 2,
            "eps": null,
            "eps_growth_year": null,
            "eps_4q": null,
            "eps_4q_growth_year": null,
            "roe": null,
            "roe_4q": 0,
            "gross_profit": null,
            "gross_margin": null,
            "gross_margin_4q_avg": 0,
            "net_income": null,
            "net_income_4q": null,
            "revenue": null,
            "revenue_4q": null,
            "common_shares": null,
            "book_valuer_per_share": null,
            "book_valuer_per_share_4q_avg": 0,
            "equity": null,
            "current_ratio": null,
            "debt_ratio": null,
            "inventory_turnover_ratio": null,
            "account_receivable_turnover_ratio": null,
            "reinvestment_rate": null,
            "research_to_sale_ratio": null,
            "price_fair": 0,
            "eps_avg_yearly": 0,
            "eps_latest_yearly": 0,
            "eps_growth_yearly": 0
        },
        "20133": {
            "year_quarter": 20133,
            "year": 2013,
            "quarter": 3,
            "eps": null,
            "eps_growth_year": null,
            "eps_4q": null,
            "eps_4q_growth_year": null,
            "roe": null,
            "roe_4q": 0,
            "gross_profit": null,
            "gross_margin": null,
            "gross_margin_4q_avg": 0,
            "net_income": null,
            "net_income_4q": null,
            "revenue": null,
            "revenue_4q": null,
            "common_shares": null,
            "book_valuer_per_share": null,
            "book_valuer_per_share_4q_avg": 0,
            "equity": null,
            "current_ratio": null,
            "debt_ratio": null,
            "inventory_turnover_ratio": null,
            "account_receivable_turnover_ratio": null,
            "reinvestment_rate": null,
            "research_to_sale_ratio": null,
            "price_fair": 0,
            "eps_avg_yearly": 0,
            "eps_latest_yearly": 0,
            "eps_growth_yearly": 0
        },
        "20134": {
            "year_quarter": 20134,
            "year": 2013,
            "quarter": 4,
            "eps": null,
            "eps_growth_year": null,
            "eps_4q": null,
            "eps_4q_growth_year": null,
            "roe": null,
            "roe_4q": 0,
            "gross_profit": null,
            "gross_margin": null,
            "gross_margin_4q_avg": 0,
            "net_income": null,
            "net_income_4q": null,
            "revenue": null,
            "revenue_4q": null,
            "common_shares": null,
            "book_valuer_per_share": null,
            "book_valuer_per_share_4q_avg": 0,
            "equity": null,
            "current_ratio": null,
            "debt_ratio": null,
            "inventory_turnover_ratio": null,
            "account_receivable_turnover_ratio": null,
            "reinvestment_rate": null,
            "research_to_sale_ratio": null,
            "price_fair": 0,
            "eps_avg_yearly": 0,
            "eps_latest_yearly": 0,
            "eps_growth_yearly": 0
        },
        "20141": {
            "year_quarter": 20141,
            "year": 2014,
            "quarter": 1,
            "eps": null,
            "eps_growth_year": null,
            "eps_4q": null,
            "eps_4q_growth_year": null,
            "roe": null,
            "roe_4q": 0,
            "gross_profit": null,
            "gross_margin": null,
            "gross_margin_4q_avg": 0,
            "net_income": null,
            "net_income_4q": null,
            "revenue": null,
            "revenue_4q": null,
            "common_shares": null,
            "book_valuer_per_share": null,
            "book_valuer_per_share_4q_avg": 0,
            "equity": null,
            "current_ratio": null,
            "debt_ratio": null,
            "inventory_turnover_ratio": null,
            "account_receivable_turnover_ratio": null,
            "reinvestment_rate": null,
            "research_to_sale_ratio": null,
            "price_fair": 0,
            "eps_avg_yearly": 0,
            "eps_latest_yearly": 0,
            "eps_growth_yearly": 0
        },
        "20142": {
            "year_quarter": 20142,
            "year": 2014,
            "quarter": 2,
            "eps": null,
            "eps_growth_year": null,
            "eps_4q": null,
            "eps_4q_growth_year": null,
            "roe": null,
            "roe_4q": 0,
            "gross_profit": null,
            "gross_margin": null,
            "gross_margin_4q_avg": 0,
            "net_income": null,
            "net_income_4q": null,
            "revenue": null,
            "revenue_4q": null,
            "common_shares": 300000,
            "book_valuer_per_share": null,
            "book_valuer_per_share_4q_avg": 0,
            "equity": 364684,
            "current_ratio": null,
            "debt_ratio": null,
            "inventory_turnover_ratio": null,
            "account_receivable_turnover_ratio": null,
            "reinvestment_rate": null,
            "research_to_sale_ratio": null,
            "price_fair": 0,
            "eps_avg_yearly": 0,
            "eps_latest_yearly": 0,
            "eps_growth_yearly": 0
        },
        "20143": {
            "year_quarter": 20143,
            "year": 2014,
            "quarter": 3,
            "eps": null,
            "eps_growth_year": null,
            "eps_4q": null,
            "eps_4q_growth_year": null,
            "roe": null,
            "roe_4q": 0,
            "gross_profit": null,
            "gross_margin": null,
            "gross_margin_4q_avg": 0,
            "net_income": null,
            "net_income_4q": null,
            "revenue": null,
            "revenue_4q": null,
            "common_shares": null,
            "book_valuer_per_share": null,
            "book_valuer_per_share_4q_avg": 0,
            "equity": null,
            "current_ratio": null,
            "debt_ratio": null,
            "inventory_turnover_ratio": null,
            "account_receivable_turnover_ratio": null,
            "reinvestment_rate": null,
            "research_to_sale_ratio": null,
            "price_fair": 0,
            "eps_avg_yearly": 0,
            "eps_latest_yearly": 0,
            "eps_growth_yearly": 0
        },
        "20144": {
            "year_quarter": 20144,
            "year": 2014,
            "quarter": 4,
            "eps": null,
            "eps_growth_year": null,
            "eps_4q": null,
            "eps_4q_growth_year": null,
            "roe": null,
            "roe_4q": 0,
            "gross_profit": null,
            "gross_margin": null,
            "gross_margin_4q_avg": 0,
            "net_income": null,
            "net_income_4q": null,
            "revenue": null,
            "revenue_4q": null,
            "common_shares": 300000,
            "book_valuer_per_share": null,
            "book_valuer_per_share_4q_avg": 0,
            "equity": 373734,
            "current_ratio": null,
            "debt_ratio": null,
            "inventory_turnover_ratio": null,
            "account_receivable_turnover_ratio": null,
            "reinvestment_rate": null,
            "research_to_sale_ratio": null,
            "price_fair": 0,
            "eps_avg_yearly": 0,
            "eps_latest_yearly": 0,
            "eps_growth_yearly": 0
        },
        "20151": {
            "year_quarter": 20151,
            "year": 2015,
            "quarter": 1,
            "eps": null,
            "eps_growth_year": null,
            "eps_4q": null,
            "eps_4q_growth_year": null,
            "roe": null,
            "roe_4q": 0,
            "gross_profit": null,
            "gross_margin": null,
            "gross_margin_4q_avg": 0,
            "net_income": null,
            "net_income_4q": null,
            "revenue": null,
            "revenue_4q": null,
            "common_shares": null,
            "book_valuer_per_share": null,
            "book_valuer_per_share_4q_avg": 0,
            "equity": null,
            "current_ratio": null,
            "debt_ratio": null,
            "inventory_turnover_ratio": null,
            "account_receivable_turnover_ratio": null,
            "reinvestment_rate": null,
            "research_to_sale_ratio": null,
            "price_fair": 0,
            "eps_avg_yearly": 0,
            "eps_latest_yearly": 0,
            "eps_growth_yearly": 0
        },
        "20152": {
            "year_quarter": 20152,
            "year": 2015,
            "quarter": 2,
            "eps": null,
            "eps_growth_year": null,
            "eps_4q": null,
            "eps_4q_growth_year": null,
            "roe": null,
            "roe_4q": 0,
            "gross_profit": null,
            "gross_margin": null,
            "gross_margin_4q_avg": 0,
            "net_income": null,
            "net_income_4q": null,
            "revenue": null,
            "revenue_4q": null,
            "common_shares": 300000,
            "book_valuer_per_share": 12.74,
            "book_valuer_per_share_4q_avg": 3.19,
            "equity": 382205,
            "current_ratio": 183.54,
            "debt_ratio": 44.63,
            "inventory_turnover_ratio": null,
            "account_receivable_turnover_ratio": null,
            "reinvestment_rate": null,
            "research_to_sale_ratio": null,
            "price_fair": 0,
            "eps_avg_yearly": 0,
            "eps_latest_yearly": 0,
            "eps_growth_yearly": 0
        },
        "20153": {
            "year_quarter": 20153,
            "year": 2015,
            "quarter": 3,
            "eps": null,
            "eps_growth_year": null,
            "eps_4q": null,
            "eps_4q_growth_year": null,
            "roe": null,
            "roe_4q": 0,
            "gross_profit": null,
            "gross_margin": null,
            "gross_margin_4q_avg": 0,
            "net_income": null,
            "net_income_4q": null,
            "revenue": null,
            "revenue_4q": null,
            "common_shares": null,
            "book_valuer_per_share": null,
            "book_valuer_per_share_4q_avg": 3.19,
            "equity": null,
            "current_ratio": null,
            "debt_ratio": null,
            "inventory_turnover_ratio": null,
            "account_receivable_turnover_ratio": null,
            "reinvestment_rate": null,
            "research_to_sale_ratio": null,
            "price_fair": 0,
            "eps_avg_yearly": 0,
            "eps_latest_yearly": 0,
            "eps_growth_yearly": 0
        },
        "20154": {
            "year_quarter": 20154,
            "year": 2015,
            "quarter": 4,
            "eps": null,
            "eps_growth_year": null,
            "eps_4q": null,
            "eps_4q_growth_year": null,
            "roe": null,
            "roe_4q": 0,
            "gross_profit": null,
            "gross_margin": null,
            "gross_margin_4q_avg": 0,
            "net_income": null,
            "net_income_4q": null,
            "revenue": null,
            "revenue_4q": null,
            "common_shares": 300000,
            "book_valuer_per_share": 12.94,
            "book_valuer_per_share_4q_avg": 6.42,
            "equity": 388055,
            "current_ratio": 150.54,
            "debt_ratio": 56.61,
            "inventory_turnover_ratio": null,
            "account_receivable_turnover_ratio": null,
            "reinvestment_rate": null,
            "research_to_sale_ratio": null,
            "price_fair": 0,
            "eps_avg_yearly": 0,
            "eps_latest_yearly": 0,
            "eps_growth_yearly": 0
        },
        "20161": {
            "year_quarter": 20161,
            "year": 2016,
            "quarter": 1,
            "eps": null,
            "eps_growth_year": null,
            "eps_4q": null,
            "eps_4q_growth_year": null,
            "roe": null,
            "roe_4q": 0,
            "gross_profit": null,
            "gross_margin": null,
            "gross_margin_4q_avg": 0,
            "net_income": null,
            "net_income_4q": null,
            "revenue": null,
            "revenue_4q": null,
            "common_shares": null,
            "book_valuer_per_share": null,
            "book_valuer_per_share_4q_avg": 6.42,
            "equity": null,
            "current_ratio": null,
            "debt_ratio": null,
            "inventory_turnover_ratio": null,
            "account_receivable_turnover_ratio": null,
            "reinvestment_rate": null,
            "research_to_sale_ratio": null,
            "price_fair": 0,
            "eps_avg_yearly": 0,
            "eps_latest_yearly": 0,
            "eps_growth_yearly": 0
        },
        "20162": {
            "year_quarter": 20162,
            "year": 2016,
            "quarter": 2,
            "eps": null,
            "eps_growth_year": null,
            "eps_4q": null,
            "eps_4q_growth_year": null,
            "roe": null,
            "roe_4q": 0,
            "gross_profit": null,
            "gross_margin": null,
            "gross_margin_4q_avg": 0,
            "net_income": null,
            "net_income_4q": null,
            "revenue": null,
            "revenue_4q": null,
            "common_shares": 300000,
            "book_valuer_per_share": 13.26,
            "book_valuer_per_share_4q_avg": 6.55,
            "equity": 397691,
            "current_ratio": 183.12,
            "debt_ratio": 43.73,
            "inventory_turnover_ratio": null,
            "account_receivable_turnover_ratio": null,
            "reinvestment_rate": null,
            "research_to_sale_ratio": null,
            "price_fair": 0,
            "eps_avg_yearly": 0,
            "eps_latest_yearly": 0,
            "eps_growth_yearly": 0
        },
        "20163": {
            "year_quarter": 20163,
            "year": 2016,
            "quarter": 3,
            "eps": null,
            "eps_growth_year": null,
            "eps_4q": null,
            "eps_4q_growth_year": null,
            "roe": null,
            "roe_4q": 0,
            "gross_profit": null,
            "gross_margin": null,
            "gross_margin_4q_avg": 0,
            "net_income": null,
            "net_income_4q": null,
            "revenue": null,
            "revenue_4q": null,
            "common_shares": null,
            "book_valuer_per_share": null,
            "book_valuer_per_share_4q_avg": 6.55,
            "equity": null,
            "current_ratio": null,
            "debt_ratio": null,
            "inventory_turnover_ratio": null,
            "account_receivable_turnover_ratio": null,
            "reinvestment_rate": null,
            "research_to_sale_ratio": null,
            "price_fair": 0,
            "eps_avg_yearly": 0,
            "eps_latest_yearly": 0,
            "eps_growth_yearly": 0
        },
        "20164": {
            "year_quarter": 20164,
            "year": 2016,
            "quarter": 4,
            "eps": null,
            "eps_growth_year": null,
            "eps_4q": null,
            "eps_4q_growth_year": null,
            "roe": null,
            "roe_4q": 0,
            "gross_profit": null,
            "gross_margin": null,
            "gross_margin_4q_avg": 0,
            "net_income": null,
            "net_income_4q": null,
            "revenue": null,
            "revenue_4q": null,
            "common_shares": 300000,
            "book_valuer_per_share": 13.84,
            "book_valuer_per_share_4q_avg": 6.78,
            "equity": 415057,
            "current_ratio": 146.8,
            "debt_ratio": 58,
            "inventory_turnover_ratio": null,
            "account_receivable_turnover_ratio": null,
            "reinvestment_rate": null,
            "research_to_sale_ratio": null,
            "price_fair": 0,
            "eps_avg_yearly": 0,
            "eps_latest_yearly": 0,
            "eps_growth_yearly": 0
        },
        "20171": {
            "year_quarter": 20171,
            "year": 2017,
            "quarter": 1,
            "eps": 0.6,
            "eps_growth_year": null,
            "eps_4q": null,
            "eps_4q_growth_year": null,
            "roe": 4.23,
            "roe_4q": 4.23,
            "gross_profit": 93151,
            "gross_margin": 27.48,
            "gross_margin_4q_avg": 6.87,
            "net_income": 17918,
            "net_income_4q": null,
            "revenue": 338984,
            "revenue_4q": null,
            "common_shares": 300000,
            "book_valuer_per_share": 14.43,
            "book_valuer_per_share_4q_avg": 10.38,
            "equity": 432975,
            "current_ratio": 191.23,
            "debt_ratio": 41.45,
            "inventory_turnover_ratio": 0.85,
            "account_receivable_turnover_ratio": 1.47,
            "reinvestment_rate": null,
            "research_to_sale_ratio": null,
            "price_fair": 0,
            "eps_avg_yearly": 0,
            "eps_latest_yearly": 0,
            "eps_growth_yearly": 0
        },
        "20172": {
            "year_quarter": 20172,
            "year": 2017,
            "quarter": 2,
            "eps": 0.22,
            "eps_growth_year": null,
            "eps_4q": null,
            "eps_4q_growth_year": null,
            "roe": 1.44,
            "roe_4q": 5.67,
            "gross_profit": 87144,
            "gross_margin": 26.31,
            "gross_margin_4q_avg": 13.45,
            "net_income": 6723,
            "net_income_4q": null,
            "revenue": 331167,
            "revenue_4q": null,
            "common_shares": 328600,
            "book_valuer_per_share": 15.31,
            "book_valuer_per_share_4q_avg": 10.9,
            "equity": 503053,
            "current_ratio": 202.98,
            "debt_ratio": 40.02,
            "inventory_turnover_ratio": 0.84,
            "account_receivable_turnover_ratio": 3.22,
            "reinvestment_rate": null,
            "research_to_sale_ratio": null,
            "price_fair": 2.64,
            "eps_avg_yearly": 0.88,
            "eps_latest_yearly": 0.88,
            "eps_growth_yearly": -253.33
        },
        "20173": {
            "year_quarter": 20173,
            "year": 2017,
            "quarter": 3,
            "eps": 0.23,
            "eps_growth_year": null,
            "eps_4q": null,
            "eps_4q_growth_year": null,
            "roe": 1.52,
            "roe_4q": 7.19,
            "gross_profit": 73086,
            "gross_margin": 23.02,
            "gross_margin_4q_avg": 19.2,
            "net_income": 7698,
            "net_income_4q": null,
            "revenue": 317449,
            "revenue_4q": null,
            "common_shares": 328600,
            "book_valuer_per_share": 15.56,
            "book_valuer_per_share_4q_avg": 14.79,
            "equity": 511345,
            "current_ratio": 221.8,
            "debt_ratio": 36.57,
            "inventory_turnover_ratio": 0.81,
            "account_receivable_turnover_ratio": 2.17,
            "reinvestment_rate": null,
            "research_to_sale_ratio": null,
            "price_fair": 2.7,
            "eps_avg_yearly": 0.9,
            "eps_latest_yearly": 0.92,
            "eps_growth_yearly": -117.58
        },
        "20174": {
            "year_quarter": 20174,
            "year": 2017,
            "quarter": 4,
            "eps": 0.25,
            "eps_growth_year": null,
            "eps_4q": 1.24,
            "eps_4q_growth_year": null,
            "roe": 1.61,
            "roe_4q": 8.8,
            "gross_profit": 148084,
            "gross_margin": 23.87,
            "gross_margin_4q_avg": 25.17,
            "net_income": 8317,
            "net_income_4q": null,
            "revenue": 620469,
            "revenue_4q": null,
            "common_shares": 328600,
            "book_valuer_per_share": 15.79,
            "book_valuer_per_share_4q_avg": 15.27,
            "equity": 518997,
            "current_ratio": 153.25,
            "debt_ratio": 55.47,
            "inventory_turnover_ratio": 1.49,
            "account_receivable_turnover_ratio": 1.92,
            "reinvestment_rate": null,
            "research_to_sale_ratio": null,
            "price_fair": 2.8,
            "eps_avg_yearly": 0.93,
            "eps_latest_yearly": 1,
            "eps_growth_yearly": -66.79
        },
        "20181": {
            "year_quarter": 20181,
            "year": 2018,
            "quarter": 1,
            "eps": 0.4,
            "eps_growth_year": -33.33,
            "eps_4q": 1.1,
            "eps_4q_growth_year": null,
            "roe": 2.52,
            "roe_4q": 7.09,
            "gross_profit": 114267,
            "gross_margin": 27.34,
            "gross_margin_4q_avg": 25.14,
            "net_income": 13262,
            "net_income_4q": null,
            "revenue": 417928,
            "revenue_4q": null,
            "common_shares": 328600,
            "book_valuer_per_share": 16.22,
            "book_valuer_per_share_4q_avg": 15.72,
            "equity": 532853,
            "current_ratio": 196.75,
            "debt_ratio": 41.18,
            "inventory_turnover_ratio": 0.92,
            "account_receivable_turnover_ratio": 1.42,
            "reinvestment_rate": null,
            "research_to_sale_ratio": null,
            "price_fair": 21.9,
            "eps_avg_yearly": 1.1,
            "eps_latest_yearly": 1.6,
            "eps_growth_yearly": 9.91
        },
        "20182": {
            "year_quarter": 20182,
            "year": 2018,
            "quarter": 2,
            "eps": 0.27,
            "eps_growth_year": 22.73,
            "eps_4q": 1.16,
            "eps_4q_growth_year": null,
            "roe": 1.7,
            "roe_4q": 7.35,
            "gross_profit": 104611,
            "gross_margin": 26.5,
            "gross_margin_4q_avg": 25.18,
            "net_income": 8987,
            "net_income_4q": null,
            "revenue": 394789,
            "revenue_4q": null,
            "common_shares": 328600,
            "book_valuer_per_share": 15.91,
            "book_valuer_per_share_4q_avg": 15.87,
            "equity": 522717,
            "current_ratio": 171.14,
            "debt_ratio": 47.55,
            "inventory_turnover_ratio": 0.8,
            "account_receivable_turnover_ratio": 2.77,
            "reinvestment_rate": null,
            "research_to_sale_ratio": null,
            "price_fair": 3.29,
            "eps_avg_yearly": 1.1,
            "eps_latest_yearly": 1.08,
            "eps_growth_yearly": -18.07
        },
        "20183": {
            "year_quarter": 20183,
            "year": 2018,
            "quarter": 3,
            "eps": 0.07,
            "eps_growth_year": -69.57,
            "eps_4q": 1,
            "eps_4q_growth_year": null,
            "roe": 0.43,
            "roe_4q": 6.260000000000001,
            "gross_profit": 78559,
            "gross_margin": 22.34,
            "gross_margin_4q_avg": 25.01,
            "net_income": 2267,
            "net_income_4q": null,
            "revenue": 351587,
            "revenue_4q": null,
            "common_shares": 328600,
            "book_valuer_per_share": 16,
            "book_valuer_per_share_4q_avg": 15.98,
            "equity": 525604,
            "current_ratio": 163.75,
            "debt_ratio": 50.44,
            "inventory_turnover_ratio": 0.67,
            "account_receivable_turnover_ratio": 2.11,
            "reinvestment_rate": null,
            "research_to_sale_ratio": null,
            "price_fair": 2.88,
            "eps_avg_yearly": 0.96,
            "eps_latest_yearly": 0.28,
            "eps_growth_yearly": -64.44
        },
        "20184": {
            "year_quarter": 20184,
            "year": 2018,
            "quarter": 4,
            "eps": 0.61,
            "eps_growth_year": 139.05,
            "eps_4q": 1.35,
            "eps_4q_growth_year": 9.2,
            "roe": 3.72,
            "roe_4q": 8.370000000000001,
            "gross_profit": 174779,
            "gross_margin": 25.02,
            "gross_margin_4q_avg": 25.3,
            "net_income": 19882,
            "net_income_4q": null,
            "revenue": 698554,
            "revenue_4q": null,
            "common_shares": 328600,
            "book_valuer_per_share": 16.52,
            "book_valuer_per_share_4q_avg": 16.16,
            "equity": 542999,
            "current_ratio": 142.54,
            "debt_ratio": 60.76,
            "inventory_turnover_ratio": 1.21,
            "account_receivable_turnover_ratio": 2.18,
            "reinvestment_rate": null,
            "research_to_sale_ratio": null,
            "price_fair": 41,
            "eps_avg_yearly": 1.17,
            "eps_latest_yearly": 2.44,
            "eps_growth_yearly": 385.58
        },
        "20191": {
            "year_quarter": 20191,
            "year": 2019,
            "quarter": 1,
            "eps": 0.62,
            "eps_growth_year": 55,
            "eps_4q": 1.57,
            "eps_4q_growth_year": 42.97,
            "roe": 3.67,
            "roe_4q": 9.52,
            "gross_profit": 134242,
            "gross_margin": 26.96,
            "gross_margin_4q_avg": 25.21,
            "net_income": 20333,
            "net_income_4q": null,
            "revenue": 497957,
            "revenue_4q": null,
            "common_shares": 328600,
            "book_valuer_per_share": 17.16,
            "book_valuer_per_share_4q_avg": 16.4,
            "equity": 563926,
            "current_ratio": 179.61,
            "debt_ratio": 46.88,
            "inventory_turnover_ratio": 0.87,
            "account_receivable_turnover_ratio": 1.56,
            "reinvestment_rate": null,
            "research_to_sale_ratio": null,
            "price_fair": 46.73,
            "eps_avg_yearly": 1.34,
            "eps_latest_yearly": 2.48,
            "eps_growth_yearly": 338.2
        },
        "20192": {
            "year_quarter": 20192,
            "year": 2019,
            "quarter": 2,
            "eps": 0.38,
            "eps_growth_year": 40.74,
            "eps_4q": 1.67,
            "eps_4q_growth_year": 43.36,
            "roe": 2.22,
            "roe_4q": 10.040000000000001,
            "gross_profit": 118277,
            "gross_margin": 22.64,
            "gross_margin_4q_avg": 24.24,
            "net_income": 12372,
            "net_income_4q": null,
            "revenue": 522528,
            "revenue_4q": null,
            "common_shares": 328600,
            "book_valuer_per_share": 16.83,
            "book_valuer_per_share_4q_avg": 16.63,
            "equity": 553040,
            "current_ratio": 174.2,
            "debt_ratio": 48.32,
            "inventory_turnover_ratio": 0.99,
            "account_receivable_turnover_ratio": 2.76,
            "reinvestment_rate": null,
            "research_to_sale_ratio": null,
            "price_fair": 47.44,
            "eps_avg_yearly": 1.36,
            "eps_latest_yearly": 1.52,
            "eps_growth_yearly": 283.42
        },
        "20193": {
            "year_quarter": 20193,
            "year": 2019,
            "quarter": 3,
            "eps": 0.15,
            "eps_growth_year": 114.29,
            "eps_4q": 1.75,
            "eps_4q_growth_year": 75.16,
            "roe": 0.89,
            "roe_4q": 10.5,
            "gross_profit": 110392,
            "gross_margin": 22.85,
            "gross_margin_4q_avg": 24.37,
            "net_income": 4924,
            "net_income_4q": null,
            "revenue": 483179,
            "revenue_4q": null,
            "common_shares": 328600,
            "book_valuer_per_share": 16.98,
            "book_valuer_per_share_4q_avg": 16.87,
            "equity": 557996,
            "current_ratio": 166.99,
            "debt_ratio": 50.95,
            "inventory_turnover_ratio": 0.88,
            "account_receivable_turnover_ratio": 2.15,
            "reinvestment_rate": null,
            "research_to_sale_ratio": null,
            "price_fair": 44.8,
            "eps_avg_yearly": 1.28,
            "eps_latest_yearly": 0.6,
            "eps_growth_yearly": 230.87
        },
        "20194": {
            "year_quarter": 20194,
            "year": 2019,
            "quarter": 4,
            "eps": 1.07,
            "eps_growth_year": 77.35,
            "eps_4q": 2.22,
            "eps_4q_growth_year": 64.17,
            "roe": 6.13,
            "roe_4q": 12.91,
            "gross_profit": 208767,
            "gross_margin": 23.84,
            "gross_margin_4q_avg": 24.07,
            "net_income": 35261,
            "net_income_4q": null,
            "revenue": 875647,
            "revenue_4q": null,
            "common_shares": 328600,
            "book_valuer_per_share": 18.01,
            "book_valuer_per_share_4q_avg": 17.25,
            "equity": 591746,
            "current_ratio": 147.4,
            "debt_ratio": 59.31,
            "inventory_turnover_ratio": 1.51,
            "account_receivable_turnover_ratio": 2.42,
            "reinvestment_rate": null,
            "research_to_sale_ratio": null,
            "price_fair": 54.35,
            "eps_avg_yearly": 1.55,
            "eps_latest_yearly": 4.28,
            "eps_growth_yearly": 432.91
        },
        "20201": {
            "year_quarter": 20201,
            "year": 2020,
            "quarter": 1,
            "eps": 0.74,
            "eps_growth_year": 19.35,
            "eps_4q": 2.34,
            "eps_4q_growth_year": 49.28,
            "roe": 4.02,
            "roe_4q": 13.26,
            "gross_profit": 160757,
            "gross_margin": 27.01,
            "gross_margin_4q_avg": 24.09,
            "net_income": 24276,
            "net_income_4q": null,
            "revenue": 595265,
            "revenue_4q": null,
            "common_shares": 328600,
            "book_valuer_per_share": 18.75,
            "book_valuer_per_share_4q_avg": 17.64,
            "equity": 616259,
            "current_ratio": 181.26,
            "debt_ratio": 47.18,
            "inventory_turnover_ratio": 0.97,
            "account_receivable_turnover_ratio": 1.82,
            "reinvestment_rate": null,
            "research_to_sale_ratio": null,
            "price_fair": 58.45,
            "eps_avg_yearly": 1.67,
            "eps_latest_yearly": 2.96,
            "eps_growth_yearly": 386.55
        },
        "20202": {
            "year_quarter": 20202,
            "year": 2020,
            "quarter": 2,
            "eps": 0.76,
            "eps_growth_year": 100,
            "eps_4q": 2.72,
            "eps_4q_growth_year": 63.14,
            "roe": 4.15,
            "roe_4q": 15.190000000000001,
            "gross_profit": 163331,
            "gross_margin": 25.21,
            "gross_margin_4q_avg": 24.73,
            "net_income": 25030,
            "net_income_4q": null,
            "revenue": 647817,
            "revenue_4q": null,
            "common_shares": 328600,
            "book_valuer_per_share": 17.96,
            "book_valuer_per_share_4q_avg": 17.93,
            "equity": 590314,
            "current_ratio": 155.53,
            "debt_ratio": 52.69,
            "inventory_turnover_ratio": 1.05,
            "account_receivable_turnover_ratio": 3.54,
            "reinvestment_rate": null,
            "research_to_sale_ratio": null,
            "price_fair": 62.14,
            "eps_avg_yearly": 1.78,
            "eps_latest_yearly": 3.04,
            "eps_growth_yearly": 357.65
        },
        "20203": {
            "year_quarter": 20203,
            "year": 2020,
            "quarter": 3,
            "eps": 0.54,
            "eps_growth_year": 260,
            "eps_4q": 3.11,
            "eps_4q_growth_year": 77.78,
            "roe": 2.94,
            "roe_4q": 17.24,
            "gross_profit": 153590,
            "gross_margin": 23.87,
            "gross_margin_4q_avg": 24.98,
            "net_income": 17677,
            "net_income_4q": null,
            "revenue": 643566,
            "revenue_4q": null,
            "common_shares": 328600,
            "book_valuer_per_share": 18.61,
            "book_valuer_per_share_4q_avg": 18.33,
            "equity": 611642,
            "current_ratio": 164.6,
            "debt_ratio": 64.07,
            "inventory_turnover_ratio": 0.99,
            "account_receivable_turnover_ratio": 2.52,
            "reinvestment_rate": null,
            "research_to_sale_ratio": null,
            "price_fair": 63.1,
            "eps_avg_yearly": 1.8,
            "eps_latest_yearly": 2.16,
            "eps_growth_yearly": 323.83
        },
        "20204": {
            "year_quarter": 20204,
            "year": 2020,
            "quarter": 4,
            "eps": 1.11,
            "eps_growth_year": 3.56,
            "eps_4q": 3.15,
            "eps_4q_growth_year": 41.99,
            "roe": 5.81,
            "roe_4q": 16.92,
            "gross_profit": 242626,
            "gross_margin": 24.27,
            "gross_margin_4q_avg": 25.09,
            "net_income": 36517,
            "net_income_4q": null,
            "revenue": 999712,
            "revenue_4q": null,
            "common_shares": 328600,
            "book_valuer_per_share": 19.65,
            "book_valuer_per_share_4q_avg": 18.74,
            "equity": 645577,
            "current_ratio": 156.73,
            "debt_ratio": 65.97,
            "inventory_turnover_ratio": 1.54,
            "account_receivable_turnover_ratio": 2.75,
            "reinvestment_rate": 14.86,
            "research_to_sale_ratio": null,
            "price_fair": 69.25,
            "eps_avg_yearly": 1.98,
            "eps_latest_yearly": 4.44,
            "eps_growth_yearly": 330.39
        },
        "20211": {
            "year_quarter": 20211,
            "year": 2021,
            "quarter": 1,
            "eps": 0.89,
            "eps_growth_year": 20.27,
            "eps_4q": 3.3,
            "eps_4q_growth_year": 41.16,
            "roe": 4.56,
            "roe_4q": 17.46,
            "gross_profit": 195181,
            "gross_margin": 27.01,
            "gross_margin_4q_avg": 25.09,
            "net_income": 29236,
            "net_income_4q": null,
            "revenue": 722751,
            "revenue_4q": null,
            "common_shares": 328600,
            "book_valuer_per_share": 19.34,
            "book_valuer_per_share_4q_avg": 18.89,
            "equity": 635381,
            "current_ratio": 177.49,
            "debt_ratio": 59.91,
            "inventory_turnover_ratio": 1.03,
            "account_receivable_turnover_ratio": 2.44,
            "reinvestment_rate": 23.58,
            "research_to_sale_ratio": null,
            "price_fair": 72.71,
            "eps_avg_yearly": 2.08,
            "eps_latest_yearly": 3.56,
            "eps_growth_yearly": 304.79
        },
        "20212": {
            "year_quarter": 20212,
            "year": 2021,
            "quarter": 2,
            "eps": 0.56,
            "eps_growth_year": -26.32,
            "eps_4q": 2.78,
            "eps_4q_growth_year": 1.98,
            "roe": 2.84,
            "roe_4q": 16.15,
            "gross_profit": 171662,
            "gross_margin": 25.02,
            "gross_margin_4q_avg": 25.04,
            "net_income": 18329,
            "net_income_4q": null,
            "revenue": 686122,
            "revenue_4q": null,
            "common_shares": 328600,
            "book_valuer_per_share": 19.89,
            "book_valuer_per_share_4q_avg": 19.37,
            "equity": 653710,
            "current_ratio": 174.19,
            "debt_ratio": 59.98,
            "inventory_turnover_ratio": 0.89,
            "account_receivable_turnover_ratio": 4.11,
            "reinvestment_rate": 29.84,
            "research_to_sale_ratio": null,
            "price_fair": 75.69,
            "eps_avg_yearly": 2.16,
            "eps_latest_yearly": 2.24,
            "eps_growth_yearly": 311.35
        },
        "20213": {
            "year_quarter": 20213,
            "year": 2021,
            "quarter": 3,
            "eps": 0.22,
            "eps_growth_year": -59.26,
            "eps_4q": 2.51,
            "eps_4q_growth_year": -19.24,
            "roe": 1.2,
            "roe_4q": 14.41,
            "gross_profit": 142665,
            "gross_margin": 23.6,
            "gross_margin_4q_avg": 24.98,
            "net_income": 7983,
            "net_income_4q": null,
            "revenue": 604599,
            "revenue_4q": null,
            "common_shares": 328600,
            "book_valuer_per_share": 20.59,
            "book_valuer_per_share_4q_avg": 19.87,
            "equity": 676645,
            "current_ratio": 155.38,
            "debt_ratio": 64.6,
            "inventory_turnover_ratio": 0.7,
            "account_receivable_turnover_ratio": 2.62,
            "reinvestment_rate": 29.92,
            "research_to_sale_ratio": null,
            "price_fair": 75.6,
            "eps_avg_yearly": 2.16,
            "eps_latest_yearly": 0.88,
            "eps_growth_yearly": 295.04
        },
        "20214": {
            "year_quarter": 20214,
            "year": 2021,
            "quarter": 4,
            "eps": 1.68,
            "eps_growth_year": 51.36,
            "eps_4q": 3.2,
            "eps_4q_growth_year": 1.53,
            "roe": 8.7,
            "roe_4q": 17.299999999999997,
            "gross_profit": 299636,
            "gross_margin": 25.44,
            "gross_margin_4q_avg": 25.27,
            "net_income": 61640,
            "net_income_4q": null,
            "revenue": 1177844,
            "revenue_4q": null,
            "common_shares": 366448,
            "book_valuer_per_share": 20.2,
            "book_valuer_per_share_4q_avg": 20.01,
            "equity": 740332,
            "current_ratio": 119.05,
            "debt_ratio": 70.73,
            "inventory_turnover_ratio": 1.22,
            "account_receivable_turnover_ratio": 2.34,
            "reinvestment_rate": 25.91,
            "research_to_sale_ratio": null,
            "price_fair": 88.11,
            "eps_avg_yearly": 2.52,
            "eps_latest_yearly": 6.72,
            "eps_growth_yearly": 458.77
        },
        "20221": {
            "year_quarter": 20221,
            "year": 2022,
            "quarter": 1,
            "eps": 1.3,
            "eps_growth_year": 46.07,
            "eps_4q": 3.7,
            "eps_4q_growth_year": 12.08,
            "roe": 6.59,
            "roe_4q": 19.33,
            "gross_profit": 261173,
            "gross_margin": 28.82,
            "gross_margin_4q_avg": 25.72,
            "net_income": 47613,
            "net_income_4q": null,
            "revenue": 906113,
            "revenue_4q": null,
            "common_shares": 366448,
            "book_valuer_per_share": 19.25,
            "book_valuer_per_share_4q_avg": 19.98,
            "equity": 705494,
            "current_ratio": 118.92,
            "debt_ratio": 66.81,
            "inventory_turnover_ratio": 0.84,
            "account_receivable_turnover_ratio": 1.9,
            "reinvestment_rate": 22.34,
            "research_to_sale_ratio": null,
            "price_fair": 95.99,
            "eps_avg_yearly": 2.74,
            "eps_latest_yearly": 5.2,
            "eps_growth_yearly": 438.12
        },
        "20222": {
            "year_quarter": 20222,
            "year": 2022,
            "quarter": 2,
            "eps": 0.64,
            "eps_growth_year": 14.29,
            "eps_4q": 3.83,
            "eps_4q_growth_year": 38.04,
            "roe": 3.27,
            "roe_4q": 19.759999999999998,
            "gross_profit": 220621,
            "gross_margin": 25.15,
            "gross_margin_4q_avg": 25.75,
            "net_income": 23474,
            "net_income_4q": null,
            "revenue": 877365,
            "revenue_4q": null,
            "common_shares": 367008,
            "book_valuer_per_share": 19.91,
            "book_valuer_per_share_4q_avg": 19.99,
            "equity": 730841,
            "current_ratio": 117.17,
            "debt_ratio": 65.87,
            "inventory_turnover_ratio": 0.76,
            "account_receivable_turnover_ratio": 3.49,
            "reinvestment_rate": 42.9,
            "research_to_sale_ratio": null,
            "price_fair": 99.23,
            "eps_avg_yearly": 2.84,
            "eps_latest_yearly": 2.56,
            "eps_growth_yearly": 433.55
        },
        "20223": {
            "year_quarter": 20223,
            "year": 2022,
            "quarter": 3,
            "eps": 0.25,
            "eps_growth_year": 13.64,
            "eps_4q": 3.81,
            "eps_4q_growth_year": 51.52,
            "roe": 1.22,
            "roe_4q": 19.78,
            "gross_profit": 190382,
            "gross_margin": 24.04,
            "gross_margin_4q_avg": 25.86,
            "net_income": 9094,
            "net_income_4q": null,
            "revenue": 792074,
            "revenue_4q": null,
            "common_shares": 372488,
            "book_valuer_per_share": 20.33,
            "book_valuer_per_share_4q_avg": 19.92,
            "equity": 757229,
            "current_ratio": 112.64,
            "debt_ratio": 68.22,
            "inventory_turnover_ratio": 0.64,
            "account_receivable_turnover_ratio": 2.86,
            "reinvestment_rate": 42.81,
            "research_to_sale_ratio": null,
            "price_fair": 100.8,
            "eps_avg_yearly": 2.88,
            "eps_latest_yearly": 1,
            "eps_growth_yearly": 436.83
        },
        "20224": {
            "year_quarter": 20224,
            "year": 2022,
            "quarter": 4,
            "eps": 1.6,
            "eps_growth_year": -4.89,
            "eps_4q": 3.73,
            "eps_4q_growth_year": 16.64,
            "roe": 7.59,
            "roe_4q": 18.67,
            "gross_profit": 329020,
            "gross_margin": 26.79,
            "gross_margin_4q_avg": 26.2,
            "net_income": 60214,
            "net_income_4q": null,
            "revenue": 1228331,
            "revenue_4q": null,
            "common_shares": 376375,
            "book_valuer_per_share": 22.06,
            "book_valuer_per_share_4q_avg": 20.39,
            "equity": 830228,
            "current_ratio": 113.78,
            "debt_ratio": 71.29,
            "inventory_turnover_ratio": 0.96,
            "account_receivable_turnover_ratio": 2.41,
            "reinvestment_rate": 52.74,
            "research_to_sale_ratio": null,
            "price_fair": 109.46,
            "eps_avg_yearly": 3.13,
            "eps_latest_yearly": 6.4,
            "eps_growth_yearly": 378.98
        },
        "20231": {
            "year_quarter": 20231,
            "year": 2023,
            "quarter": 1,
            "eps": 0.67,
            "eps_growth_year": -48.46,
            "eps_4q": 3.11,
            "eps_4q_growth_year": -15.92,
            "roe": 3.06,
            "roe_4q": 15.14,
            "gross_profit": 241389,
            "gross_margin": 26.25,
            "gross_margin_4q_avg": 25.56,
            "net_income": 25167,
            "net_income_4q": null,
            "revenue": 919631,
            "revenue_4q": null,
            "common_shares": 379197,
            "book_valuer_per_share": 21.5,
            "book_valuer_per_share_4q_avg": 20.95,
            "equity": 815415,
            "current_ratio": 113.92,
            "debt_ratio": 65.48,
            "inventory_turnover_ratio": 0.72,
            "account_receivable_turnover_ratio": 1.9,
            "reinvestment_rate": 55.83,
            "research_to_sale_ratio": null,
            "price_fair": 109.9,
            "eps_avg_yearly": 3.14,
            "eps_latest_yearly": 2.68,
            "eps_growth_yearly": 364.03
        },
        "20232": {
            "year_quarter": 20232,
            "year": 2023,
            "quarter": 2,
            "eps": 0.51,
            "eps_growth_year": -20.31,
            "eps_4q": 2.98,
            "eps_4q_growth_year": -22.24,
            "roe": 2.33,
            "roe_4q": 14.200000000000001,
            "gross_profit": 238332,
            "gross_margin": 23.79,
            "gross_margin_4q_avg": 25.22,
            "net_income": 19338,
            "net_income_4q": null,
            "revenue": 1001943,
            "revenue_4q": null,
            "common_shares": 381767,
            "book_valuer_per_share": 22.08,
            "book_valuer_per_share_4q_avg": 21.49,
            "equity": 842936,
            "current_ratio": 114.83,
            "debt_ratio": 63.95,
            "inventory_turnover_ratio": 0.83,
            "account_receivable_turnover_ratio": 3.92,
            "reinvestment_rate": 68.21,
            "research_to_sale_ratio": null,
            "price_fair": 111.04,
            "eps_avg_yearly": 3.17,
            "eps_latest_yearly": 2.04,
            "eps_growth_yearly": 367.74
        },
        "20233": {
            "year_quarter": 20233,
            "year": 2023,
            "quarter": 3,
            "eps": 0.27,
            "eps_growth_year": 8,
            "eps_4q": 2.91,
            "eps_4q_growth_year": -23.63,
            "roe": 1.19,
            "roe_4q": 14.17,
            "gross_profit": 194554,
            "gross_margin": 23.31,
            "gross_margin_4q_avg": 25.04,
            "net_income": 10376,
            "net_income_4q": null,
            "revenue": 834712,
            "revenue_4q": null,
            "common_shares": 395836,
            "book_valuer_per_share": 22.65,
            "book_valuer_per_share_4q_avg": 22.07,
            "equity": 896511,
            "current_ratio": 122.55,
            "debt_ratio": 64.69,
            "inventory_turnover_ratio": 0.72,
            "account_receivable_turnover_ratio": 2.34,
            "reinvestment_rate": 69.95,
            "research_to_sale_ratio": null,
            "price_fair": 112.09,
            "eps_avg_yearly": 3.2,
            "eps_latest_yearly": 1.08,
            "eps_growth_yearly": 371.11
        }
    },
    "months": {
        "2016-03": {
            "month": "2016-03",
            "price": "22.90",
            "revenue": 70635
        },
        "2016-04": {
            "month": "2016-04",
            "price": "18.30",
            "revenue": 86637
        },
        "2016-05": {
            "month": "2016-05",
            "price": "19.94",
            "revenue": 105917
        },
        "2016-06": {
            "month": "2016-06",
            "price": "22.23",
            "revenue": 99490
        },
        "2016-07": {
            "month": "2016-07",
            "price": "22.94",
            "revenue": 118071
        },
        "2016-08": {
            "month": "2016-08",
            "price": "23.30",
            "revenue": 96521
        },
        "2016-09": {
            "month": "2016-09",
            "price": "22.46",
            "revenue": 74195
        },
        "2016-10": {
            "month": "2016-10",
            "price": "25.34",
            "revenue": 158813
        },
        "2016-11": {
            "month": "2016-11",
            "price": "27.69",
            "revenue": 192453
        },
        "2016-12": {
            "month": "2016-12",
            "price": "29.19",
            "revenue": 188509
        },
        "2017-01": {
            "month": "2017-01",
            "price": "29.09",
            "revenue": 153783
        },
        "2017-02": {
            "month": "2017-02",
            "price": "29.64",
            "revenue": 90838
        },
        "2017-03": {
            "month": "2017-03",
            "price": "32.04",
            "revenue": 94363
        },
        "2017-04": {
            "month": "2017-04",
            "price": "33.42",
            "revenue": 97328
        },
        "2017-05": {
            "month": "2017-05",
            "price": "33.45",
            "revenue": 131649
        },
        "2017-06": {
            "month": "2017-06",
            "price": "27.48",
            "revenue": 102190
        },
        "2017-07": {
            "month": "2017-07",
            "price": "22.53",
            "revenue": 115548
        },
        "2017-08": {
            "month": "2017-08",
            "price": "21.35",
            "revenue": 111785
        },
        "2017-09": {
            "month": "2017-09",
            "price": "20.97",
            "revenue": 90115
        },
        "2017-10": {
            "month": "2017-10",
            "price": "21.11",
            "revenue": 171883
        },
        "2017-11": {
            "month": "2017-11",
            "price": "20.86",
            "revenue": 217203
        },
        "2017-12": {
            "month": "2017-12",
            "price": "20.65",
            "revenue": 225988
        },
        "2018-01": {
            "month": "2018-01",
            "price": "20.83",
            "revenue": 166018
        },
        "2018-02": {
            "month": "2018-02",
            "price": "20.47",
            "revenue": 157131
        },
        "2018-03": {
            "month": "2018-03",
            "price": "20.72",
            "revenue": 94780
        },
        "2018-04": {
            "month": "2018-04",
            "price": "20.30",
            "revenue": 116282
        },
        "2018-05": {
            "month": "2018-05",
            "price": "20.07",
            "revenue": 161067
        },
        "2018-06": {
            "month": "2018-06",
            "price": "20.05",
            "revenue": 117440
        },
        "2018-07": {
            "month": "2018-07",
            "price": "19.59",
            "revenue": 125401
        },
        "2018-08": {
            "month": "2018-08",
            "price": "18.67",
            "revenue": 120685
        },
        "2018-09": {
            "month": "2018-09",
            "price": "17.31",
            "revenue": 105501
        },
        "2018-10": {
            "month": "2018-10",
            "price": "16.96",
            "revenue": 220277
        },
        "2018-11": {
            "month": "2018-11",
            "price": "15.65",
            "revenue": 249741
        },
        "2018-12": {
            "month": "2018-12",
            "price": "16.84",
            "revenue": 228536
        },
        "2019-01": {
            "month": "2019-01",
            "price": "17.43",
            "revenue": 242652
        },
        "2019-02": {
            "month": "2019-02",
            "price": "17.88",
            "revenue": 125249
        },
        "2019-03": {
            "month": "2019-03",
            "price": "17.51",
            "revenue": 130056
        },
        "2019-04": {
            "month": "2019-04",
            "price": "17.79",
            "revenue": 172119
        },
        "2019-05": {
            "month": "2019-05",
            "price": "19.47",
            "revenue": 202862
        },
        "2019-06": {
            "month": "2019-06",
            "price": "21.66",
            "revenue": 147548
        },
        "2019-07": {
            "month": "2019-07",
            "price": "22.05",
            "revenue": 182351
        },
        "2019-08": {
            "month": "2019-08",
            "price": "21.60",
            "revenue": 156609
        },
        "2019-09": {
            "month": "2019-09",
            "price": "21.72",
            "revenue": 144219
        },
        "2019-10": {
            "month": "2019-10",
            "price": "21.48",
            "revenue": 274364
        },
        "2019-11": {
            "month": "2019-11",
            "price": "21.76",
            "revenue": 310221
        },
        "2019-12": {
            "month": "2019-12",
            "price": "22.79",
            "revenue": 291062
        },
        "2020-01": {
            "month": "2020-01",
            "price": "23.42",
            "revenue": 231479
        },
        "2020-02": {
            "month": "2020-02",
            "price": "23.36",
            "revenue": 173765
        },
        "2020-03": {
            "month": "2020-03",
            "price": "22.62",
            "revenue": 190019
        },
        "2020-04": {
            "month": "2020-04",
            "price": "23.62",
            "revenue": 224721
        },
        "2020-05": {
            "month": "2020-05",
            "price": "26.40",
            "revenue": 237295
        },
        "2020-06": {
            "month": "2020-06",
            "price": "32.44",
            "revenue": 185800
        },
        "2020-07": {
            "month": "2020-07",
            "price": "31.77",
            "revenue": 242066
        },
        "2020-08": {
            "month": "2020-08",
            "price": "33.50",
            "revenue": 209312
        },
        "2020-09": {
            "month": "2020-09",
            "price": "32.28",
            "revenue": 192187
        },
        "2020-10": {
            "month": "2020-10",
            "price": "31.85",
            "revenue": 329105
        },
        "2020-11": {
            "month": "2020-11",
            "price": "32.35",
            "revenue": 332937
        },
        "2020-12": {
            "month": "2020-12",
            "price": "32.59",
            "revenue": 337670
        },
        "2021-01": {
            "month": "2021-01",
            "price": "32.53",
            "revenue": 301207
        },
        "2021-02": {
            "month": "2021-02",
            "price": "33.03",
            "revenue": 224603
        },
        "2021-03": {
            "month": "2021-03",
            "price": "37.82",
            "revenue": 196941
        },
        "2021-04": {
            "month": "2021-04",
            "price": "39.86",
            "revenue": 227386
        },
        "2021-05": {
            "month": "2021-05",
            "price": "37.16",
            "revenue": 255359
        },
        "2021-06": {
            "month": "2021-06",
            "price": "36.45",
            "revenue": 203377
        },
        "2021-07": {
            "month": "2021-07",
            "price": "36.38",
            "revenue": 190003
        },
        "2021-08": {
            "month": "2021-08",
            "price": "36.65",
            "revenue": 215438
        },
        "2021-09": {
            "month": "2021-09",
            "price": "39.50",
            "revenue": 197842
        },
        "2021-10": {
            "month": "2021-10",
            "price": "38.06",
            "revenue": 343374
        },
        "2021-11": {
            "month": "2021-11",
            "price": "37.90",
            "revenue": 408656
        },
        "2021-12": {
            "month": "2021-12",
            "price": "36.37",
            "revenue": 427131
        },
        "2022-01": {
            "month": "2022-01",
            "price": "36.45",
            "revenue": 405655
        },
        "2022-02": {
            "month": "2022-02",
            "price": "36.50",
            "revenue": 223377
        },
        "2022-03": {
            "month": "2022-03",
            "price": "37.56",
            "revenue": 277081
        },
        "2022-04": {
            "month": "2022-04",
            "price": "37.03",
            "revenue": 274897
        },
        "2022-05": {
            "month": "2022-05",
            "price": "37.58",
            "revenue": 312594
        },
        "2022-06": {
            "month": "2022-06",
            "price": "38.67",
            "revenue": 289874
        },
        "2022-07": {
            "month": "2022-07",
            "price": "38.22",
            "revenue": 297502
        },
        "2022-08": {
            "month": "2022-08",
            "price": "37.46",
            "revenue": 256929
        },
        "2022-09": {
            "month": "2022-09",
            "price": "37.74",
            "revenue": 237643
        },
        "2022-10": {
            "month": "2022-10",
            "price": "36.88",
            "revenue": 379021
        },
        "2022-11": {
            "month": "2022-11",
            "price": "36.30",
            "revenue": 429103
        },
        "2022-12": {
            "month": "2022-12",
            "price": "36.84",
            "revenue": 420208
        },
        "2023-01": {
            "month": "2023-01",
            "price": "36.18",
            "revenue": 339916
        },
        "2023-02": {
            "month": "2023-02",
            "price": "36.84",
            "revenue": 288702
        },
        "2023-03": {
            "month": "2023-03",
            "price": "35.57",
            "revenue": 291013
        },
        "2023-04": {
            "month": "2023-04",
            "price": "34.43",
            "revenue": 302908
        },
        "2023-05": {
            "month": "2023-05",
            "price": "33.78",
            "revenue": 395554
        },
        "2023-06": {
            "month": "2023-06",
            "price": "33.81",
            "revenue": 303481
        },
        "2023-07": {
            "month": "2023-07",
            "price": "32.78",
            "revenue": 286271
        },
        "2023-08": {
            "month": "2023-08",
            "price": "30.20",
            "revenue": 297450
        },
        "2023-09": {
            "month": "2023-09",
            "price": "30.72",
            "revenue": 250991
        },
        "2023-10": {
            "month": "2023-10",
            "price": "30.50",
            "revenue": 412928
        },
        "2023-11": {
            "month": "2023-11",
            "price": "30.36",
            "revenue": 449778
        },
        "2023-12": {
            "month": "2023-12",
            "price": "31.97",
            "revenue": 444705
        }
    }
}
