{
    "summary": {
        "stock_name": "歐格",
        "stock_id": "3002",
        "category": "電腦及週邊設備",
        "main_business": "電源及雲端智慧管理裝置<br>電路保護元件<br>博弈機觸控螢幕及周邊設備",
        "website_url": "http://www.ahoku.com.tw",
        "ceo": "李廣浩",
        "pe_ratio": -407,
        "report_year_from": 2001,
        "report_year_to": 2023,
        "age": 22,
        "eps_negative_percentage": 28,
        "eps_growth_avg": {
            "last_all": -7.56,
            "last_2y": -56.92,
            "last_4y": -71.28,
            "last_8y": -20.04,
            "last_12y": -16.98,
            "last_16y": -10.89,
            "last_20y": -7.56,
            "at_2006_last_3y": 20.81,
            "at_2007_last_3y": 2.09,
            "at_2008_last_3y": -6.83,
            "at_2009_last_3y": 5.83,
            "at_2010_last_3y": -8.63,
            "at_2011_last_3y": -27.81,
            "at_2012_last_3y": 5.48,
            "at_2013_last_3y": -11.62,
            "at_2014_last_3y": 13.5,
            "at_2015_last_3y": 24.63,
            "at_2016_last_3y": 10.61,
            "at_2017_last_3y": 18.39,
            "at_2018_last_3y": -19.61,
            "at_2019_last_3y": -10.79,
            "at_2020_last_3y": -30.04,
            "at_2021_last_3y": -71.28,
            "at_2022_last_3y": -56.92,
            "at_2023_last_3y": -56.92,
            "at_2006_last_all": 5.82,
            "at_2007_last_all": 2.54,
            "at_2008_last_all": -2.56,
            "at_2009_last_all": 5.38,
            "at_2010_last_all": -0.6,
            "at_2011_last_all": -9.6,
            "at_2012_last_all": 0.36,
            "at_2013_last_all": -0.28,
            "at_2014_last_all": 3.74,
            "at_2015_last_all": 0.18,
            "at_2016_last_all": 3.1,
            "at_2017_last_all": 4.39,
            "at_2018_last_all": -1.75,
            "at_2019_last_all": -1.75,
            "at_2020_last_all": -2.43,
            "at_2021_last_all": -7.56,
            "at_2022_last_all": -7.56,
            "at_2023_last_all": -7.56
        },
        "latest_eps": -0.03,
        "latest_price": 12.2,
        "latest_roe": -0.13,
        "latest_gross_margin": 21.66,
        "latest_equity": 1348868,
        "latest_revenue": 152396,
        "latest_gross_profit": 33005,
        "latest_net_income": -14946,
        "latest_debt_ratio": 26.18,
        "latest_current_ratio": 974.03,
        "latest_account_receivable_turnover_ratio": 0.9,
        "latest_inventory_turnover_ratio": 0.5,
        "latest_reinvestment_rate": -61.84,
        "latest_research_to_sale_ratio": 6.5
    },
    "eps_dividends": {
        "2000": {
            "cash": 0,
            "stock": 3,
            "eps": 0
        },
        "2001": {
            "cash": 0,
            "stock": 3,
            "eps": 2.68
        },
        "2002": {
            "cash": 0,
            "stock": 2,
            "eps": 1.23
        },
        "2003": {
            "cash": 0,
            "stock": 1,
            "eps": 1.98
        },
        "2004": {
            "cash": 0,
            "stock": 1,
            "eps": 2.03
        },
        "2005": {
            "cash": 0,
            "stock": 1,
            "eps": 2.24
        },
        "2006": {
            "cash": 1,
            "stock": 1,
            "eps": 2.45
        },
        "2007": {
            "cash": 1,
            "stock": 1,
            "eps": 2.11
        },
        "2008": {
            "cash": 1,
            "stock": 1,
            "eps": 1.41
        },
        "2009": {
            "cash": 1,
            "stock": 0,
            "eps": 2.27
        },
        "2010": {
            "cash": 2,
            "stock": 0,
            "eps": 1.17
        },
        "2011": {
            "cash": 1,
            "stock": 0,
            "eps": 0.11
        },
        "2012": {
            "cash": 0,
            "stock": 0,
            "eps": 0.54
        },
        "2013": {
            "cash": 0,
            "stock": 0,
            "eps": 0.5
        },
        "2014": {
            "cash": 1,
            "stock": 0,
            "eps": 0.76
        },
        "2015": {
            "cash": 1,
            "stock": 0,
            "eps": 0.41
        },
        "2016": {
            "cash": 0,
            "stock": 0,
            "eps": 0.59
        },
        "2017": {
            "cash": 1,
            "stock": 0,
            "eps": 0.73
        },
        "2018": {
            "cash": 0,
            "stock": 0,
            "eps": -0.27
        },
        "2019": {
            "cash": 0,
            "stock": 0,
            "eps": 0.65
        },
        "2020": {
            "cash": 0,
            "stock": 0,
            "eps": 0.56
        },
        "2021": {
            "cash": 0,
            "stock": 0,
            "eps": -0.02
        },
        "2022": {
            "cash": 0,
            "stock": 0,
            "eps": 0.06
        },
        "2023": {
            "cash": 0,
            "stock": 0,
            "eps": -0.15
        }
    },
    "dividends": {
        "2000-06-09": {
            "cash": 0,
            "stock": 3.4
        },
        "2001-05-08": {
            "cash": 0,
            "stock": 2.6
        },
        "2002-05-31": {
            "cash": 0,
            "stock": 2
        },
        "2003-03-13": {
            "cash": 0,
            "stock": 1
        },
        "2004-04-15": {
            "cash": 0.32,
            "stock": 1.27
        },
        "2005-03-08": {
            "cash": 0.4,
            "stock": 0.8
        },
        "2006-03-23": {
            "cash": 0.5,
            "stock": 1
        },
        "2007-03-14": {
            "cash": 1.3,
            "stock": 0.5
        },
        "2008-03-20": {
            "cash": 1.3,
            "stock": 0.5
        },
        "2009-03-26": {
            "cash": 1,
            "stock": 0
        },
        "2010-04-29": {
            "cash": 1.8,
            "stock": 0
        },
        "2011-01-01": {
            "cash": 0.3,
            "stock": 0
        },
        "2011-03-15": {
            "cash": 0.6,
            "stock": 0
        },
        "2013-03-13": {
            "cash": 0.4,
            "stock": 0
        },
        "2014-09-25": {
            "cash": 1,
            "stock": 0
        },
        "2015-09-24": {
            "cash": 0.8,
            "stock": 0
        },
        "2016-09-20": {
            "cash": 0.35,
            "stock": 0
        },
        "2017-09-27": {
            "cash": 0.5,
            "stock": 0
        },
        "2018-09-21": {
            "cash": 0.25,
            "stock": 0
        },
        "2020-09-18": {
            "cash": 0.47,
            "stock": 0
        },
        "2021-09-23": {
            "cash": 0.1,
            "stock": 0
        },
        "2023-03-14": {
            "cash": 0.15,
            "stock": 0
        }
    },
    "prices": {
        "200101": "無",
        "200102": "無",
        "200103": "無",
        "200104": "無",
        "200105": "無",
        "200106": "無",
        "200107": "無",
        "200108": "無",
        "200109": "無",
        "200110": "無",
        "200111": "無",
        "200112": "無",
        "200201": "47.86",
        "200202": "48.41",
        "200203": "40.61",
        "200204": "37.86",
        "200205": "33.37",
        "200206": "31.16",
        "200207": "27.73",
        "200208": "25.41",
        "200209": "21.58",
        "200210": "17.81",
        "200211": "17.29",
        "200212": "17.28",
        "200301": "17.68",
        "200302": "17.63",
        "200303": "20.41",
        "200304": "20.57",
        "200305": "23.66",
        "200306": "28.36",
        "200307": "26.75",
        "200308": "24.21",
        "200309": "23.21",
        "200310": "22.79",
        "200311": "23.58",
        "200312": "23.40",
        "200401": "25.49",
        "200402": "28.06",
        "200403": "27.17",
        "200404": "27.24",
        "200405": "23.90",
        "200406": "21.84",
        "200407": "18.94",
        "200408": "16.35",
        "200409": "15.82",
        "200410": "16.60",
        "200411": "16.30",
        "200412": "16.48",
        "200501": "16.76",
        "200502": "19.20",
        "200503": "18.65",
        "200504": "16.69",
        "200505": "15.62",
        "200506": "16.36",
        "200507": "18.34",
        "200508": "17.40",
        "200509": "16.72",
        "200510": "15.81",
        "200511": "15.44",
        "200512": "17.30",
        "200601": "18.95",
        "200602": "23.38",
        "200603": "24.17",
        "200604": "27.06",
        "200605": "29.23",
        "200606": "26.93",
        "200607": "25.47",
        "200608": "23.22",
        "200609": "22.44",
        "200610": "22.68",
        "200611": "21.85",
        "200612": "22.75",
        "200701": "25.50",
        "200702": "24.81",
        "200703": "26.38",
        "200704": "30.69",
        "200705": "31.22",
        "200706": "29.71",
        "200707": "35.55",
        "200708": "31.07",
        "200709": "26.61",
        "200710": "24.20",
        "200711": "21.52",
        "200712": "19.99",
        "200801": "18.52",
        "200802": "17.26",
        "200803": "18.05",
        "200804": "18.89",
        "200805": "20.06",
        "200806": "19.06",
        "200807": "16.80",
        "200808": "17.64",
        "200809": "13.33",
        "200810": "11.49",
        "200811": "10.88",
        "200812": "10.07",
        "200901": "10.00",
        "200902": "10.61",
        "200903": "12.03",
        "200904": "13.99",
        "200905": "14.13",
        "200906": "13.39",
        "200907": "14.55",
        "200908": "17.06",
        "200909": "23.85",
        "200910": "24.50",
        "200911": "23.25",
        "200912": "25.67",
        "201001": "25.90",
        "201002": "23.25",
        "201003": "23.87",
        "201004": "26.32",
        "201005": "22.42",
        "201006": "21.36",
        "201007": "22.14",
        "201008": "21.33",
        "201009": "18.54",
        "201010": "18.25",
        "201011": "16.68",
        "201012": "17.37",
        "201101": "17.27",
        "201102": "16.61",
        "201103": "15.96",
        "201104": "15.64",
        "201105": "14.84",
        "201106": "14.03",
        "201107": "13.22",
        "201108": "11.35",
        "201109": "10.49",
        "201110": "10.22",
        "201111": "10.10",
        "201112": "9.49",
        "201201": "9.42",
        "201202": "10.89",
        "201203": "11.65",
        "201204": "10.04",
        "201205": "11.05",
        "201206": "11.75",
        "201207": "11.20",
        "201208": "11.19",
        "201209": "10.93",
        "201210": "10.58",
        "201211": "10.26",
        "201212": "10.46",
        "201301": "11.38",
        "201302": "11.29",
        "201303": "10.78",
        "201304": "10.28",
        "201305": "10.39",
        "201306": "10.31",
        "201307": "10.18",
        "201308": "10.29",
        "201309": "10.03",
        "201310": "10.88",
        "201311": "10.57",
        "201312": "11.10",
        "201401": "12.31",
        "201402": "16.68",
        "201403": "16.84",
        "201404": "18.36",
        "201405": "16.20",
        "201406": "15.91",
        "201407": "16.41",
        "201408": "15.72",
        "201409": "14.33",
        "201410": "12.61",
        "201411": "13.61",
        "201412": "14.12",
        "201501": "14.76",
        "201502": "15.02",
        "201503": "14.87",
        "201504": "14.18",
        "201505": "13.97",
        "201506": "12.45",
        "201507": "11.80",
        "201508": "11.26",
        "201509": "10.45",
        "201510": "11.22",
        "201511": "10.64",
        "201512": "10.22",
        "201601": "10.38",
        "201602": "10.35",
        "201603": "10.19",
        "201604": "10.41",
        "201605": "10.03",
        "201606": "10.02",
        "201607": "10.27",
        "201608": "10.34",
        "201609": "10.19",
        "201610": "10.02",
        "201611": "9.96",
        "201612": "10.40",
        "201701": "10.54",
        "201702": "10.88",
        "201703": "11.66",
        "201704": "11.76",
        "201705": "14.36",
        "201706": "14.47",
        "201707": "14.82",
        "201708": "13.89",
        "201709": "13.44",
        "201710": "13.86",
        "201711": "13.53",
        "201712": "13.19",
        "201801": "13.39",
        "201802": "12.77",
        "201803": "12.77",
        "201804": "12.43",
        "201805": "10.69",
        "201806": "10.64",
        "201807": "10.61",
        "201808": "10.62",
        "201809": "10.56",
        "201810": "10.18",
        "201811": "10.05",
        "201812": "9.86",
        "201901": "9.41",
        "201902": "9.84",
        "201903": "9.83",
        "201904": "9.87",
        "201905": "10.04",
        "201906": "9.99",
        "201907": "10.23",
        "201908": "10.65",
        "201909": "10.73",
        "201910": "10.81",
        "201911": "10.87",
        "201912": "11.43",
        "202001": "11.65",
        "202002": "10.33",
        "202003": "9.57",
        "202004": "10.23",
        "202005": "10.49",
        "202006": "10.88",
        "202007": "11.42",
        "202008": "11.32",
        "202009": "11.15",
        "202010": "12.09",
        "202011": "12.49",
        "202012": "13.42",
        "202101": "12.16",
        "202102": "11.30",
        "202103": "11.84",
        "202104": "13.21",
        "202105": "12.06",
        "202106": "11.87",
        "202107": "12.46",
        "202108": "12.13",
        "202109": "11.06",
        "202110": "10.97",
        "202111": "11.74",
        "202112": "12.45",
        "202201": "12.26",
        "202202": "11.73",
        "202203": "11.78",
        "202204": "12.02",
        "202205": "11.75",
        "202206": "12.66",
        "202207": "11.84",
        "202208": "13.20",
        "202209": "12.47",
        "202210": "11.56",
        "202211": "11.62",
        "202212": "11.60",
        "202301": "11.34",
        "202302": "11.74",
        "202303": "11.97",
        "202304": "12.37",
        "202305": "12.38"
    },
    "quarters": {
        "20011": {
            "year_quarter": 20011,
            "year": 2001,
            "quarter": 1,
            "eps": 0.66,
            "eps_growth_year": -4.35,
            "eps_4q": 2.78,
            "eps_4q_growth_year": null,
            "roe": 4.74,
            "gross_profit": 30088,
            "gross_margin": 24.01,
            "net_income": 26686,
            "revenue": 125300,
            "common_shares": 405000,
            "equity": 575507,
            "current_ratio": 325.54,
            "debt_ratio": 20.49,
            "inventory_turnover_ratio": 3.15,
            "account_receivable_turnover_ratio": null,
            "reinvestment_rate": null,
            "research_to_sale_ratio": null,
            "price_fair": 0,
            "eps_avg_yearly": 0,
            "eps_latest_yearly": 0,
            "eps_growth_yearly": 0
        },
        "20012": {
            "year_quarter": 20012,
            "year": 2001,
            "quarter": 2,
            "eps": 0.82,
            "eps_growth_year": 18.84,
            "eps_4q": 2.47,
            "eps_4q_growth_year": null,
            "roe": 6.97,
            "gross_profit": 26885,
            "gross_margin": 23.77,
            "net_income": 41980,
            "revenue": 113096,
            "common_shares": 405000,
            "equity": 629025,
            "current_ratio": 384.7,
            "debt_ratio": 18.25,
            "inventory_turnover_ratio": 7.8,
            "account_receivable_turnover_ratio": null,
            "reinvestment_rate": null,
            "research_to_sale_ratio": null,
            "price_fair": 0,
            "eps_avg_yearly": 0,
            "eps_latest_yearly": 0,
            "eps_growth_yearly": 0
        },
        "20013": {
            "year_quarter": 20013,
            "year": 2001,
            "quarter": 3,
            "eps": 0.79,
            "eps_growth_year": 5.33,
            "eps_4q": 2.67,
            "eps_4q_growth_year": -1.81,
            "roe": 6.21,
            "gross_profit": 32364,
            "gross_margin": 22.94,
            "net_income": 40361,
            "revenue": 141103,
            "common_shares": 513000,
            "equity": 670112,
            "current_ratio": 386.25,
            "debt_ratio": 18.44,
            "inventory_turnover_ratio": 9.38,
            "account_receivable_turnover_ratio": null,
            "reinvestment_rate": null,
            "research_to_sale_ratio": null,
            "price_fair": 0,
            "eps_avg_yearly": 0,
            "eps_latest_yearly": 0,
            "eps_growth_yearly": 0
        },
        "20014": {
            "year_quarter": 20014,
            "year": 2001,
            "quarter": 4,
            "eps": 0.41,
            "eps_growth_year": -38.81,
            "eps_4q": 2.52,
            "eps_4q_growth_year": -3.39,
            "roe": 3.1,
            "gross_profit": 25834,
            "gross_margin": 23.09,
            "net_income": 21147,
            "revenue": 111881,
            "common_shares": 513000,
            "equity": 695359,
            "current_ratio": 835.58,
            "debt_ratio": 18.52,
            "inventory_turnover_ratio": 3.23,
            "account_receivable_turnover_ratio": null,
            "reinvestment_rate": null,
            "research_to_sale_ratio": null,
            "price_fair": 0,
            "eps_avg_yearly": 0,
            "eps_latest_yearly": 0,
            "eps_growth_yearly": 0
        },
        "20021": {
            "year_quarter": 20021,
            "year": 2002,
            "quarter": 1,
            "eps": 0.42,
            "eps_growth_year": -36.36,
            "eps_4q": 2.45,
            "eps_4q_growth_year": -11.94,
            "roe": 3.04,
            "gross_profit": 23612,
            "gross_margin": 22.96,
            "net_income": 21462,
            "revenue": 102832,
            "common_shares": 513000,
            "equity": 717250,
            "current_ratio": 339.37,
            "debt_ratio": 19.12,
            "inventory_turnover_ratio": 2.98,
            "account_receivable_turnover_ratio": null,
            "reinvestment_rate": null,
            "research_to_sale_ratio": null,
            "price_fair": 33.19,
            "eps_avg_yearly": 1.68,
            "eps_latest_yearly": 1.68,
            "eps_growth_yearly": 9.76
        },
        "20022": {
            "year_quarter": 20022,
            "year": 2002,
            "quarter": 2,
            "eps": 0.44,
            "eps_growth_year": -46.34,
            "eps_4q": 2.05,
            "eps_4q_growth_year": -16.95,
            "roe": 3.16,
            "gross_profit": 28705,
            "gross_margin": 23.42,
            "net_income": 22662,
            "revenue": 122575,
            "common_shares": 513000,
            "equity": 717629,
            "current_ratio": 319.84,
            "debt_ratio": 20.26,
            "inventory_turnover_ratio": 8.18,
            "account_receivable_turnover_ratio": null,
            "reinvestment_rate": null,
            "research_to_sale_ratio": null,
            "price_fair": 41.97,
            "eps_avg_yearly": 1.72,
            "eps_latest_yearly": 1.76,
            "eps_growth_yearly": 14.4
        },
        "20023": {
            "year_quarter": 20023,
            "year": 2002,
            "quarter": 3,
            "eps": -0.04,
            "eps_growth_year": -105.06,
            "eps_4q": 1.01,
            "eps_4q_growth_year": -62,
            "roe": -0.36,
            "gross_profit": 22037,
            "gross_margin": 21.11,
            "net_income": -2623,
            "revenue": 104394,
            "common_shares": 618000,
            "equity": 732383,
            "current_ratio": 309.79,
            "debt_ratio": 20.45,
            "inventory_turnover_ratio": 7.16,
            "account_receivable_turnover_ratio": null,
            "reinvestment_rate": null,
            "research_to_sale_ratio": null,
            "price_fair": 41.97,
            "eps_avg_yearly": 1.72,
            "eps_latest_yearly": 1.76,
            "eps_growth_yearly": 14.4
        },
        "20024": {
            "year_quarter": 20024,
            "year": 2002,
            "quarter": 4,
            "eps": 0.41,
            "eps_growth_year": 0,
            "eps_4q": 1.08,
            "eps_4q_growth_year": -57.26,
            "roe": 3.39,
            "gross_profit": 31616,
            "gross_margin": 23.08,
            "net_income": 25451,
            "revenue": 136957,
            "common_shares": 618000,
            "equity": 767956,
            "current_ratio": 672.57,
            "debt_ratio": 20.28,
            "inventory_turnover_ratio": 2.22,
            "account_receivable_turnover_ratio": null,
            "reinvestment_rate": null,
            "research_to_sale_ratio": null,
            "price_fair": 41.97,
            "eps_avg_yearly": 1.72,
            "eps_latest_yearly": 1.76,
            "eps_growth_yearly": 14.4
        },
        "20031": {
            "year_quarter": 20031,
            "year": 2003,
            "quarter": 1,
            "eps": 0.51,
            "eps_growth_year": 21.43,
            "eps_4q": 1.24,
            "eps_4q_growth_year": -49.26,
            "roe": 4.08,
            "gross_profit": 35864,
            "gross_margin": 22.64,
            "net_income": 31752,
            "revenue": 158427,
            "common_shares": 618000,
            "equity": 787484,
            "current_ratio": 262.82,
            "debt_ratio": 23.48,
            "inventory_turnover_ratio": 2.5,
            "account_receivable_turnover_ratio": null,
            "reinvestment_rate": null,
            "research_to_sale_ratio": null,
            "price_fair": 63.93,
            "eps_avg_yearly": 1.83,
            "eps_latest_yearly": 2.04,
            "eps_growth_yearly": 42.12
        },
        "20032": {
            "year_quarter": 20032,
            "year": 2003,
            "quarter": 2,
            "eps": 0.55,
            "eps_growth_year": 25,
            "eps_4q": 1.43,
            "eps_4q_growth_year": -30.45,
            "roe": 4.27,
            "gross_profit": 36820,
            "gross_margin": 22.2,
            "net_income": 34255,
            "revenue": 165840,
            "common_shares": 618000,
            "equity": 817036,
            "current_ratio": 267.79,
            "debt_ratio": 23.61,
            "inventory_turnover_ratio": 9.9,
            "account_receivable_turnover_ratio": null,
            "reinvestment_rate": null,
            "research_to_sale_ratio": null,
            "price_fair": 67.2,
            "eps_avg_yearly": 1.92,
            "eps_latest_yearly": 2.2,
            "eps_growth_yearly": 39.43
        },
        "20033": {
            "year_quarter": 20033,
            "year": 2003,
            "quarter": 3,
            "eps": 0.39,
            "eps_growth_year": null,
            "eps_4q": 1.73,
            "eps_4q_growth_year": 70.68,
            "roe": 3.23,
            "gross_profit": 38984,
            "gross_margin": 23.01,
            "net_income": 26613,
            "revenue": 169403,
            "common_shares": 682000,
            "equity": 830866,
            "current_ratio": 287.27,
            "debt_ratio": 23.78,
            "inventory_turnover_ratio": 11.81,
            "account_receivable_turnover_ratio": null,
            "reinvestment_rate": 27.88,
            "research_to_sale_ratio": null,
            "price_fair": 33.77,
            "eps_avg_yearly": 1.85,
            "eps_latest_yearly": 1.56,
            "eps_growth_yearly": 8.27
        },
        "20034": {
            "year_quarter": 20034,
            "year": 2003,
            "quarter": 4,
            "eps": 0.53,
            "eps_growth_year": 29.27,
            "eps_4q": 1.89,
            "eps_4q_growth_year": 74.8,
            "roe": 4.23,
            "gross_profit": 40948,
            "gross_margin": 22.39,
            "net_income": 36218,
            "revenue": 182852,
            "common_shares": 682000,
            "equity": 882155,
            "current_ratio": 706.51,
            "debt_ratio": 21.44,
            "inventory_turnover_ratio": 3.4,
            "account_receivable_turnover_ratio": null,
            "reinvestment_rate": 16.52,
            "research_to_sale_ratio": null,
            "price_fair": 66.27,
            "eps_avg_yearly": 1.89,
            "eps_latest_yearly": 2.12,
            "eps_growth_yearly": 30.83
        },
        "20041": {
            "year_quarter": 20041,
            "year": 2004,
            "quarter": 1,
            "eps": 0.62,
            "eps_growth_year": 21.57,
            "eps_4q": 2.05,
            "eps_4q_growth_year": 65.58,
            "roe": 4.75,
            "gross_profit": 45153,
            "gross_margin": 23.72,
            "net_income": 41967,
            "revenue": 190371,
            "common_shares": 682000,
            "equity": 883603,
            "current_ratio": 269.66,
            "debt_ratio": 25.56,
            "inventory_turnover_ratio": 3.4,
            "account_receivable_turnover_ratio": null,
            "reinvestment_rate": 2.48,
            "research_to_sale_ratio": null,
            "price_fair": 69.2,
            "eps_avg_yearly": 1.98,
            "eps_latest_yearly": 2.48,
            "eps_growth_yearly": 36.13
        },
        "20042": {
            "year_quarter": 20042,
            "year": 2004,
            "quarter": 2,
            "eps": 0.36,
            "eps_growth_year": -34.55,
            "eps_4q": 1.93,
            "eps_4q_growth_year": 35.6,
            "roe": 2.85,
            "gross_profit": 33638,
            "gross_margin": 23.59,
            "net_income": 23967,
            "revenue": 142602,
            "common_shares": 682000,
            "equity": 799637,
            "current_ratio": 215.84,
            "debt_ratio": 27.13,
            "inventory_turnover_ratio": 8.09,
            "account_receivable_turnover_ratio": null,
            "reinvestment_rate": 2.07,
            "research_to_sale_ratio": null,
            "price_fair": 39.43,
            "eps_avg_yearly": 1.91,
            "eps_latest_yearly": 1.44,
            "eps_growth_yearly": 10.64
        },
        "20043": {
            "year_quarter": 20043,
            "year": 2004,
            "quarter": 3,
            "eps": 0.49,
            "eps_growth_year": 25.64,
            "eps_4q": 1.85,
            "eps_4q_growth_year": 6.92,
            "roe": 4.49,
            "gross_profit": 38573,
            "gross_margin": 22.75,
            "net_income": 36806,
            "revenue": 169529,
            "common_shares": 768000,
            "equity": 840380,
            "current_ratio": 210.06,
            "debt_ratio": 27.98,
            "inventory_turnover_ratio": 10.92,
            "account_receivable_turnover_ratio": null,
            "reinvestment_rate": 0.53,
            "research_to_sale_ratio": null,
            "price_fair": 67.04,
            "eps_avg_yearly": 1.92,
            "eps_latest_yearly": 1.96,
            "eps_growth_yearly": 25.51
        },
        "20044": {
            "year_quarter": 20044,
            "year": 2004,
            "quarter": 4,
            "eps": 0.56,
            "eps_growth_year": 5.66,
            "eps_4q": 1.94,
            "eps_4q_growth_year": 2.75,
            "roe": 4.94,
            "gross_profit": 54399,
            "gross_margin": 22.21,
            "net_income": 41774,
            "revenue": 244913,
            "common_shares": 768000,
            "equity": 849950,
            "current_ratio": 719.14,
            "debt_ratio": 23.83,
            "inventory_turnover_ratio": 3.62,
            "account_receivable_turnover_ratio": null,
            "reinvestment_rate": 8.39,
            "research_to_sale_ratio": null,
            "price_fair": 68.18,
            "eps_avg_yearly": 1.95,
            "eps_latest_yearly": 2.24,
            "eps_growth_yearly": 28.67
        },
        "20051": {
            "year_quarter": 20051,
            "year": 2005,
            "quarter": 1,
            "eps": 0.44,
            "eps_growth_year": -29.03,
            "eps_4q": 1.84,
            "eps_4q_growth_year": -10.66,
            "roe": 3.77,
            "gross_profit": 37623,
            "gross_margin": 22.56,
            "net_income": 32338,
            "revenue": 166769,
            "common_shares": 768000,
            "equity": 867147,
            "current_ratio": 238,
            "debt_ratio": 27.22,
            "inventory_turnover_ratio": 2.55,
            "account_receivable_turnover_ratio": null,
            "reinvestment_rate": -2.56,
            "research_to_sale_ratio": null,
            "price_fair": 54.6,
            "eps_avg_yearly": 1.93,
            "eps_latest_yearly": 1.76,
            "eps_growth_yearly": 18.27
        },
        "20052": {
            "year_quarter": 20052,
            "year": 2005,
            "quarter": 2,
            "eps": 0.44,
            "eps_growth_year": 22.22,
            "eps_4q": 1.96,
            "eps_4q_growth_year": 1.22,
            "roe": 3.71,
            "gross_profit": 43778,
            "gross_margin": 25.1,
            "net_income": 32155,
            "revenue": 174413,
            "common_shares": 768000,
            "equity": 867151,
            "current_ratio": 200.77,
            "debt_ratio": 29.5,
            "inventory_turnover_ratio": 25.04,
            "account_receivable_turnover_ratio": null,
            "reinvestment_rate": -2.63,
            "research_to_sale_ratio": null,
            "price_fair": 51.27,
            "eps_avg_yearly": 1.92,
            "eps_latest_yearly": 1.76,
            "eps_growth_yearly": 16.75
        },
        "20053": {
            "year_quarter": 20053,
            "year": 2005,
            "quarter": 3,
            "eps": 0.57,
            "eps_growth_year": 16.33,
            "eps_4q": 1.9,
            "eps_4q_growth_year": 2.86,
            "roe": 5,
            "gross_profit": 46724,
            "gross_margin": 24.1,
            "net_income": 45443,
            "revenue": 193835,
            "common_shares": 830500,
            "equity": 952305,
            "current_ratio": 171.95,
            "debt_ratio": 33.73,
            "inventory_turnover_ratio": 28.04,
            "account_receivable_turnover_ratio": null,
            "reinvestment_rate": -4.52,
            "research_to_sale_ratio": null,
            "price_fair": 67.19,
            "eps_avg_yearly": 1.94,
            "eps_latest_yearly": 2.28,
            "eps_growth_yearly": 24.55
        },
        "20054": {
            "year_quarter": 20054,
            "year": 2005,
            "quarter": 4,
            "eps": 0.79,
            "eps_growth_year": 41.07,
            "eps_4q": 2.18,
            "eps_4q_growth_year": 12.77,
            "roe": 6.28,
            "gross_profit": 61959,
            "gross_margin": 25.31,
            "net_income": 62272,
            "revenue": 244787,
            "common_shares": 830500,
            "equity": 1031574,
            "current_ratio": 595.38,
            "debt_ratio": 26.82,
            "inventory_turnover_ratio": 2.35,
            "account_receivable_turnover_ratio": null,
            "reinvestment_rate": 2.91,
            "research_to_sale_ratio": null,
            "price_fair": 71.1,
            "eps_avg_yearly": 2.03,
            "eps_latest_yearly": 3.16,
            "eps_growth_yearly": 33.83
        },
        "20061": {
            "year_quarter": 20061,
            "year": 2006,
            "quarter": 1,
            "eps": 0.79,
            "eps_growth_year": 79.55,
            "eps_4q": 2.56,
            "eps_4q_growth_year": 39.7,
            "roe": 5.96,
            "gross_profit": 66066,
            "gross_margin": 25.51,
            "net_income": 62291,
            "revenue": 259010,
            "common_shares": 830500,
            "equity": 1060261,
            "current_ratio": 162.83,
            "debt_ratio": 37.89,
            "inventory_turnover_ratio": 2.52,
            "account_receivable_turnover_ratio": null,
            "reinvestment_rate": -4.21,
            "research_to_sale_ratio": null,
            "price_fair": 74.8,
            "eps_avg_yearly": 2.14,
            "eps_latest_yearly": 3.16,
            "eps_growth_yearly": 33.13
        },
        "20062": {
            "year_quarter": 20062,
            "year": 2006,
            "quarter": 2,
            "eps": 0.84,
            "eps_growth_year": 90.91,
            "eps_4q": 3,
            "eps_4q_growth_year": 53.3,
            "roe": 6.19,
            "gross_profit": 67281,
            "gross_margin": 24.82,
            "net_income": 66073,
            "revenue": 271118,
            "common_shares": 830500,
            "equity": 1073295,
            "current_ratio": 162.68,
            "debt_ratio": 37.04,
            "inventory_turnover_ratio": 66.91,
            "account_receivable_turnover_ratio": null,
            "reinvestment_rate": -3.95,
            "research_to_sale_ratio": null,
            "price_fair": 78.8,
            "eps_avg_yearly": 2.25,
            "eps_latest_yearly": 3.36,
            "eps_growth_yearly": 33.58
        },
        "20063": {
            "year_quarter": 20063,
            "year": 2006,
            "quarter": 3,
            "eps": 0.46,
            "eps_growth_year": -19.3,
            "eps_4q": 2.64,
            "eps_4q_growth_year": 38.54,
            "roe": 3.64,
            "gross_profit": 52298,
            "gross_margin": 23.73,
            "net_income": 40294,
            "revenue": 220419,
            "common_shares": 915000,
            "equity": 1140414,
            "current_ratio": 150.3,
            "debt_ratio": 41.42,
            "inventory_turnover_ratio": 64.53,
            "account_receivable_turnover_ratio": null,
            "reinvestment_rate": -3.67,
            "research_to_sale_ratio": null,
            "price_fair": 65.11,
            "eps_avg_yearly": 2.22,
            "eps_latest_yearly": 1.84,
            "eps_growth_yearly": 19.28
        },
        "20064": {
            "year_quarter": 20064,
            "year": 2006,
            "quarter": 4,
            "eps": 0.36,
            "eps_growth_year": -54.43,
            "eps_4q": 2.26,
            "eps_4q_growth_year": 3.55,
            "roe": 2.7,
            "gross_profit": 37005,
            "gross_margin": 23.91,
            "net_income": 31920,
            "revenue": 154795,
            "common_shares": 915000,
            "equity": 1224452,
            "current_ratio": 954.73,
            "debt_ratio": 22.12,
            "inventory_turnover_ratio": 1.48,
            "account_receivable_turnover_ratio": null,
            "reinvestment_rate": -2.29,
            "research_to_sale_ratio": null,
            "price_fair": 49.24,
            "eps_avg_yearly": 2.18,
            "eps_latest_yearly": 1.44,
            "eps_growth_yearly": 12.64
        },
        "20071": {
            "year_quarter": 20071,
            "year": 2007,
            "quarter": 1,
            "eps": 0.4,
            "eps_growth_year": -49.37,
            "eps_4q": 1.95,
            "eps_4q_growth_year": -23.86,
            "roe": 2.83,
            "gross_profit": 44583,
            "gross_margin": 21.69,
            "net_income": 35640,
            "revenue": 205563,
            "common_shares": 915000,
            "equity": 1289943,
            "current_ratio": 165.98,
            "debt_ratio": 39.89,
            "inventory_turnover_ratio": 2.02,
            "account_receivable_turnover_ratio": null,
            "reinvestment_rate": -3.85,
            "research_to_sale_ratio": null,
            "price_fair": 41.48,
            "eps_avg_yearly": 2.15,
            "eps_latest_yearly": 1.6,
            "eps_growth_yearly": 9.32
        },
        "20072": {
            "year_quarter": 20072,
            "year": 2007,
            "quarter": 2,
            "eps": 0.8,
            "eps_growth_year": -4.76,
            "eps_4q": 1.99,
            "eps_4q_growth_year": -33.78,
            "roe": 5.76,
            "gross_profit": 83092,
            "gross_margin": 31.11,
            "net_income": 72653,
            "revenue": 267080,
            "common_shares": 915000,
            "equity": 1231388,
            "current_ratio": 144.1,
            "debt_ratio": 44.45,
            "inventory_turnover_ratio": 98.21,
            "account_receivable_turnover_ratio": null,
            "reinvestment_rate": -3.62,
            "research_to_sale_ratio": null,
            "price_fair": 77.35,
            "eps_avg_yearly": 2.21,
            "eps_latest_yearly": 3.2,
            "eps_growth_yearly": 32.36
        },
        "20073": {
            "year_quarter": 20073,
            "year": 2007,
            "quarter": 3,
            "eps": 0.46,
            "eps_growth_year": 0,
            "eps_4q": 1.92,
            "eps_4q_growth_year": -27.2,
            "roe": 3.53,
            "gross_profit": 58500,
            "gross_margin": 27.41,
            "net_income": 44199,
            "revenue": 213454,
            "common_shares": 966000,
            "equity": 1271164,
            "current_ratio": 159.97,
            "debt_ratio": 39.51,
            "inventory_turnover_ratio": 154.26,
            "account_receivable_turnover_ratio": null,
            "reinvestment_rate": -3.35,
            "research_to_sale_ratio": null,
            "price_fair": 77.96,
            "eps_avg_yearly": 2.23,
            "eps_latest_yearly": 1.84,
            "eps_growth_yearly": 29
        },
        "20074": {
            "year_quarter": 20074,
            "year": 2007,
            "quarter": 4,
            "eps": 0.45,
            "eps_growth_year": 25,
            "eps_4q": 2.03,
            "eps_4q_growth_year": -10.22,
            "roe": 3.28,
            "gross_profit": 61608,
            "gross_margin": 29.54,
            "net_income": 43404,
            "revenue": 208530,
            "common_shares": 966000,
            "equity": 1373030,
            "current_ratio": 1113.1,
            "debt_ratio": 21.27,
            "inventory_turnover_ratio": 2.08,
            "account_receivable_turnover_ratio": null,
            "reinvestment_rate": 4.31,
            "research_to_sale_ratio": null,
            "price_fair": 65.09,
            "eps_avg_yearly": 2.21,
            "eps_latest_yearly": 1.8,
            "eps_growth_yearly": 19.49
        },
        "20081": {
            "year_quarter": 20081,
            "year": 2008,
            "quarter": 1,
            "eps": 0.23,
            "eps_growth_year": -42.5,
            "eps_4q": 1.89,
            "eps_4q_growth_year": -2.99,
            "roe": 1.63,
            "gross_profit": 48971,
            "gross_margin": 30.41,
            "net_income": 22184,
            "revenue": 161041,
            "common_shares": 966000,
            "equity": 1343208,
            "current_ratio": 1275.71,
            "debt_ratio": 20.92,
            "inventory_turnover_ratio": 0.79,
            "account_receivable_turnover_ratio": null,
            "reinvestment_rate": 23.1,
            "research_to_sale_ratio": null,
            "price_fair": 27.47,
            "eps_avg_yearly": 2.11,
            "eps_latest_yearly": 0.92,
            "eps_growth_yearly": 3.02
        },
        "20082": {
            "year_quarter": 20082,
            "year": 2008,
            "quarter": 2,
            "eps": 0.35,
            "eps_growth_year": -56.25,
            "eps_4q": 1.45,
            "eps_4q_growth_year": -26.93,
            "roe": 2.67,
            "gross_profit": 96084,
            "gross_margin": 37.91,
            "net_income": 34612,
            "revenue": 253449,
            "common_shares": 966000,
            "equity": 1246269,
            "current_ratio": 487.21,
            "debt_ratio": 30.62,
            "inventory_turnover_ratio": 1.05,
            "account_receivable_turnover_ratio": null,
            "reinvestment_rate": 26.4,
            "research_to_sale_ratio": null,
            "price_fair": 73.76,
            "eps_avg_yearly": 2.11,
            "eps_latest_yearly": 1.4,
            "eps_growth_yearly": 26.55
        },
        "20083": {
            "year_quarter": 20083,
            "year": 2008,
            "quarter": 3,
            "eps": 0.42,
            "eps_growth_year": -8.7,
            "eps_4q": 1.32,
            "eps_4q_growth_year": -31.26,
            "roe": 3.52,
            "gross_profit": 137812,
            "gross_margin": 38.05,
            "net_income": 45356,
            "revenue": 362148,
            "common_shares": 1020000,
            "equity": 1333199,
            "current_ratio": 493.07,
            "debt_ratio": 29.74,
            "inventory_turnover_ratio": 1.54,
            "account_receivable_turnover_ratio": null,
            "reinvestment_rate": 31.31,
            "research_to_sale_ratio": null,
            "price_fair": 67.96,
            "eps_avg_yearly": 2.09,
            "eps_latest_yearly": 1.68,
            "eps_growth_yearly": 22.52
        },
        "20084": {
            "year_quarter": 20084,
            "year": 2008,
            "quarter": 4,
            "eps": 0.41,
            "eps_growth_year": -8.89,
            "eps_4q": 1.32,
            "eps_4q_growth_year": -34.8,
            "roe": 3.23,
            "gross_profit": 102561,
            "gross_margin": 43.03,
            "net_income": 43718,
            "revenue": 238348,
            "common_shares": 1020000,
            "equity": 1376512,
            "current_ratio": 1007.92,
            "debt_ratio": 22.7,
            "inventory_turnover_ratio": 0.99,
            "account_receivable_turnover_ratio": 2.24,
            "reinvestment_rate": 22.29,
            "research_to_sale_ratio": null,
            "price_fair": 58.19,
            "eps_avg_yearly": 2.05,
            "eps_latest_yearly": 1.64,
            "eps_growth_yearly": 18.35
        },
        "20091": {
            "year_quarter": 20091,
            "year": 2009,
            "quarter": 1,
            "eps": 0.21,
            "eps_growth_year": -8.7,
            "eps_4q": 1.32,
            "eps_4q_growth_year": -30.16,
            "roe": 1.57,
            "gross_profit": 81304,
            "gross_margin": 38.2,
            "net_income": 22236,
            "revenue": 212827,
            "common_shares": 1020000,
            "equity": 1451205,
            "current_ratio": 1174.51,
            "debt_ratio": 21.33,
            "inventory_turnover_ratio": 1.01,
            "account_receivable_turnover_ratio": 1.02,
            "reinvestment_rate": 36.88,
            "research_to_sale_ratio": null,
            "price_fair": 42.92,
            "eps_avg_yearly": 2,
            "eps_latest_yearly": 0.84,
            "eps_growth_yearly": 11.51
        },
        "20092": {
            "year_quarter": 20092,
            "year": 2009,
            "quarter": 2,
            "eps": 1.22,
            "eps_growth_year": 248.57,
            "eps_4q": 2.21,
            "eps_4q_growth_year": 52.42,
            "roe": 8.73,
            "gross_profit": 99265,
            "gross_margin": 47.4,
            "net_income": 127241,
            "revenue": 209399,
            "common_shares": 1020000,
            "equity": 1464209,
            "current_ratio": 655.18,
            "debt_ratio": 24.18,
            "inventory_turnover_ratio": 0.94,
            "account_receivable_turnover_ratio": 1.04,
            "reinvestment_rate": 31.35,
            "research_to_sale_ratio": null,
            "price_fair": 76.65,
            "eps_avg_yearly": 2.19,
            "eps_latest_yearly": 4.88,
            "eps_growth_yearly": 131.75
        },
        "20093": {
            "year_quarter": 20093,
            "year": 2009,
            "quarter": 3,
            "eps": 0.65,
            "eps_growth_year": 54.76,
            "eps_4q": 2.44,
            "eps_4q_growth_year": 85.21,
            "roe": 4.55,
            "gross_profit": 106322,
            "gross_margin": 43.16,
            "net_income": 67474,
            "revenue": 246344,
            "common_shares": 1020000,
            "equity": 1500933,
            "current_ratio": 1091.63,
            "debt_ratio": 20.04,
            "inventory_turnover_ratio": 1.17,
            "account_receivable_turnover_ratio": 1.2,
            "reinvestment_rate": 29.39,
            "research_to_sale_ratio": null,
            "price_fair": 77.35,
            "eps_avg_yearly": 2.21,
            "eps_latest_yearly": 2.6,
            "eps_growth_yearly": 112.69
        },
        "20094": {
            "year_quarter": 20094,
            "year": 2009,
            "quarter": 4,
            "eps": 0.19,
            "eps_growth_year": -53.66,
            "eps_4q": 2.26,
            "eps_4q_growth_year": 70.65,
            "roe": 1.23,
            "gross_profit": 73462,
            "gross_margin": 28.56,
            "net_income": 18566,
            "revenue": 257206,
            "common_shares": 1020000,
            "equity": 1519365,
            "current_ratio": 1108.9,
            "debt_ratio": 19.97,
            "inventory_turnover_ratio": 1.58,
            "account_receivable_turnover_ratio": 3.58,
            "reinvestment_rate": 183.49,
            "research_to_sale_ratio": null,
            "price_fair": 72.1,
            "eps_avg_yearly": 2.06,
            "eps_latest_yearly": 0.76,
            "eps_growth_yearly": 85.34
        },
        "20101": {
            "year_quarter": 20101,
            "year": 2010,
            "quarter": 1,
            "eps": 0.16,
            "eps_growth_year": -23.81,
            "eps_4q": 2.21,
            "eps_4q_growth_year": 66.88,
            "roe": 1.2,
            "gross_profit": 67007,
            "gross_margin": 30.59,
            "net_income": 18403,
            "revenue": 219060,
            "common_shares": 1020000,
            "equity": 1556990,
            "current_ratio": 1116.16,
            "debt_ratio": 19.88,
            "inventory_turnover_ratio": 1.35,
            "account_receivable_turnover_ratio": 1.39,
            "reinvestment_rate": 210.56,
            "research_to_sale_ratio": 3.62,
            "price_fair": 66.59,
            "eps_avg_yearly": 1.9,
            "eps_latest_yearly": 0.64,
            "eps_growth_yearly": 81.4
        },
        "20102": {
            "year_quarter": 20102,
            "year": 2010,
            "quarter": 2,
            "eps": 0.51,
            "eps_growth_year": -58.4,
            "eps_4q": 1.49,
            "eps_4q_growth_year": -32.46,
            "roe": 3.57,
            "gross_profit": 64223,
            "gross_margin": 31.06,
            "net_income": 51765,
            "revenue": 206740,
            "common_shares": 1020000,
            "equity": 1340111,
            "current_ratio": 511.26,
            "debt_ratio": 27.27,
            "inventory_turnover_ratio": 1.32,
            "account_receivable_turnover_ratio": 1.31,
            "reinvestment_rate": 28.92,
            "research_to_sale_ratio": 4.15,
            "price_fair": 63.7,
            "eps_avg_yearly": 1.82,
            "eps_latest_yearly": 2.04,
            "eps_growth_yearly": 134.5
        },
        "20103": {
            "year_quarter": 20103,
            "year": 2010,
            "quarter": 3,
            "eps": 0.39,
            "eps_growth_year": -39.34,
            "eps_4q": 1.24,
            "eps_4q_growth_year": -49.1,
            "roe": 2.98,
            "gross_profit": 54199,
            "gross_margin": 38.72,
            "net_income": 40215,
            "revenue": 139975,
            "common_shares": 1020000,
            "equity": 1357060,
            "current_ratio": 1414.11,
            "debt_ratio": 18.19,
            "inventory_turnover_ratio": 0.9,
            "account_receivable_turnover_ratio": 1.1,
            "reinvestment_rate": 28.6,
            "research_to_sale_ratio": 5.5,
            "price_fair": 63.09,
            "eps_avg_yearly": 1.8,
            "eps_latest_yearly": 1.56,
            "eps_growth_yearly": 139.93
        },
        "20104": {
            "year_quarter": 20104,
            "year": 2010,
            "quarter": 4,
            "eps": 0.11,
            "eps_growth_year": -42.01,
            "eps_4q": 1.17,
            "eps_4q_growth_year": -48.33,
            "roe": 0.85,
            "gross_profit": 36958,
            "gross_margin": 32.02,
            "net_income": 11239,
            "revenue": 115416,
            "common_shares": 1020000,
            "equity": 1298231,
            "current_ratio": 1571.25,
            "debt_ratio": 18.27,
            "inventory_turnover_ratio": 0.84,
            "account_receivable_turnover_ratio": 1.16,
            "reinvestment_rate": 12.7,
            "research_to_sale_ratio": 4.76,
            "price_fair": 60.9,
            "eps_avg_yearly": 1.74,
            "eps_latest_yearly": 0.44,
            "eps_growth_yearly": 127.41
        },
        "20111": {
            "year_quarter": 20111,
            "year": 2011,
            "quarter": 1,
            "eps": 0.07,
            "eps_growth_year": -56.25,
            "eps_4q": 1.08,
            "eps_4q_growth_year": -51.02,
            "roe": 0.54,
            "gross_profit": 33602,
            "gross_margin": 32.66,
            "net_income": 7054,
            "revenue": 102879,
            "common_shares": 1020000,
            "equity": 1299498,
            "current_ratio": 1910.8,
            "debt_ratio": 17.47,
            "inventory_turnover_ratio": 0.79,
            "account_receivable_turnover_ratio": 1.21,
            "reinvestment_rate": 29.61,
            "research_to_sale_ratio": 6.76,
            "price_fair": 58.01,
            "eps_avg_yearly": 1.66,
            "eps_latest_yearly": 0.28,
            "eps_growth_yearly": 115.55
        },
        "20112": {
            "year_quarter": 20112,
            "year": 2011,
            "quarter": 2,
            "eps": -0.05,
            "eps_growth_year": -109.62,
            "eps_4q": 0.52,
            "eps_4q_growth_year": -64.9,
            "roe": -0.4,
            "gross_profit": 22374,
            "gross_margin": 22.76,
            "net_income": -4981,
            "revenue": 98291,
            "common_shares": 1020000,
            "equity": 1210066,
            "current_ratio": 945.09,
            "debt_ratio": 21.94,
            "inventory_turnover_ratio": 0.91,
            "account_receivable_turnover_ratio": 1.25,
            "reinvestment_rate": 32.82,
            "research_to_sale_ratio": 7.52,
            "price_fair": 54.41,
            "eps_avg_yearly": 1.55,
            "eps_latest_yearly": 0.28,
            "eps_growth_yearly": 96.58
        },
        "20113": {
            "year_quarter": 20113,
            "year": 2011,
            "quarter": 3,
            "eps": 0.01,
            "eps_growth_year": -97.88,
            "eps_4q": 0.14,
            "eps_4q_growth_year": -88.83,
            "roe": 0.07,
            "gross_profit": 27886,
            "gross_margin": 27.7,
            "net_income": 854,
            "revenue": 100681,
            "common_shares": 1020000,
            "equity": 1237480,
            "current_ratio": 1562.67,
            "debt_ratio": 18.71,
            "inventory_turnover_ratio": 0.87,
            "account_receivable_turnover_ratio": 1.14,
            "reinvestment_rate": 38.23,
            "research_to_sale_ratio": 7.51,
            "price_fair": 53.7,
            "eps_avg_yearly": 1.53,
            "eps_latest_yearly": 0.28,
            "eps_growth_yearly": 115.62
        },
        "20114": {
            "year_quarter": 20114,
            "year": 2011,
            "quarter": 4,
            "eps": 0.08,
            "eps_growth_year": -24.25,
            "eps_4q": 0.11,
            "eps_4q_growth_year": -90.4,
            "roe": 0.69,
            "gross_profit": 38654,
            "gross_margin": 31.76,
            "net_income": 8513,
            "revenue": 121710,
            "common_shares": 1020000,
            "equity": 1247732,
            "current_ratio": 1438.25,
            "debt_ratio": 19.08,
            "inventory_turnover_ratio": 0.97,
            "account_receivable_turnover_ratio": 1.19,
            "reinvestment_rate": 9.84,
            "research_to_sale_ratio": 6.52,
            "price_fair": 50,
            "eps_avg_yearly": 1.43,
            "eps_latest_yearly": 0.32,
            "eps_growth_yearly": 316.25
        },
        "20121": {
            "year_quarter": 20121,
            "year": 2012,
            "quarter": 1,
            "eps": 0.08,
            "eps_growth_year": 14.29,
            "eps_4q": 0.13,
            "eps_4q_growth_year": -88.43,
            "roe": 0.67,
            "gross_profit": 36224,
            "gross_margin": 30.41,
            "net_income": 8377,
            "revenue": 119135,
            "common_shares": 1020000,
            "equity": 1254387,
            "current_ratio": 1268.49,
            "debt_ratio": 19.71,
            "inventory_turnover_ratio": 0.89,
            "account_receivable_turnover_ratio": 1.14,
            "reinvestment_rate": 4.09,
            "research_to_sale_ratio": 5.9,
            "price_fair": 48.5,
            "eps_avg_yearly": 1.39,
            "eps_latest_yearly": 0.32,
            "eps_growth_yearly": 330.21
        },
        "20122": {
            "year_quarter": 20122,
            "year": 2012,
            "quarter": 2,
            "eps": 0.22,
            "eps_growth_year": null,
            "eps_4q": 0.4,
            "eps_4q_growth_year": -24.48,
            "roe": 1.81,
            "gross_profit": 50627,
            "gross_margin": 29.5,
            "net_income": 22677,
            "revenue": 171615,
            "common_shares": 1020000,
            "equity": 1253837,
            "current_ratio": 1090.21,
            "debt_ratio": 20.68,
            "inventory_turnover_ratio": 1.33,
            "account_receivable_turnover_ratio": 1.61,
            "reinvestment_rate": -0,
            "research_to_sale_ratio": 4.42,
            "price_fair": 47.2,
            "eps_avg_yearly": 1.35,
            "eps_latest_yearly": 0.88,
            "eps_growth_yearly": 365.31
        },
        "20123": {
            "year_quarter": 20123,
            "year": 2012,
            "quarter": 3,
            "eps": 0.14,
            "eps_growth_year": 1578.36,
            "eps_4q": 0.53,
            "eps_4q_growth_year": 280.5,
            "roe": 1.14,
            "gross_profit": 43001,
            "gross_margin": 34.32,
            "net_income": 14334,
            "revenue": 125310,
            "common_shares": 1020000,
            "equity": 1264640,
            "current_ratio": 1405.39,
            "debt_ratio": 19.22,
            "inventory_turnover_ratio": 0.92,
            "account_receivable_turnover_ratio": 1.24,
            "reinvestment_rate": -8.1,
            "research_to_sale_ratio": 6.01,
            "price_fair": 44.4,
            "eps_avg_yearly": 1.27,
            "eps_latest_yearly": 0.56,
            "eps_growth_yearly": 349.2
        },
        "20124": {
            "year_quarter": 20124,
            "year": 2012,
            "quarter": 4,
            "eps": 0.1,
            "eps_growth_year": 22.08,
            "eps_4q": 0.55,
            "eps_4q_growth_year": 387.6,
            "roe": 0.82,
            "gross_profit": 37193,
            "gross_margin": 29.12,
            "net_income": 10393,
            "revenue": 127719,
            "common_shares": 1020000,
            "equity": 1271602,
            "current_ratio": 1385.58,
            "debt_ratio": 19.37,
            "inventory_turnover_ratio": 0.96,
            "account_receivable_turnover_ratio": 1.3,
            "reinvestment_rate": -15.32,
            "research_to_sale_ratio": 5.74,
            "price_fair": 41.3,
            "eps_avg_yearly": 1.18,
            "eps_latest_yearly": 0.4,
            "eps_growth_yearly": 341.72
        },
        "20131": {
            "year_quarter": 20131,
            "year": 2013,
            "quarter": 1,
            "eps": 0.02,
            "eps_growth_year": -75,
            "eps_4q": 0.49,
            "eps_4q_growth_year": 291.39,
            "roe": 0.2,
            "gross_profit": 27205,
            "gross_margin": 28.19,
            "net_income": 2549,
            "revenue": 96511,
            "common_shares": 1020000,
            "equity": 1312488,
            "current_ratio": 1971.72,
            "debt_ratio": 18.23,
            "inventory_turnover_ratio": 0.78,
            "account_receivable_turnover_ratio": 1.15,
            "reinvestment_rate": -17.2,
            "research_to_sale_ratio": 7.1,
            "price_fair": 39.4,
            "eps_avg_yearly": 1.13,
            "eps_latest_yearly": 0.08,
            "eps_growth_yearly": 332.8
        },
        "20132": {
            "year_quarter": 20132,
            "year": 2013,
            "quarter": 2,
            "eps": 0.21,
            "eps_growth_year": -5.54,
            "eps_4q": 0.47,
            "eps_4q_growth_year": 19.67,
            "roe": 1.62,
            "gross_profit": 40815,
            "gross_margin": 34.52,
            "net_income": 21096,
            "revenue": 118235,
            "common_shares": 1020000,
            "equity": 1293233,
            "current_ratio": 962.09,
            "debt_ratio": 22.04,
            "inventory_turnover_ratio": 0.92,
            "account_receivable_turnover_ratio": 1.86,
            "reinvestment_rate": -15.53,
            "research_to_sale_ratio": 6.62,
            "price_fair": 29.3,
            "eps_avg_yearly": 0.84,
            "eps_latest_yearly": 0.84,
            "eps_growth_yearly": 466.81
        },
        "20133": {
            "year_quarter": 20133,
            "year": 2013,
            "quarter": 3,
            "eps": 0.19,
            "eps_growth_year": 35.2,
            "eps_4q": 0.52,
            "eps_4q_growth_year": -1.01,
            "roe": 1.49,
            "gross_profit": 41379,
            "gross_margin": 33.52,
            "net_income": 19319,
            "revenue": 123456,
            "common_shares": 1020000,
            "equity": 1305141,
            "current_ratio": 1497.19,
            "debt_ratio": 19.47,
            "inventory_turnover_ratio": 0.89,
            "account_receivable_turnover_ratio": 1.73,
            "reinvestment_rate": -14.7,
            "research_to_sale_ratio": 6.04,
            "price_fair": 24.7,
            "eps_avg_yearly": 0.71,
            "eps_latest_yearly": 0.76,
            "eps_growth_yearly": 477.44
        },
        "20134": {
            "year_quarter": 20134,
            "year": 2013,
            "quarter": 4,
            "eps": 0.08,
            "eps_growth_year": -25.02,
            "eps_4q": 0.5,
            "eps_4q_growth_year": -9.01,
            "roe": 0.59,
            "gross_profit": 37224,
            "gross_margin": 26.4,
            "net_income": 7793,
            "revenue": 141004,
            "common_shares": 1020000,
            "equity": 1340204,
            "current_ratio": 1210.45,
            "debt_ratio": 20.32,
            "inventory_turnover_ratio": 0.97,
            "account_receivable_turnover_ratio": 1.84,
            "reinvestment_rate": -555.08,
            "research_to_sale_ratio": 6.1,
            "price_fair": 23.6,
            "eps_avg_yearly": 0.67,
            "eps_latest_yearly": 0.32,
            "eps_growth_yearly": 481.12
        },
        "20141": {
            "year_quarter": 20141,
            "year": 2014,
            "quarter": 1,
            "eps": 0.33,
            "eps_growth_year": 1550,
            "eps_4q": 0.81,
            "eps_4q_growth_year": 64.68,
            "roe": 2.5,
            "gross_profit": 47506,
            "gross_margin": 28.01,
            "net_income": 34056,
            "revenue": 169574,
            "common_shares": 1020000,
            "equity": 1389326,
            "current_ratio": 1494.8,
            "debt_ratio": 18.92,
            "inventory_turnover_ratio": 1.2,
            "account_receivable_turnover_ratio": 2.27,
            "reinvestment_rate": -515.35,
            "research_to_sale_ratio": 4.47,
            "price_fair": 25.3,
            "eps_avg_yearly": 0.72,
            "eps_latest_yearly": 1.32,
            "eps_growth_yearly": 574.92
        },
        "20142": {
            "year_quarter": 20142,
            "year": 2014,
            "quarter": 2,
            "eps": 0.09,
            "eps_growth_year": -57.14,
            "eps_4q": 0.69,
            "eps_4q_growth_year": 45.97,
            "roe": 0.71,
            "gross_profit": 29381,
            "gross_margin": 28.09,
            "net_income": 9441,
            "revenue": 104603,
            "common_shares": 1020000,
            "equity": 1269366,
            "current_ratio": 736.06,
            "debt_ratio": 24.76,
            "inventory_turnover_ratio": 0.89,
            "account_receivable_turnover_ratio": 1.34,
            "reinvestment_rate": 2.48,
            "research_to_sale_ratio": 6.57,
            "price_fair": 21.1,
            "eps_avg_yearly": 0.6,
            "eps_latest_yearly": 0.36,
            "eps_growth_yearly": 491.64
        },
        "20143": {
            "year_quarter": 20143,
            "year": 2014,
            "quarter": 3,
            "eps": 0.21,
            "eps_growth_year": 10.53,
            "eps_4q": 0.71,
            "eps_4q_growth_year": 36.62,
            "roe": 1.69,
            "gross_profit": 33527,
            "gross_margin": 32.14,
            "net_income": 21607,
            "revenue": 104327,
            "common_shares": 1020000,
            "equity": 1292103,
            "current_ratio": 1337.08,
            "debt_ratio": 20.38,
            "inventory_turnover_ratio": 0.84,
            "account_receivable_turnover_ratio": 1.4,
            "reinvestment_rate": 4.84,
            "research_to_sale_ratio": 9.41,
            "price_fair": 19.3,
            "eps_avg_yearly": 0.55,
            "eps_latest_yearly": 0.84,
            "eps_growth_yearly": 536.46
        },
        "20144": {
            "year_quarter": 20144,
            "year": 2014,
            "quarter": 4,
            "eps": 0.13,
            "eps_growth_year": 67.41,
            "eps_4q": 0.77,
            "eps_4q_growth_year": 53.97,
            "roe": 0.98,
            "gross_profit": 46048,
            "gross_margin": 34.37,
            "net_income": 13046,
            "revenue": 133975,
            "common_shares": 1020000,
            "equity": 1368384,
            "current_ratio": 1222.76,
            "debt_ratio": 20.35,
            "inventory_turnover_ratio": 0.89,
            "account_receivable_turnover_ratio": 1.61,
            "reinvestment_rate": 14.99,
            "research_to_sale_ratio": 4.92,
            "price_fair": 19.5,
            "eps_avg_yearly": 0.56,
            "eps_latest_yearly": 0.52,
            "eps_growth_yearly": 546.08
        },
        "20151": {
            "year_quarter": 20151,
            "year": 2015,
            "quarter": 1,
            "eps": 0.12,
            "eps_growth_year": -63.64,
            "eps_4q": 0.55,
            "eps_4q_growth_year": -31.59,
            "roe": 0.89,
            "gross_profit": 36856,
            "gross_margin": 29.55,
            "net_income": 12185,
            "revenue": 124731,
            "common_shares": 1020000,
            "equity": 1381763,
            "current_ratio": 1803.68,
            "debt_ratio": 18.46,
            "inventory_turnover_ratio": 0.87,
            "account_receivable_turnover_ratio": 1.58,
            "reinvestment_rate": 12.04,
            "research_to_sale_ratio": 5.34,
            "price_fair": 20,
            "eps_avg_yearly": 0.57,
            "eps_latest_yearly": 0.48,
            "eps_growth_yearly": 554.28
        },
        "20152": {
            "year_quarter": 20152,
            "year": 2015,
            "quarter": 2,
            "eps": 0.11,
            "eps_growth_year": 22.22,
            "eps_4q": 0.57,
            "eps_4q_growth_year": -17.7,
            "roe": 0.85,
            "gross_profit": 31567,
            "gross_margin": 28.9,
            "net_income": 11274,
            "revenue": 109215,
            "common_shares": 1020000,
            "equity": 1284697,
            "current_ratio": 806.07,
            "debt_ratio": 24.02,
            "inventory_turnover_ratio": 0.87,
            "account_receivable_turnover_ratio": 1.72,
            "reinvestment_rate": 11.64,
            "research_to_sale_ratio": 6.45,
            "price_fair": 19.69,
            "eps_avg_yearly": 0.56,
            "eps_latest_yearly": 0.44,
            "eps_growth_yearly": 515.1
        },
        "20153": {
            "year_quarter": 20153,
            "year": 2015,
            "quarter": 3,
            "eps": 0.05,
            "eps_growth_year": -76.19,
            "eps_4q": 0.41,
            "eps_4q_growth_year": -42.88,
            "roe": 0.39,
            "gross_profit": 37511,
            "gross_margin": 29.79,
            "net_income": 5137,
            "revenue": 125933,
            "common_shares": 1020000,
            "equity": 1333595,
            "current_ratio": 1595.46,
            "debt_ratio": 19.44,
            "inventory_turnover_ratio": 1.04,
            "account_receivable_turnover_ratio": 1.8,
            "reinvestment_rate": 6.83,
            "research_to_sale_ratio": 5.3,
            "price_fair": 18.9,
            "eps_avg_yearly": 0.54,
            "eps_latest_yearly": 0.2,
            "eps_growth_yearly": 469.27
        },
        "20154": {
            "year_quarter": 20154,
            "year": 2015,
            "quarter": 4,
            "eps": 0.13,
            "eps_growth_year": 1.2,
            "eps_4q": 0.41,
            "eps_4q_growth_year": -46.51,
            "roe": 0.99,
            "gross_profit": 39478,
            "gross_margin": 36.99,
            "net_income": 13203,
            "revenue": 106732,
            "common_shares": 1020000,
            "equity": 1337061,
            "current_ratio": 1437.3,
            "debt_ratio": 20.18,
            "inventory_turnover_ratio": 0.74,
            "account_receivable_turnover_ratio": 1.41,
            "reinvestment_rate": 5.54,
            "research_to_sale_ratio": 6.39,
            "price_fair": 19.34,
            "eps_avg_yearly": 0.55,
            "eps_latest_yearly": 0.52,
            "eps_growth_yearly": 334.27
        },
        "20161": {
            "year_quarter": 20161,
            "year": 2016,
            "quarter": 1,
            "eps": 0.14,
            "eps_growth_year": 16.67,
            "eps_4q": 0.43,
            "eps_4q_growth_year": -22.43,
            "roe": 1.06,
            "gross_profit": 36357,
            "gross_margin": 30.62,
            "net_income": 14042,
            "revenue": 118743,
            "common_shares": 1020000,
            "equity": 1318234,
            "current_ratio": 1800.06,
            "debt_ratio": 19.02,
            "inventory_turnover_ratio": 0.93,
            "account_receivable_turnover_ratio": 1.55,
            "reinvestment_rate": 4.53,
            "research_to_sale_ratio": 5.37,
            "price_fair": 19.86,
            "eps_avg_yearly": 0.57,
            "eps_latest_yearly": 0.56,
            "eps_growth_yearly": 336.19
        },
        "20162": {
            "year_quarter": 20162,
            "year": 2016,
            "quarter": 2,
            "eps": 0.11,
            "eps_growth_year": 0,
            "eps_4q": 0.43,
            "eps_4q_growth_year": -25.06,
            "roe": 0.86,
            "gross_profit": 31216,
            "gross_margin": 35.93,
            "net_income": 11166,
            "revenue": 86875,
            "common_shares": 1020000,
            "equity": 1289712,
            "current_ratio": 1187.2,
            "debt_ratio": 21.34,
            "inventory_turnover_ratio": 0.69,
            "account_receivable_turnover_ratio": 1.27,
            "reinvestment_rate": 1.43,
            "research_to_sale_ratio": 7.02,
            "price_fair": 18.9,
            "eps_avg_yearly": 0.54,
            "eps_latest_yearly": 0.44,
            "eps_growth_yearly": 287.09
        },
        "20163": {
            "year_quarter": 20163,
            "year": 2016,
            "quarter": 3,
            "eps": 0.2,
            "eps_growth_year": 300,
            "eps_4q": 0.58,
            "eps_4q_growth_year": 41.43,
            "roe": 1.6,
            "gross_profit": 39719,
            "gross_margin": 39.4,
            "net_income": 20484,
            "revenue": 100799,
            "common_shares": 1020000,
            "equity": 1269602,
            "current_ratio": 1487,
            "debt_ratio": 20.53,
            "inventory_turnover_ratio": 0.77,
            "account_receivable_turnover_ratio": 1.47,
            "reinvestment_rate": -1.47,
            "research_to_sale_ratio": 6.13,
            "price_fair": 19.43,
            "eps_avg_yearly": 0.56,
            "eps_latest_yearly": 0.8,
            "eps_growth_yearly": 316.63
        },
        "20164": {
            "year_quarter": 20164,
            "year": 2016,
            "quarter": 4,
            "eps": 0.14,
            "eps_growth_year": 10.38,
            "eps_4q": 0.59,
            "eps_4q_growth_year": 44.18,
            "roe": 1.14,
            "gross_profit": 35373,
            "gross_margin": 36.02,
            "net_income": 14573,
            "revenue": 98195,
            "common_shares": 1020000,
            "equity": 1295284,
            "current_ratio": 1533.45,
            "debt_ratio": 20.34,
            "inventory_turnover_ratio": 0.75,
            "account_receivable_turnover_ratio": 1.28,
            "reinvestment_rate": -2.76,
            "research_to_sale_ratio": 5.93,
            "price_fair": 19.78,
            "eps_avg_yearly": 0.57,
            "eps_latest_yearly": 0.56,
            "eps_growth_yearly": 316.28
        },
        "20171": {
            "year_quarter": 20171,
            "year": 2017,
            "quarter": 1,
            "eps": 0.32,
            "eps_growth_year": 128.57,
            "eps_4q": 0.78,
            "eps_4q_growth_year": 81.72,
            "roe": 2.42,
            "gross_profit": 44780,
            "gross_margin": 31.64,
            "net_income": 32723,
            "revenue": 141521,
            "common_shares": 1020000,
            "equity": 1407853,
            "current_ratio": 926.98,
            "debt_ratio": 22.82,
            "inventory_turnover_ratio": 0.91,
            "account_receivable_turnover_ratio": 1.1,
            "reinvestment_rate": 13.15,
            "research_to_sale_ratio": 5.58,
            "price_fair": 22.4,
            "eps_avg_yearly": 0.64,
            "eps_latest_yearly": 1.28,
            "eps_growth_yearly": 368.42
        },
        "20172": {
            "year_quarter": 20172,
            "year": 2017,
            "quarter": 2,
            "eps": 0.13,
            "eps_growth_year": 18.18,
            "eps_4q": 0.8,
            "eps_4q_growth_year": 87.89,
            "roe": 1.24,
            "gross_profit": 59774,
            "gross_margin": 32.77,
            "net_income": 17377,
            "revenue": 182386,
            "common_shares": 1020000,
            "equity": 1401355,
            "current_ratio": 694.97,
            "debt_ratio": 25.47,
            "inventory_turnover_ratio": 0.98,
            "account_receivable_turnover_ratio": 0.92,
            "reinvestment_rate": 9.84,
            "research_to_sale_ratio": 5.02,
            "price_fair": 21.7,
            "eps_avg_yearly": 0.62,
            "eps_latest_yearly": 0.52,
            "eps_growth_yearly": 116.07
        },
        "20173": {
            "year_quarter": 20173,
            "year": 2017,
            "quarter": 3,
            "eps": 0.18,
            "eps_growth_year": -10,
            "eps_4q": 0.78,
            "eps_4q_growth_year": 34.9,
            "roe": 1.31,
            "gross_profit": 61255,
            "gross_margin": 32.51,
            "net_income": 18626,
            "revenue": 188394,
            "common_shares": 1020000,
            "equity": 1432987,
            "current_ratio": 881.09,
            "debt_ratio": 23.22,
            "inventory_turnover_ratio": 1.05,
            "account_receivable_turnover_ratio": 0.88,
            "reinvestment_rate": 10.56,
            "research_to_sale_ratio": 5.11,
            "price_fair": 21.61,
            "eps_avg_yearly": 0.62,
            "eps_latest_yearly": 0.72,
            "eps_growth_yearly": 128.07
        },
        "20174": {
            "year_quarter": 20174,
            "year": 2017,
            "quarter": 4,
            "eps": 0.1,
            "eps_growth_year": -32.71,
            "eps_4q": 0.73,
            "eps_4q_growth_year": 23.93,
            "roe": 0.29,
            "gross_profit": 35276,
            "gross_margin": 23.02,
            "net_income": 4088,
            "revenue": 153254,
            "common_shares": 1020000,
            "equity": 1423804,
            "current_ratio": 823.06,
            "debt_ratio": 23.96,
            "inventory_turnover_ratio": 0.98,
            "account_receivable_turnover_ratio": 0.75,
            "reinvestment_rate": 2.54,
            "research_to_sale_ratio": 7.13,
            "price_fair": 21.79,
            "eps_avg_yearly": 0.62,
            "eps_latest_yearly": 0.4,
            "eps_growth_yearly": 131.43
        },
        "20181": {
            "year_quarter": 20181,
            "year": 2018,
            "quarter": 1,
            "eps": -0.37,
            "eps_growth_year": -215.62,
            "eps_4q": 0.03,
            "eps_4q_growth_year": -95.78,
            "roe": -2.84,
            "gross_profit": 39952,
            "gross_margin": 28.65,
            "net_income": -39595,
            "revenue": 139463,
            "common_shares": 1020000,
            "equity": 1360303,
            "current_ratio": 933.96,
            "debt_ratio": 25.61,
            "inventory_turnover_ratio": 0.8,
            "account_receivable_turnover_ratio": 0.73,
            "reinvestment_rate": 0.27,
            "research_to_sale_ratio": 7.1,
            "price_fair": 20.16,
            "eps_avg_yearly": 0.58,
            "eps_latest_yearly": 0.4,
            "eps_growth_yearly": 56.86
        },
        "20182": {
            "year_quarter": 20182,
            "year": 2018,
            "quarter": 2,
            "eps": 0.04,
            "eps_growth_year": -69.23,
            "eps_4q": -0.06,
            "eps_4q_growth_year": -108.09,
            "roe": 0.37,
            "gross_profit": 45552,
            "gross_margin": 27.09,
            "net_income": 5117,
            "revenue": 168180,
            "common_shares": 1020000,
            "equity": 1374676,
            "current_ratio": 737.62,
            "debt_ratio": 27.43,
            "inventory_turnover_ratio": 0.98,
            "account_receivable_turnover_ratio": 0.87,
            "reinvestment_rate": 2.24,
            "research_to_sale_ratio": 6.58,
            "price_fair": 20.7,
            "eps_avg_yearly": 0.59,
            "eps_latest_yearly": 0.4,
            "eps_growth_yearly": 81.7
        },
        "20183": {
            "year_quarter": 20183,
            "year": 2018,
            "quarter": 3,
            "eps": 0.04,
            "eps_growth_year": -77.78,
            "eps_4q": -0.2,
            "eps_4q_growth_year": -125.4,
            "roe": 0.32,
            "gross_profit": 44568,
            "gross_margin": 28.75,
            "net_income": 4444,
            "revenue": 154998,
            "common_shares": 1020000,
            "equity": 1363566,
            "current_ratio": 860.1,
            "debt_ratio": 26.33,
            "inventory_turnover_ratio": 0.85,
            "account_receivable_turnover_ratio": 0.79,
            "reinvestment_rate": -4.45,
            "research_to_sale_ratio": 7.28,
            "price_fair": 19,
            "eps_avg_yearly": 0.54,
            "eps_latest_yearly": 0.16,
            "eps_growth_yearly": 43.61
        },
        "20184": {
            "year_quarter": 20184,
            "year": 2018,
            "quarter": 4,
            "eps": 0.02,
            "eps_growth_year": -82.76,
            "eps_4q": -0.28,
            "eps_4q_growth_year": -137.88,
            "roe": -0.14,
            "gross_profit": 42502,
            "gross_margin": 28.43,
            "net_income": -1888,
            "revenue": 149517,
            "common_shares": 1020000,
            "equity": 1365182,
            "current_ratio": 968.5,
            "debt_ratio": 25.39,
            "inventory_turnover_ratio": 0.76,
            "account_receivable_turnover_ratio": 0.83,
            "reinvestment_rate": -10.14,
            "research_to_sale_ratio": 5.99,
            "price_fair": 17.9,
            "eps_avg_yearly": 0.51,
            "eps_latest_yearly": 0.08,
            "eps_growth_yearly": 40.21
        },
        "20191": {
            "year_quarter": 20191,
            "year": 2019,
            "quarter": 1,
            "eps": 0.21,
            "eps_growth_year": null,
            "eps_4q": 0.31,
            "eps_4q_growth_year": 833.92,
            "roe": 1.53,
            "gross_profit": 42105,
            "gross_margin": 27.76,
            "net_income": 21277,
            "revenue": 151667,
            "common_shares": 1020000,
            "equity": 1417417,
            "current_ratio": 1047.37,
            "debt_ratio": 24.57,
            "inventory_turnover_ratio": 0.76,
            "account_receivable_turnover_ratio": 0.91,
            "reinvestment_rate": -6.64,
            "research_to_sale_ratio": 5.73,
            "price_fair": 18.8,
            "eps_avg_yearly": 0.54,
            "eps_latest_yearly": 0.84,
            "eps_growth_yearly": 313.83
        },
        "20192": {
            "year_quarter": 20192,
            "year": 2019,
            "quarter": 2,
            "eps": 0.09,
            "eps_growth_year": 125,
            "eps_4q": 0.36,
            "eps_4q_growth_year": null,
            "roe": 0.64,
            "gross_profit": 47985,
            "gross_margin": 28.75,
            "net_income": 9183,
            "revenue": 166889,
            "common_shares": 1020000,
            "equity": 1435789,
            "current_ratio": 932.56,
            "debt_ratio": 25.31,
            "inventory_turnover_ratio": 0.78,
            "account_receivable_turnover_ratio": 0.98,
            "reinvestment_rate": -6.81,
            "research_to_sale_ratio": 6.22,
            "price_fair": 18.6,
            "eps_avg_yearly": 0.53,
            "eps_latest_yearly": 0.36,
            "eps_growth_yearly": 299.89
        },
        "20193": {
            "year_quarter": 20193,
            "year": 2019,
            "quarter": 3,
            "eps": 0.16,
            "eps_growth_year": 300,
            "eps_4q": 0.47,
            "eps_4q_growth_year": null,
            "roe": 1.06,
            "gross_profit": 56204,
            "gross_margin": 31.15,
            "net_income": 15247,
            "revenue": 180435,
            "common_shares": 1020000,
            "equity": 1440118,
            "current_ratio": 978.76,
            "debt_ratio": 25.08,
            "inventory_turnover_ratio": 0.76,
            "account_receivable_turnover_ratio": 0.95,
            "reinvestment_rate": -12.92,
            "research_to_sale_ratio": 5.05,
            "price_fair": 19.7,
            "eps_avg_yearly": 0.56,
            "eps_latest_yearly": 0.64,
            "eps_growth_yearly": 337.69
        },
        "20194": {
            "year_quarter": 20194,
            "year": 2019,
            "quarter": 4,
            "eps": 0.19,
            "eps_growth_year": 1018.24,
            "eps_4q": 0.64,
            "eps_4q_growth_year": null,
            "roe": 1.09,
            "gross_profit": 54373,
            "gross_margin": 29.36,
            "net_income": 15495,
            "revenue": 185225,
            "common_shares": 1020000,
            "equity": 1412895,
            "current_ratio": 844.09,
            "debt_ratio": 26.7,
            "inventory_turnover_ratio": 0.73,
            "account_receivable_turnover_ratio": 0.99,
            "reinvestment_rate": -13.46,
            "research_to_sale_ratio": 4.4,
            "price_fair": 20.3,
            "eps_avg_yearly": 0.58,
            "eps_latest_yearly": 0.76,
            "eps_growth_yearly": 297.34
        },
        "20201": {
            "year_quarter": 20201,
            "year": 2020,
            "quarter": 1,
            "eps": -0.04,
            "eps_growth_year": -119.05,
            "eps_4q": 0.39,
            "eps_4q_growth_year": 28.56,
            "roe": -0.57,
            "gross_profit": 33067,
            "gross_margin": 22.07,
            "net_income": -7911,
            "revenue": 149814,
            "common_shares": 1020000,
            "equity": 1369016,
            "current_ratio": 987.66,
            "debt_ratio": 25.99,
            "inventory_turnover_ratio": 0.56,
            "account_receivable_turnover_ratio": 0.87,
            "reinvestment_rate": -16.16,
            "research_to_sale_ratio": 5.87,
            "price_fair": 20.35,
            "eps_avg_yearly": 0.58,
            "eps_latest_yearly": 0.76,
            "eps_growth_yearly": 317.84
        },
        "20202": {
            "year_quarter": 20202,
            "year": 2020,
            "quarter": 2,
            "eps": 0.23,
            "eps_growth_year": 155.56,
            "eps_4q": 0.53,
            "eps_4q_growth_year": 47.88,
            "roe": 1.42,
            "gross_profit": 59276,
            "gross_margin": 28.61,
            "net_income": 19165,
            "revenue": 207188,
            "common_shares": 1020000,
            "equity": 1337954,
            "current_ratio": 695.15,
            "debt_ratio": 29.46,
            "inventory_turnover_ratio": 0.69,
            "account_receivable_turnover_ratio": 1.21,
            "reinvestment_rate": -17.38,
            "research_to_sale_ratio": 4.49,
            "price_fair": 20.77,
            "eps_avg_yearly": 0.59,
            "eps_latest_yearly": 0.76,
            "eps_growth_yearly": 351.47
        },
        "20203": {
            "year_quarter": 20203,
            "year": 2020,
            "quarter": 3,
            "eps": 0.29,
            "eps_growth_year": 81.25,
            "eps_4q": 0.67,
            "eps_4q_growth_year": 41.4,
            "roe": 2.48,
            "gross_profit": 64673,
            "gross_margin": 27.29,
            "net_income": 33481,
            "revenue": 236968,
            "common_shares": 1020000,
            "equity": 1364526,
            "current_ratio": 830.63,
            "debt_ratio": 27.89,
            "inventory_turnover_ratio": 0.8,
            "account_receivable_turnover_ratio": 1.27,
            "reinvestment_rate": -10.99,
            "research_to_sale_ratio": 3.92,
            "price_fair": 21.82,
            "eps_avg_yearly": 0.62,
            "eps_latest_yearly": 1.16,
            "eps_growth_yearly": 332.9
        },
        "20204": {
            "year_quarter": 20204,
            "year": 2020,
            "quarter": 4,
            "eps": 0.08,
            "eps_growth_year": -54.95,
            "eps_4q": 0.57,
            "eps_4q_growth_year": -11.68,
            "roe": 0.46,
            "gross_profit": 46601,
            "gross_margin": 20.73,
            "net_income": 6296,
            "revenue": 224747,
            "common_shares": 1020000,
            "equity": 1377021,
            "current_ratio": 864.97,
            "debt_ratio": 27.45,
            "inventory_turnover_ratio": 0.88,
            "account_receivable_turnover_ratio": 1.29,
            "reinvestment_rate": -9.73,
            "research_to_sale_ratio": 4.32,
            "price_fair": 21.12,
            "eps_avg_yearly": 0.6,
            "eps_latest_yearly": 0.32,
            "eps_growth_yearly": 318.76
        },
        "20211": {
            "year_quarter": 20211,
            "year": 2021,
            "quarter": 1,
            "eps": 0.02,
            "eps_growth_year": null,
            "eps_4q": 0.63,
            "eps_4q_growth_year": 60.32,
            "roe": 0.22,
            "gross_profit": 29261,
            "gross_margin": 21.91,
            "net_income": 2963,
            "revenue": 133536,
            "common_shares": 1020000,
            "equity": 1359291,
            "current_ratio": 830.82,
            "debt_ratio": 27.94,
            "inventory_turnover_ratio": 0.57,
            "account_receivable_turnover_ratio": 0.95,
            "reinvestment_rate": -46.39,
            "research_to_sale_ratio": 6.36,
            "price_fair": 17.62,
            "eps_avg_yearly": 0.5,
            "eps_latest_yearly": 0.08,
            "eps_growth_yearly": 250.9
        },
        "20212": {
            "year_quarter": 20212,
            "year": 2021,
            "quarter": 2,
            "eps": -0.02,
            "eps_growth_year": -108.7,
            "eps_4q": 0.38,
            "eps_4q_growth_year": -28.6,
            "roe": 0.08,
            "gross_profit": 27679,
            "gross_margin": 20.34,
            "net_income": 1035,
            "revenue": 136097,
            "common_shares": 1020000,
            "equity": 1312420,
            "current_ratio": 860.42,
            "debt_ratio": 28.18,
            "inventory_turnover_ratio": 0.57,
            "account_receivable_turnover_ratio": 0.96,
            "reinvestment_rate": -60.51,
            "research_to_sale_ratio": 6.13,
            "price_fair": 17.56,
            "eps_avg_yearly": 0.5,
            "eps_latest_yearly": 0.08,
            "eps_growth_yearly": 295.3
        },
        "20213": {
            "year_quarter": 20213,
            "year": 2021,
            "quarter": 3,
            "eps": -0.05,
            "eps_growth_year": -117.24,
            "eps_4q": 0.04,
            "eps_4q_growth_year": -94.29,
            "roe": -0.18,
            "gross_profit": 28130,
            "gross_margin": 20.95,
            "net_income": -2377,
            "revenue": 134245,
            "common_shares": 1020000,
            "equity": 1302467,
            "current_ratio": 853.56,
            "debt_ratio": 28.36,
            "inventory_turnover_ratio": 0.47,
            "account_receivable_turnover_ratio": 0.91,
            "reinvestment_rate": -78.35,
            "research_to_sale_ratio": 7.37,
            "price_fair": 16.8,
            "eps_avg_yearly": 0.48,
            "eps_latest_yearly": 0.08,
            "eps_growth_yearly": 309.45
        },
        "20214": {
            "year_quarter": 20214,
            "year": 2021,
            "quarter": 4,
            "eps": 0.03,
            "eps_growth_year": -66.64,
            "eps_4q": -0.02,
            "eps_4q_growth_year": -103.38,
            "roe": 0.32,
            "gross_profit": 32470,
            "gross_margin": 17.59,
            "net_income": 4183,
            "revenue": 184563,
            "common_shares": 1020000,
            "equity": 1302056,
            "current_ratio": 885.69,
            "debt_ratio": 27.95,
            "inventory_turnover_ratio": 0.65,
            "account_receivable_turnover_ratio": 1.31,
            "reinvestment_rate": -67.78,
            "research_to_sale_ratio": 5.51,
            "price_fair": 17.11,
            "eps_avg_yearly": 0.49,
            "eps_latest_yearly": 0.08,
            "eps_growth_yearly": 363.58
        },
        "20221": {
            "year_quarter": 20221,
            "year": 2022,
            "quarter": 1,
            "eps": -0.06,
            "eps_growth_year": -400,
            "eps_4q": -0.1,
            "eps_4q_growth_year": -115.2,
            "roe": -0.08,
            "gross_profit": 28192,
            "gross_margin": 15.66,
            "net_income": -1070,
            "revenue": 179978,
            "common_shares": 1020000,
            "equity": 1321461,
            "current_ratio": 982.13,
            "debt_ratio": 26.91,
            "inventory_turnover_ratio": 0.6,
            "account_receivable_turnover_ratio": 1.16,
            "reinvestment_rate": -47.79,
            "research_to_sale_ratio": 5.35,
            "price_fair": 17.11,
            "eps_avg_yearly": 0.49,
            "eps_latest_yearly": 0.08,
            "eps_growth_yearly": 363.58
        },
        "20222": {
            "year_quarter": 20222,
            "year": 2022,
            "quarter": 2,
            "eps": -0.05,
            "eps_growth_year": null,
            "eps_4q": -0.13,
            "eps_4q_growth_year": -133.4,
            "roe": -0.33,
            "gross_profit": 48607,
            "gross_margin": 22.48,
            "net_income": -4407,
            "revenue": 216209,
            "common_shares": 1020000,
            "equity": 1313046,
            "current_ratio": 982.24,
            "debt_ratio": 26.9,
            "inventory_turnover_ratio": 0.63,
            "account_receivable_turnover_ratio": 1.36,
            "reinvestment_rate": -55.33,
            "research_to_sale_ratio": 4.29,
            "price_fair": 17.11,
            "eps_avg_yearly": 0.49,
            "eps_latest_yearly": 0.08,
            "eps_growth_yearly": 363.58
        },
        "20223": {
            "year_quarter": 20223,
            "year": 2022,
            "quarter": 3,
            "eps": 0.03,
            "eps_growth_year": null,
            "eps_4q": -0.05,
            "eps_4q_growth_year": -233.5,
            "roe": 0.29,
            "gross_profit": 37656,
            "gross_margin": 21.12,
            "net_income": 3890,
            "revenue": 178263,
            "common_shares": 1020000,
            "equity": 1371277,
            "current_ratio": 949.51,
            "debt_ratio": 26.56,
            "inventory_turnover_ratio": 0.54,
            "account_receivable_turnover_ratio": 1.25,
            "reinvestment_rate": -44.12,
            "research_to_sale_ratio": 5.45,
            "price_fair": 18.55,
            "eps_avg_yearly": 0.53,
            "eps_latest_yearly": 0.08,
            "eps_growth_yearly": 409.03
        },
        "20224": {
            "year_quarter": 20224,
            "year": 2022,
            "quarter": 4,
            "eps": 0.14,
            "eps_growth_year": 408.47,
            "eps_4q": 0.06,
            "eps_4q_growth_year": null,
            "roe": 1,
            "gross_profit": 39586,
            "gross_margin": 22.76,
            "net_income": 13719,
            "revenue": 173939,
            "common_shares": 1020000,
            "equity": 1369395,
            "current_ratio": 1029.52,
            "debt_ratio": 25.85,
            "inventory_turnover_ratio": 0.53,
            "account_receivable_turnover_ratio": 1.1,
            "reinvestment_rate": -41.73,
            "research_to_sale_ratio": 5.46,
            "price_fair": 20.65,
            "eps_avg_yearly": 0.59,
            "eps_latest_yearly": 0.56,
            "eps_growth_yearly": 617.36
        },
        "20231": {
            "year_quarter": 20231,
            "year": 2023,
            "quarter": 1,
            "eps": -0.15,
            "eps_growth_year": null,
            "eps_4q": -0.03,
            "eps_4q_growth_year": null,
            "roe": -1.1,
            "gross_profit": 33005,
            "gross_margin": 21.66,
            "net_income": -14946,
            "revenue": 152396,
            "common_shares": 1020000,
            "equity": 1348868,
            "current_ratio": 974.03,
            "debt_ratio": 26.18,
            "inventory_turnover_ratio": 0.5,
            "account_receivable_turnover_ratio": 0.9,
            "reinvestment_rate": -61.84,
            "research_to_sale_ratio": 6.5,
            "price_fair": 19.4,
            "eps_avg_yearly": 0.55,
            "eps_latest_yearly": 0.56,
            "eps_growth_yearly": 162.7
        }
    },
    "months": {
        "2002-01": {
            "month": "2002-01",
            "price": "47.86",
            "revenue": 35898
        },
        "2002-02": {
            "month": "2002-02",
            "price": "48.41",
            "revenue": 28655
        },
        "2002-03": {
            "month": "2002-03",
            "price": "40.61",
            "revenue": 40549
        },
        "2002-04": {
            "month": "2002-04",
            "price": "37.86",
            "revenue": 36871
        },
        "2002-05": {
            "month": "2002-05",
            "price": "33.37",
            "revenue": 43257
        },
        "2002-06": {
            "month": "2002-06",
            "price": "31.16",
            "revenue": 46657
        },
        "2002-07": {
            "month": "2002-07",
            "price": "27.73",
            "revenue": 25731
        },
        "2002-08": {
            "month": "2002-08",
            "price": "25.41",
            "revenue": 44555
        },
        "2002-09": {
            "month": "2002-09",
            "price": "21.58",
            "revenue": 43008
        },
        "2002-10": {
            "month": "2002-10",
            "price": "17.81",
            "revenue": 46336
        },
        "2002-11": {
            "month": "2002-11",
            "price": "17.29",
            "revenue": 49123
        },
        "2002-12": {
            "month": "2002-12",
            "price": "17.28",
            "revenue": 49757
        },
        "2003-01": {
            "month": "2003-01",
            "price": "17.68",
            "revenue": 57631
        },
        "2003-02": {
            "month": "2003-02",
            "price": "17.63",
            "revenue": 49831
        },
        "2003-03": {
            "month": "2003-03",
            "price": "20.41",
            "revenue": 50966
        },
        "2003-04": {
            "month": "2003-04",
            "price": "20.57",
            "revenue": 52086
        },
        "2003-05": {
            "month": "2003-05",
            "price": "23.66",
            "revenue": 61256
        },
        "2003-06": {
            "month": "2003-06",
            "price": "28.36",
            "revenue": 54855
        },
        "2003-07": {
            "month": "2003-07",
            "price": "26.75",
            "revenue": 55449
        },
        "2003-08": {
            "month": "2003-08",
            "price": "24.21",
            "revenue": 61586
        },
        "2003-09": {
            "month": "2003-09",
            "price": "23.21",
            "revenue": 62007
        },
        "2003-10": {
            "month": "2003-10",
            "price": "22.79",
            "revenue": 68050
        },
        "2003-11": {
            "month": "2003-11",
            "price": "23.58",
            "revenue": 62293
        },
        "2003-12": {
            "month": "2003-12",
            "price": "23.40",
            "revenue": 63700
        },
        "2004-01": {
            "month": "2004-01",
            "price": "25.49",
            "revenue": 62490
        },
        "2004-02": {
            "month": "2004-02",
            "price": "28.06",
            "revenue": 64902
        },
        "2004-03": {
            "month": "2004-03",
            "price": "27.17",
            "revenue": 70102
        },
        "2004-04": {
            "month": "2004-04",
            "price": "27.24",
            "revenue": 63622
        },
        "2004-05": {
            "month": "2004-05",
            "price": "23.90",
            "revenue": 41470
        },
        "2004-06": {
            "month": "2004-06",
            "price": "21.84",
            "revenue": 41512
        },
        "2004-07": {
            "month": "2004-07",
            "price": "18.94",
            "revenue": 42579
        },
        "2004-08": {
            "month": "2004-08",
            "price": "16.35",
            "revenue": 50828
        },
        "2004-09": {
            "month": "2004-09",
            "price": "15.82",
            "revenue": 77671
        },
        "2004-10": {
            "month": "2004-10",
            "price": "16.60",
            "revenue": 80314
        },
        "2004-11": {
            "month": "2004-11",
            "price": "16.30",
            "revenue": 81762
        },
        "2004-12": {
            "month": "2004-12",
            "price": "16.48",
            "revenue": 82837
        },
        "2005-01": {
            "month": "2005-01",
            "price": "16.76",
            "revenue": 73475
        },
        "2005-02": {
            "month": "2005-02",
            "price": "19.20",
            "revenue": 41630
        },
        "2005-03": {
            "month": "2005-03",
            "price": "18.65",
            "revenue": 58217
        },
        "2005-04": {
            "month": "2005-04",
            "price": "16.69",
            "revenue": 44492
        },
        "2005-05": {
            "month": "2005-05",
            "price": "15.62",
            "revenue": 57852
        },
        "2005-06": {
            "month": "2005-06",
            "price": "16.36",
            "revenue": 72070
        },
        "2005-07": {
            "month": "2005-07",
            "price": "18.34",
            "revenue": 69267
        },
        "2005-08": {
            "month": "2005-08",
            "price": "17.40",
            "revenue": 63279
        },
        "2005-09": {
            "month": "2005-09",
            "price": "16.72",
            "revenue": 61289
        },
        "2005-10": {
            "month": "2005-10",
            "price": "15.81",
            "revenue": 63864
        },
        "2005-11": {
            "month": "2005-11",
            "price": "15.44",
            "revenue": 88216
        },
        "2005-12": {
            "month": "2005-12",
            "price": "17.30",
            "revenue": 92707
        },
        "2006-01": {
            "month": "2006-01",
            "price": "18.95",
            "revenue": 100649
        },
        "2006-02": {
            "month": "2006-02",
            "price": "23.38",
            "revenue": 63667
        },
        "2006-03": {
            "month": "2006-03",
            "price": "24.17",
            "revenue": 94695
        },
        "2006-04": {
            "month": "2006-04",
            "price": "27.06",
            "revenue": 97872
        },
        "2006-05": {
            "month": "2006-05",
            "price": "29.23",
            "revenue": 100704
        },
        "2006-06": {
            "month": "2006-06",
            "price": "26.93",
            "revenue": 72542
        },
        "2006-07": {
            "month": "2006-07",
            "price": "25.47",
            "revenue": 53743
        },
        "2006-08": {
            "month": "2006-08",
            "price": "23.22",
            "revenue": 90278
        },
        "2006-09": {
            "month": "2006-09",
            "price": "22.44",
            "revenue": 76399
        },
        "2006-10": {
            "month": "2006-10",
            "price": "22.68",
            "revenue": 40079
        },
        "2006-11": {
            "month": "2006-11",
            "price": "21.85",
            "revenue": 42108
        },
        "2006-12": {
            "month": "2006-12",
            "price": "22.75",
            "revenue": 75305
        },
        "2007-01": {
            "month": "2007-01",
            "price": "25.50",
            "revenue": 60460
        },
        "2007-02": {
            "month": "2007-02",
            "price": "24.81",
            "revenue": 43952
        },
        "2007-03": {
            "month": "2007-03",
            "price": "26.38",
            "revenue": 101151
        },
        "2007-04": {
            "month": "2007-04",
            "price": "30.69",
            "revenue": 110774
        },
        "2007-05": {
            "month": "2007-05",
            "price": "31.22",
            "revenue": 70558
        },
        "2007-06": {
            "month": "2007-06",
            "price": "29.71",
            "revenue": 85748
        },
        "2007-07": {
            "month": "2007-07",
            "price": "35.55",
            "revenue": 101495
        },
        "2007-08": {
            "month": "2007-08",
            "price": "31.07",
            "revenue": 61497
        },
        "2007-09": {
            "month": "2007-09",
            "price": "26.61",
            "revenue": 50463
        },
        "2007-10": {
            "month": "2007-10",
            "price": "24.20",
            "revenue": 40625
        },
        "2007-11": {
            "month": "2007-11",
            "price": "21.52",
            "revenue": 76494
        },
        "2007-12": {
            "month": "2007-12",
            "price": "19.99",
            "revenue": 91411
        },
        "2008-01": {
            "month": "2008-01",
            "price": "18.52",
            "revenue": 54328
        },
        "2008-02": {
            "month": "2008-02",
            "price": "17.26",
            "revenue": 22350
        },
        "2008-03": {
            "month": "2008-03",
            "price": "18.05",
            "revenue": 50353
        },
        "2008-04": {
            "month": "2008-04",
            "price": "18.89",
            "revenue": 50639
        },
        "2008-05": {
            "month": "2008-05",
            "price": "20.06",
            "revenue": 61309
        },
        "2008-06": {
            "month": "2008-06",
            "price": "19.06",
            "revenue": 106698
        },
        "2008-07": {
            "month": "2008-07",
            "price": "16.80",
            "revenue": 107234
        },
        "2008-08": {
            "month": "2008-08",
            "price": "17.64",
            "revenue": 103993
        },
        "2008-09": {
            "month": "2008-09",
            "price": "13.33",
            "revenue": 107954
        },
        "2008-10": {
            "month": "2008-10",
            "price": "11.49",
            "revenue": 76658
        },
        "2008-11": {
            "month": "2008-11",
            "price": "10.88",
            "revenue": 44742
        },
        "2008-12": {
            "month": "2008-12",
            "price": "10.07",
            "revenue": 80948
        },
        "2009-01": {
            "month": "2009-01",
            "price": "10.00",
            "revenue": 63730
        },
        "2009-02": {
            "month": "2009-02",
            "price": "10.61",
            "revenue": 55449
        },
        "2009-03": {
            "month": "2009-03",
            "price": "12.03",
            "revenue": 61627
        },
        "2009-04": {
            "month": "2009-04",
            "price": "13.99",
            "revenue": 54895
        },
        "2009-05": {
            "month": "2009-05",
            "price": "14.13",
            "revenue": 46502
        },
        "2009-06": {
            "month": "2009-06",
            "price": "13.39",
            "revenue": 64036
        },
        "2009-07": {
            "month": "2009-07",
            "price": "14.55",
            "revenue": 54787
        },
        "2009-08": {
            "month": "2009-08",
            "price": "17.06",
            "revenue": 81114
        },
        "2009-09": {
            "month": "2009-09",
            "price": "23.85",
            "revenue": 70028
        },
        "2009-10": {
            "month": "2009-10",
            "price": "24.50",
            "revenue": 55344
        },
        "2009-11": {
            "month": "2009-11",
            "price": "23.25",
            "revenue": 72584
        },
        "2009-12": {
            "month": "2009-12",
            "price": "25.67",
            "revenue": 80009
        },
        "2010-01": {
            "month": "2010-01",
            "price": "25.90",
            "revenue": 56930
        },
        "2010-02": {
            "month": "2010-02",
            "price": "23.25",
            "revenue": 30087
        },
        "2010-03": {
            "month": "2010-03",
            "price": "23.87",
            "revenue": 74900
        },
        "2010-04": {
            "month": "2010-04",
            "price": "26.32",
            "revenue": 70660
        },
        "2010-05": {
            "month": "2010-05",
            "price": "22.42",
            "revenue": 67173
        },
        "2010-06": {
            "month": "2010-06",
            "price": "21.36",
            "revenue": 54730
        },
        "2010-07": {
            "month": "2010-07",
            "price": "22.14",
            "revenue": 54796
        },
        "2010-08": {
            "month": "2010-08",
            "price": "21.33",
            "revenue": 54706
        },
        "2010-09": {
            "month": "2010-09",
            "price": "18.54",
            "revenue": 43428
        },
        "2010-10": {
            "month": "2010-10",
            "price": "18.25",
            "revenue": 32140
        },
        "2010-11": {
            "month": "2010-11",
            "price": "16.68",
            "revenue": 40086
        },
        "2010-12": {
            "month": "2010-12",
            "price": "17.37",
            "revenue": 44574
        },
        "2011-01": {
            "month": "2011-01",
            "price": "17.27",
            "revenue": 45227
        },
        "2011-02": {
            "month": "2011-02",
            "price": "16.61",
            "revenue": 20060
        },
        "2011-03": {
            "month": "2011-03",
            "price": "15.96",
            "revenue": 37546
        },
        "2011-04": {
            "month": "2011-04",
            "price": "15.64",
            "revenue": 40569
        },
        "2011-05": {
            "month": "2011-05",
            "price": "14.84",
            "revenue": 30094
        },
        "2011-06": {
            "month": "2011-06",
            "price": "14.03",
            "revenue": 27598
        },
        "2011-07": {
            "month": "2011-07",
            "price": "13.22",
            "revenue": 24352
        },
        "2011-08": {
            "month": "2011-08",
            "price": "11.35",
            "revenue": 43214
        },
        "2011-09": {
            "month": "2011-09",
            "price": "10.49",
            "revenue": 33107
        },
        "2011-10": {
            "month": "2011-10",
            "price": "10.22",
            "revenue": 39960
        },
        "2011-11": {
            "month": "2011-11",
            "price": "10.10",
            "revenue": 43517
        },
        "2011-12": {
            "month": "2011-12",
            "price": "9.49",
            "revenue": 38178
        },
        "2012-01": {
            "month": "2012-01",
            "price": "9.42",
            "revenue": 36095
        },
        "2012-02": {
            "month": "2012-02",
            "price": "10.89",
            "revenue": 42627
        },
        "2012-03": {
            "month": "2012-03",
            "price": "11.65",
            "revenue": 40411
        },
        "2012-04": {
            "month": "2012-04",
            "price": "10.04",
            "revenue": 61388
        },
        "2012-05": {
            "month": "2012-05",
            "price": "11.05",
            "revenue": 60216
        },
        "2012-06": {
            "month": "2012-06",
            "price": "11.75",
            "revenue": 50010
        },
        "2012-07": {
            "month": "2012-07",
            "price": "11.20",
            "revenue": 44056
        },
        "2012-08": {
            "month": "2012-08",
            "price": "11.19",
            "revenue": 31008
        },
        "2012-09": {
            "month": "2012-09",
            "price": "10.93",
            "revenue": 50227
        },
        "2012-10": {
            "month": "2012-10",
            "price": "10.58",
            "revenue": 43563
        },
        "2012-11": {
            "month": "2012-11",
            "price": "10.26",
            "revenue": 43695
        },
        "2012-12": {
            "month": "2012-12",
            "price": "10.46",
            "revenue": 40462
        },
        "2013-01": {
            "month": "2013-01",
            "price": "11.38",
            "revenue": 55299
        },
        "2013-02": {
            "month": "2013-02",
            "price": "11.29",
            "revenue": 12085
        },
        "2013-03": {
            "month": "2013-03",
            "price": "10.78",
            "revenue": 29128
        },
        "2013-04": {
            "month": "2013-04",
            "price": "10.28",
            "revenue": 41950
        },
        "2013-05": {
            "month": "2013-05",
            "price": "10.39",
            "revenue": 30413
        },
        "2013-06": {
            "month": "2013-06",
            "price": "10.31",
            "revenue": 45870
        },
        "2013-07": {
            "month": "2013-07",
            "price": "10.18",
            "revenue": 36095
        },
        "2013-08": {
            "month": "2013-08",
            "price": "10.29",
            "revenue": 42298
        },
        "2013-09": {
            "month": "2013-09",
            "price": "10.03",
            "revenue": 45065
        },
        "2013-10": {
            "month": "2013-10",
            "price": "10.88",
            "revenue": 50706
        },
        "2013-11": {
            "month": "2013-11",
            "price": "10.57",
            "revenue": 43848
        },
        "2013-12": {
            "month": "2013-12",
            "price": "11.10",
            "revenue": 46449
        },
        "2014-01": {
            "month": "2014-01",
            "price": "12.31",
            "revenue": 87274
        },
        "2014-02": {
            "month": "2014-02",
            "price": "16.68",
            "revenue": 26667
        },
        "2014-03": {
            "month": "2014-03",
            "price": "16.84",
            "revenue": 55632
        },
        "2014-04": {
            "month": "2014-04",
            "price": "18.36",
            "revenue": 31002
        },
        "2014-05": {
            "month": "2014-05",
            "price": "16.20",
            "revenue": 32106
        },
        "2014-06": {
            "month": "2014-06",
            "price": "15.91",
            "revenue": 40159
        },
        "2014-07": {
            "month": "2014-07",
            "price": "16.41",
            "revenue": 32012
        },
        "2014-08": {
            "month": "2014-08",
            "price": "15.72",
            "revenue": 33925
        },
        "2014-09": {
            "month": "2014-09",
            "price": "14.33",
            "revenue": 38393
        },
        "2014-10": {
            "month": "2014-10",
            "price": "12.61",
            "revenue": 41912
        },
        "2014-11": {
            "month": "2014-11",
            "price": "13.61",
            "revenue": 42650
        },
        "2014-12": {
            "month": "2014-12",
            "price": "14.12",
            "revenue": 49405
        },
        "2015-01": {
            "month": "2015-01",
            "price": "14.76",
            "revenue": 67815
        },
        "2015-02": {
            "month": "2015-02",
            "price": "15.02",
            "revenue": 26800
        },
        "2015-03": {
            "month": "2015-03",
            "price": "14.87",
            "revenue": 30116
        },
        "2015-04": {
            "month": "2015-04",
            "price": "14.18",
            "revenue": 40222
        },
        "2015-05": {
            "month": "2015-05",
            "price": "13.97",
            "revenue": 26297
        },
        "2015-06": {
            "month": "2015-06",
            "price": "12.45",
            "revenue": 42213
        },
        "2015-07": {
            "month": "2015-07",
            "price": "11.80",
            "revenue": 35656
        },
        "2015-08": {
            "month": "2015-08",
            "price": "11.26",
            "revenue": 47252
        },
        "2015-09": {
            "month": "2015-09",
            "price": "10.45",
            "revenue": 43028
        },
        "2015-10": {
            "month": "2015-10",
            "price": "11.22",
            "revenue": 34698
        },
        "2015-11": {
            "month": "2015-11",
            "price": "10.64",
            "revenue": 35552
        },
        "2015-12": {
            "month": "2015-12",
            "price": "10.22",
            "revenue": 36478
        },
        "2016-01": {
            "month": "2016-01",
            "price": "10.38",
            "revenue": 48952
        },
        "2016-02": {
            "month": "2016-02",
            "price": "10.35",
            "revenue": 24108
        },
        "2016-03": {
            "month": "2016-03",
            "price": "10.19",
            "revenue": 45684
        },
        "2016-04": {
            "month": "2016-04",
            "price": "10.41",
            "revenue": 35076
        },
        "2016-05": {
            "month": "2016-05",
            "price": "10.03",
            "revenue": 22875
        },
        "2016-06": {
            "month": "2016-06",
            "price": "10.02",
            "revenue": 28809
        },
        "2016-07": {
            "month": "2016-07",
            "price": "10.27",
            "revenue": 30456
        },
        "2016-08": {
            "month": "2016-08",
            "price": "10.34",
            "revenue": 35607
        },
        "2016-09": {
            "month": "2016-09",
            "price": "10.19",
            "revenue": 35389
        },
        "2016-10": {
            "month": "2016-10",
            "price": "10.02",
            "revenue": 25753
        },
        "2016-11": {
            "month": "2016-11",
            "price": "9.96",
            "revenue": 39283
        },
        "2016-12": {
            "month": "2016-12",
            "price": "10.40",
            "revenue": 32954
        },
        "2017-01": {
            "month": "2017-01",
            "price": "10.54",
            "revenue": 43874
        },
        "2017-02": {
            "month": "2017-02",
            "price": "10.88",
            "revenue": 37847
        },
        "2017-03": {
            "month": "2017-03",
            "price": "11.66",
            "revenue": 60404
        },
        "2017-04": {
            "month": "2017-04",
            "price": "11.76",
            "revenue": 66924
        },
        "2017-05": {
            "month": "2017-05",
            "price": "14.36",
            "revenue": 59169
        },
        "2017-06": {
            "month": "2017-06",
            "price": "14.47",
            "revenue": 55879
        },
        "2017-07": {
            "month": "2017-07",
            "price": "14.82",
            "revenue": 57448
        },
        "2017-08": {
            "month": "2017-08",
            "price": "13.89",
            "revenue": 63869
        },
        "2017-09": {
            "month": "2017-09",
            "price": "13.44",
            "revenue": 67173
        },
        "2017-10": {
            "month": "2017-10",
            "price": "13.86",
            "revenue": 37095
        },
        "2017-11": {
            "month": "2017-11",
            "price": "13.53",
            "revenue": 51105
        },
        "2017-12": {
            "month": "2017-12",
            "price": "13.19",
            "revenue": 65054
        },
        "2018-01": {
            "month": "2018-01",
            "price": "13.39",
            "revenue": 59310
        },
        "2018-02": {
            "month": "2018-02",
            "price": "12.77",
            "revenue": 21798
        },
        "2018-03": {
            "month": "2018-03",
            "price": "12.77",
            "revenue": 58355
        },
        "2018-04": {
            "month": "2018-04",
            "price": "12.43",
            "revenue": 57503
        },
        "2018-05": {
            "month": "2018-05",
            "price": "10.69",
            "revenue": 60408
        },
        "2018-06": {
            "month": "2018-06",
            "price": "10.64",
            "revenue": 50268
        },
        "2018-07": {
            "month": "2018-07",
            "price": "10.61",
            "revenue": 46793
        },
        "2018-08": {
            "month": "2018-08",
            "price": "10.62",
            "revenue": 53246
        },
        "2018-09": {
            "month": "2018-09",
            "price": "10.56",
            "revenue": 54960
        },
        "2018-10": {
            "month": "2018-10",
            "price": "10.18",
            "revenue": 51510
        },
        "2018-11": {
            "month": "2018-11",
            "price": "10.05",
            "revenue": 54950
        },
        "2018-12": {
            "month": "2018-12",
            "price": "9.86",
            "revenue": 43057
        },
        "2019-01": {
            "month": "2019-01",
            "price": "9.41",
            "revenue": 77696
        },
        "2019-02": {
            "month": "2019-02",
            "price": "9.84",
            "revenue": 19589
        },
        "2019-03": {
            "month": "2019-03",
            "price": "9.83",
            "revenue": 54382
        },
        "2019-04": {
            "month": "2019-04",
            "price": "9.87",
            "revenue": 54843
        },
        "2019-05": {
            "month": "2019-05",
            "price": "10.04",
            "revenue": 57208
        },
        "2019-06": {
            "month": "2019-06",
            "price": "9.99",
            "revenue": 54838
        },
        "2019-07": {
            "month": "2019-07",
            "price": "10.23",
            "revenue": 62081
        },
        "2019-08": {
            "month": "2019-08",
            "price": "10.65",
            "revenue": 53926
        },
        "2019-09": {
            "month": "2019-09",
            "price": "10.73",
            "revenue": 64427
        },
        "2019-10": {
            "month": "2019-10",
            "price": "10.81",
            "revenue": 54947
        },
        "2019-11": {
            "month": "2019-11",
            "price": "10.87",
            "revenue": 56448
        },
        "2019-12": {
            "month": "2019-12",
            "price": "11.43",
            "revenue": 73831
        },
        "2020-01": {
            "month": "2020-01",
            "price": "11.65",
            "revenue": 58727
        },
        "2020-02": {
            "month": "2020-02",
            "price": "10.33",
            "revenue": 32458
        },
        "2020-03": {
            "month": "2020-03",
            "price": "9.57",
            "revenue": 62473
        },
        "2020-04": {
            "month": "2020-04",
            "price": "10.23",
            "revenue": 65985
        },
        "2020-05": {
            "month": "2020-05",
            "price": "10.49",
            "revenue": 73993
        },
        "2020-06": {
            "month": "2020-06",
            "price": "10.88",
            "revenue": 67210
        },
        "2020-07": {
            "month": "2020-07",
            "price": "11.42",
            "revenue": 76927
        },
        "2020-08": {
            "month": "2020-08",
            "price": "11.32",
            "revenue": 68394
        },
        "2020-09": {
            "month": "2020-09",
            "price": "11.15",
            "revenue": 91648
        },
        "2020-10": {
            "month": "2020-10",
            "price": "12.09",
            "revenue": 81938
        },
        "2020-11": {
            "month": "2020-11",
            "price": "12.49",
            "revenue": 84030
        },
        "2020-12": {
            "month": "2020-12",
            "price": "13.42",
            "revenue": 58777
        },
        "2021-01": {
            "month": "2021-01",
            "price": "12.16",
            "revenue": 53494
        },
        "2021-02": {
            "month": "2021-02",
            "price": "11.30",
            "revenue": 31892
        },
        "2021-03": {
            "month": "2021-03",
            "price": "11.84",
            "revenue": 48150
        },
        "2021-04": {
            "month": "2021-04",
            "price": "13.21",
            "revenue": 51419
        },
        "2021-05": {
            "month": "2021-05",
            "price": "12.06",
            "revenue": 36508
        },
        "2021-06": {
            "month": "2021-06",
            "price": "11.87",
            "revenue": 48169
        },
        "2021-07": {
            "month": "2021-07",
            "price": "12.46",
            "revenue": 39849
        },
        "2021-08": {
            "month": "2021-08",
            "price": "12.13",
            "revenue": 45942
        },
        "2021-09": {
            "month": "2021-09",
            "price": "11.06",
            "revenue": 48454
        },
        "2021-10": {
            "month": "2021-10",
            "price": "10.97",
            "revenue": 66952
        },
        "2021-11": {
            "month": "2021-11",
            "price": "11.74",
            "revenue": 71281
        },
        "2021-12": {
            "month": "2021-12",
            "price": "12.45",
            "revenue": 46330
        },
        "2022-01": {
            "month": "2022-01",
            "price": "12.26",
            "revenue": 50923
        },
        "2022-02": {
            "month": "2022-02",
            "price": "11.73",
            "revenue": 50444
        },
        "2022-03": {
            "month": "2022-03",
            "price": "11.78",
            "revenue": 78611
        },
        "2022-04": {
            "month": "2022-04",
            "price": "12.02",
            "revenue": 62172
        },
        "2022-05": {
            "month": "2022-05",
            "price": "11.75",
            "revenue": 75239
        },
        "2022-06": {
            "month": "2022-06",
            "price": "12.66",
            "revenue": 78798
        },
        "2022-07": {
            "month": "2022-07",
            "price": "11.84",
            "revenue": 74758
        },
        "2022-08": {
            "month": "2022-08",
            "price": "13.20",
            "revenue": 61625
        },
        "2022-09": {
            "month": "2022-09",
            "price": "12.47",
            "revenue": 41880
        },
        "2022-10": {
            "month": "2022-10",
            "price": "11.56",
            "revenue": 52180
        },
        "2022-11": {
            "month": "2022-11",
            "price": "11.62",
            "revenue": 51128
        },
        "2022-12": {
            "month": "2022-12",
            "price": "11.60",
            "revenue": 70630
        },
        "2023-01": {
            "month": "2023-01",
            "price": "11.34",
            "revenue": 48522
        },
        "2023-02": {
            "month": "2023-02",
            "price": "11.74",
            "revenue": 28634
        },
        "2023-03": {
            "month": "2023-03",
            "price": "11.97",
            "revenue": 75240
        },
        "2023-04": {
            "month": "2023-04",
            "price": "12.37",
            "revenue": 56213
        }
    }
}
