{
    "summary": {
        "stock_name": "健和興",
        "stock_id": "3003",
        "category": "電子零組件",
        "main_business": "端子",
        "website_url": "http://www.ksterminals.com.tw",
        "ceo": "鄭傑元",
        "pe_ratio": 20,
        "report_year_from": 2001,
        "report_year_to": 2023,
        "age": 23,
        "eps_negative_percentage": 0,
        "eps_growth_avg": {
            "last_all": 8.41,
            "last_2y": 22.06,
            "last_4y": 7.88,
            "last_8y": 6.73,
            "last_12y": 6.7,
            "last_16y": 7.66,
            "last_20y": 8.4,
            "at_2006_last_3y": 11.51,
            "at_2007_last_3y": 0.96,
            "at_2008_last_3y": -11.82,
            "at_2009_last_3y": 16.07,
            "at_2010_last_3y": 10.8,
            "at_2011_last_3y": 11.01,
            "at_2012_last_3y": 39.48,
            "at_2013_last_3y": 19.79,
            "at_2014_last_3y": 6.63,
            "at_2015_last_3y": 13.74,
            "at_2016_last_3y": -0.16,
            "at_2017_last_3y": 9.95,
            "at_2018_last_3y": 5.29,
            "at_2019_last_3y": 3.54,
            "at_2020_last_3y": -0.66,
            "at_2021_last_3y": 17.44,
            "at_2022_last_3y": 22.22,
            "at_2023_last_3y": 12.86,
            "at_2024_last_3y": 12.86,
            "at_2006_last_all": 10.93,
            "at_2007_last_all": 3.39,
            "at_2008_last_all": -5.13,
            "at_2009_last_all": 3.75,
            "at_2010_last_all": 10.87,
            "at_2011_last_all": 6.44,
            "at_2012_last_all": 11.09,
            "at_2013_last_all": 9.1,
            "at_2014_last_all": 9.57,
            "at_2015_last_all": 8.52,
            "at_2016_last_all": 8.09,
            "at_2017_last_all": 9.31,
            "at_2018_last_all": 8.56,
            "at_2019_last_all": 7.42,
            "at_2020_last_all": 6.25,
            "at_2021_last_all": 10.94,
            "at_2022_last_all": 11.16,
            "at_2023_last_all": 8.41,
            "at_2024_last_all": 8.41
        },
        "latest_eps": 3.6,
        "latest_price": 71,
        "latest_roe": 9.33,
        "latest_gross_margin": 30.01,
        "latest_equity": 6232375,
        "latest_revenue": 978825,
        "latest_gross_profit": 293783,
        "latest_net_income": 155916,
        "latest_debt_ratio": 19.3,
        "latest_current_ratio": 770.14,
        "latest_account_receivable_turnover_ratio": 1.1,
        "latest_inventory_turnover_ratio": 0.46,
        "latest_reinvestment_rate": 25.78,
        "latest_research_to_sale_ratio": 3.23
    },
    "eps_dividends": {
        "2000": {
            "cash": 1,
            "stock": 1.5,
            "eps": 0
        },
        "2001": {
            "cash": 1,
            "stock": 1.2,
            "eps": 2.68
        },
        "2002": {
            "cash": 1,
            "stock": 1.2,
            "eps": 2.91
        },
        "2003": {
            "cash": 1.2,
            "stock": 1,
            "eps": 3.14
        },
        "2004": {
            "cash": 1.2,
            "stock": 1,
            "eps": 2.98
        },
        "2005": {
            "cash": 1,
            "stock": 1,
            "eps": 1.62
        },
        "2006": {
            "cash": 0.3,
            "stock": 0.7,
            "eps": 3.06
        },
        "2007": {
            "cash": 1.5,
            "stock": 0.5,
            "eps": 2.01
        },
        "2008": {
            "cash": 1.5,
            "stock": 0,
            "eps": 0.88
        },
        "2009": {
            "cash": 0.1,
            "stock": 0.3,
            "eps": 1.46
        },
        "2010": {
            "cash": 0.2,
            "stock": 0.8,
            "eps": 2.45
        },
        "2011": {
            "cash": 0.7,
            "stock": 0.8,
            "eps": 1.63
        },
        "2012": {
            "cash": 0,
            "stock": 0,
            "eps": 2.57
        },
        "2013": {
            "cash": 0.7,
            "stock": 0,
            "eps": 2.24
        },
        "2014": {
            "cash": 1,
            "stock": 0,
            "eps": 2.58
        },
        "2015": {
            "cash": 1,
            "stock": 0,
            "eps": 2.45
        },
        "2016": {
            "cash": 1,
            "stock": 0,
            "eps": 2.5
        },
        "2017": {
            "cash": 1.5,
            "stock": 0,
            "eps": 3.19
        },
        "2018": {
            "cash": 1.8,
            "stock": 0,
            "eps": 3.08
        },
        "2019": {
            "cash": 1.8,
            "stock": 0,
            "eps": 2.71
        },
        "2020": {
            "cash": 1,
            "stock": 0,
            "eps": 2.31
        },
        "2021": {
            "cash": 1.2,
            "stock": 0,
            "eps": 4.98
        },
        "2022": {
            "cash": 2,
            "stock": 0,
            "eps": 5.76
        },
        "2023": {
            "cash": 2,
            "stock": 0,
            "eps": 2.91
        }
    },
    "dividends": {
        "2000-06-15": {
            "cash": 1,
            "stock": 1.5
        },
        "2001-05-16": {
            "cash": 1,
            "stock": 1.2
        },
        "2002-06-14": {
            "cash": 1,
            "stock": 1.2
        },
        "2003-03-25": {
            "cash": 1.2,
            "stock": 1
        },
        "2004-06-01": {
            "cash": 1.2,
            "stock": 1
        },
        "2005-03-16": {
            "cash": 1,
            "stock": 1
        },
        "2006-03-24": {
            "cash": 0.3,
            "stock": 0.7
        },
        "2007-04-10": {
            "cash": 1.5,
            "stock": 0.5
        },
        "2008-03-27": {
            "cash": 1.5,
            "stock": 0
        },
        "2009-03-26": {
            "cash": 0.1,
            "stock": 0.3
        },
        "2010-03-26": {
            "cash": 0.2,
            "stock": 0.8
        },
        "2011-01-01": {
            "cash": 0.5,
            "stock": 0
        },
        "2011-03-22": {
            "cash": 0.2,
            "stock": 0.8
        },
        "2013-03-18": {
            "cash": 0.7,
            "stock": 0
        },
        "2014-09-05": {
            "cash": 1,
            "stock": 0
        },
        "2015-09-09": {
            "cash": 1,
            "stock": 0
        },
        "2016-07-20": {
            "cash": 1,
            "stock": 0
        },
        "2017-08-09": {
            "cash": 1.5,
            "stock": 0
        },
        "2018-07-30": {
            "cash": 1.8,
            "stock": 0
        },
        "2019-07-26": {
            "cash": 1.8,
            "stock": 0
        },
        "2020-07-24": {
            "cash": 1,
            "stock": 0
        },
        "2021-05-07": {
            "cash": 1.2,
            "stock": 0
        },
        "2022-05-06": {
            "cash": 2,
            "stock": 0
        },
        "2023-05-04": {
            "cash": 2,
            "stock": 0
        }
    },
    "prices": {
        "200101": "無",
        "200102": "無",
        "200103": "無",
        "200104": "無",
        "200105": "無",
        "200106": "無",
        "200107": "無",
        "200108": "無",
        "200109": "無",
        "200110": "無",
        "200111": "無",
        "200112": "無",
        "200201": "無",
        "200202": "36.99",
        "200203": "37.63",
        "200204": "40.67",
        "200205": "42.29",
        "200206": "43.44",
        "200207": "38.83",
        "200208": "35.99",
        "200209": "36.64",
        "200210": "33.94",
        "200211": "36.12",
        "200212": "34.61",
        "200301": "34.23",
        "200302": "33.62",
        "200303": "30.44",
        "200304": "31.95",
        "200305": "34.92",
        "200306": "39.37",
        "200307": "42.50",
        "200308": "40.03",
        "200309": "38.34",
        "200310": "37.00",
        "200311": "37.72",
        "200312": "37.01",
        "200401": "37.01",
        "200402": "37.62",
        "200403": "36.07",
        "200404": "34.93",
        "200405": "29.80",
        "200406": "29.40",
        "200407": "28.58",
        "200408": "29.00",
        "200409": "27.67",
        "200410": "27.56",
        "200411": "27.16",
        "200412": "27.70",
        "200501": "28.04",
        "200502": "28.05",
        "200503": "27.92",
        "200504": "27.53",
        "200505": "24.07",
        "200506": "24.36",
        "200507": "25.36",
        "200508": "21.00",
        "200509": "18.56",
        "200510": "17.11",
        "200511": "16.74",
        "200512": "17.88",
        "200601": "18.21",
        "200602": "17.71",
        "200603": "17.97",
        "200604": "19.64",
        "200605": "20.01",
        "200606": "18.38",
        "200607": "21.25",
        "200608": "23.45",
        "200609": "24.53",
        "200610": "31.18",
        "200611": "32.57",
        "200612": "42.53",
        "200701": "42.33",
        "200702": "40.93",
        "200703": "38.63",
        "200704": "36.03",
        "200705": "34.26",
        "200706": "38.02",
        "200707": "40.67",
        "200708": "36.19",
        "200709": "32.08",
        "200710": "33.13",
        "200711": "28.61",
        "200712": "25.93",
        "200801": "23.34",
        "200802": "22.43",
        "200803": "22.96",
        "200804": "24.76",
        "200805": "25.45",
        "200806": "23.50",
        "200807": "20.32",
        "200808": "19.49",
        "200809": "16.22",
        "200810": "14.32",
        "200811": "12.65",
        "200812": "11.23",
        "200901": "11.20",
        "200902": "11.98",
        "200903": "13.75",
        "200904": "14.78",
        "200905": "15.18",
        "200906": "15.31",
        "200907": "15.13",
        "200908": "17.92",
        "200909": "17.89",
        "200910": "21.99",
        "200911": "20.68",
        "200912": "25.25",
        "201001": "29.54",
        "201002": "27.26",
        "201003": "32.03",
        "201004": "38.28",
        "201005": "33.70",
        "201006": "30.97",
        "201007": "33.82",
        "201008": "35.30",
        "201009": "32.81",
        "201010": "31.47",
        "201011": "29.00",
        "201012": "31.60",
        "201101": "32.87",
        "201102": "31.57",
        "201103": "29.48",
        "201104": "28.25",
        "201105": "28.94",
        "201106": "27.99",
        "201107": "24.67",
        "201108": "21.02",
        "201109": "21.35",
        "201110": "21.10",
        "201111": "19.40",
        "201112": "19.62",
        "201201": "21.43",
        "201202": "22.68",
        "201203": "25.17",
        "201204": "25.00",
        "201205": "25.16",
        "201206": "24.89",
        "201207": "25.03",
        "201208": "25.57",
        "201209": "27.00",
        "201210": "24.72",
        "201211": "20.57",
        "201212": "21.14",
        "201301": "21.80",
        "201302": "21.72",
        "201303": "20.94",
        "201304": "20.78",
        "201305": "21.18",
        "201306": "20.69",
        "201307": "22.00",
        "201308": "26.40",
        "201309": "28.36",
        "201310": "28.88",
        "201311": "28.64",
        "201312": "32.44",
        "201401": "35.83",
        "201402": "40.12",
        "201403": "46.64",
        "201404": "52.45",
        "201405": "51.98",
        "201406": "49.56",
        "201407": "44.96",
        "201408": "42.04",
        "201409": "39.91",
        "201410": "35.54",
        "201411": "34.61",
        "201412": "37.25",
        "201501": "37.42",
        "201502": "39.78",
        "201503": "39.58",
        "201504": "39.86",
        "201505": "38.26",
        "201506": "37.71",
        "201507": "38.10",
        "201508": "30.04",
        "201509": "31.14",
        "201510": "38.65",
        "201511": "39.87",
        "201512": "37.10",
        "201601": "34.13",
        "201602": "36.93",
        "201603": "38.51",
        "201604": "41.92",
        "201605": "35.87",
        "201606": "36.85",
        "201607": "37.91",
        "201608": "38.24",
        "201609": "37.90",
        "201610": "36.32",
        "201611": "34.04",
        "201612": "36.14",
        "201701": "39.92",
        "201702": "42.89",
        "201703": "43.57",
        "201704": "45.87",
        "201705": "48.59",
        "201706": "47.71",
        "201707": "52.40",
        "201708": "54.71",
        "201709": "66.67",
        "201710": "74.32",
        "201711": "73.09",
        "201712": "62.65",
        "201801": "62.00",
        "201802": "53.58",
        "201803": "55.08",
        "201804": "54.11",
        "201805": "53.09",
        "201806": "54.14",
        "201807": "48.38",
        "201808": "49.73",
        "201809": "45.97",
        "201810": "41.25",
        "201811": "40.31",
        "201812": "43.32",
        "201901": "43.99",
        "201902": "45.62",
        "201903": "45.04",
        "201904": "45.90",
        "201905": "41.33",
        "201906": "40.61",
        "201907": "41.24",
        "201908": "39.60",
        "201909": "40.94",
        "201910": "48.34",
        "201911": "48.75",
        "201912": "48.16",
        "202001": "47.78",
        "202002": "42.96",
        "202003": "34.09",
        "202004": "35.25",
        "202005": "39.15",
        "202006": "41.62",
        "202007": "43.77",
        "202008": "40.67",
        "202009": "40.94",
        "202010": "38.93",
        "202011": "41.31",
        "202012": "43.63",
        "202101": "52.13",
        "202102": "54.46",
        "202103": "57.18",
        "202104": "72.62",
        "202105": "67.72",
        "202106": "78.86",
        "202107": "89.99",
        "202108": "93.36",
        "202109": "89.96",
        "202110": "90.76",
        "202111": "96.16",
        "202112": "92.49",
        "202201": "87.46",
        "202202": "86.55",
        "202203": "85.33",
        "202204": "79.11",
        "202205": "71.43",
        "202206": "75.37",
        "202207": "76.68",
        "202208": "83.11",
        "202209": "76.78",
        "202210": "69.26",
        "202211": "71.90",
        "202212": "71.79",
        "202301": "69.97",
        "202302": "72.38",
        "202303": "71.85",
        "202304": "75.05",
        "202305": "76.81",
        "202306": "83.38",
        "202307": "80.59",
        "202308": "72.78",
        "202309": "72.62",
        "202310": "70.10",
        "202311": "70.07",
        "202312": "72.09"
    },
    "quarters": {
        "20011": {
            "year_quarter": 20011,
            "year": 2001,
            "quarter": 1,
            "eps": 0.67,
            "eps_growth_year": null,
            "eps_4q": null,
            "eps_4q_growth_year": null,
            "roe": 4.31,
            "roe_4q": 4.31,
            "gross_profit": 79326,
            "gross_margin": 36.48,
            "gross_margin_4q_avg": 36.48,
            "net_income": 34621,
            "net_income_4q": null,
            "revenue": 217453,
            "revenue_4q": null,
            "common_shares": 517618,
            "book_valuer_per_share": 15.84,
            "book_valuer_per_share_4q_avg": 15.84,
            "equity": 819767,
            "current_ratio": 449.1,
            "debt_ratio": 19.19,
            "inventory_turnover_ratio": 0.68,
            "account_receivable_turnover_ratio": null,
            "reinvestment_rate": null,
            "research_to_sale_ratio": null,
            "price_fair": 0,
            "eps_avg_yearly": 0,
            "eps_latest_yearly": 0,
            "eps_growth_yearly": 0
        },
        "20012": {
            "year_quarter": 20012,
            "year": 2001,
            "quarter": 2,
            "eps": 0.71,
            "eps_growth_year": null,
            "eps_4q": null,
            "eps_4q_growth_year": null,
            "roe": 4.55,
            "roe_4q": 8.86,
            "gross_profit": 80568,
            "gross_margin": 34.53,
            "gross_margin_4q_avg": 35.51,
            "net_income": 36852,
            "net_income_4q": null,
            "revenue": 233296,
            "revenue_4q": null,
            "common_shares": 517618,
            "book_valuer_per_share": 15.49,
            "book_valuer_per_share_4q_avg": 15.67,
            "equity": 801691,
            "current_ratio": 306.99,
            "debt_ratio": 24.64,
            "inventory_turnover_ratio": 0.76,
            "account_receivable_turnover_ratio": null,
            "reinvestment_rate": null,
            "research_to_sale_ratio": null,
            "price_fair": 0,
            "eps_avg_yearly": 0,
            "eps_latest_yearly": 0,
            "eps_growth_yearly": 0
        },
        "20013": {
            "year_quarter": 20013,
            "year": 2001,
            "quarter": 3,
            "eps": 0.67,
            "eps_growth_year": null,
            "eps_4q": null,
            "eps_4q_growth_year": null,
            "roe": 4.77,
            "roe_4q": 13.629999999999999,
            "gross_profit": 74826,
            "gross_margin": 36.15,
            "gross_margin_4q_avg": 35.72,
            "net_income": 39155,
            "net_income_4q": null,
            "revenue": 206965,
            "revenue_4q": null,
            "common_shares": 581530,
            "book_valuer_per_share": 14.46,
            "book_valuer_per_share_4q_avg": 15.26,
            "equity": 840889,
            "current_ratio": 405.43,
            "debt_ratio": 17.71,
            "inventory_turnover_ratio": 0.67,
            "account_receivable_turnover_ratio": null,
            "reinvestment_rate": null,
            "research_to_sale_ratio": null,
            "price_fair": 0,
            "eps_avg_yearly": 0,
            "eps_latest_yearly": 0,
            "eps_growth_yearly": 0
        },
        "20014": {
            "year_quarter": 20014,
            "year": 2001,
            "quarter": 4,
            "eps": 0.63,
            "eps_growth_year": null,
            "eps_4q": 2.52,
            "eps_4q_growth_year": null,
            "roe": 4.29,
            "roe_4q": 17.919999999999998,
            "gross_profit": 72825,
            "gross_margin": 37.23,
            "gross_margin_4q_avg": 36.1,
            "net_income": 36826,
            "net_income_4q": null,
            "revenue": 195620,
            "revenue_4q": null,
            "common_shares": 581530,
            "book_valuer_per_share": 15.1,
            "book_valuer_per_share_4q_avg": 15.22,
            "equity": 877915,
            "current_ratio": 444.44,
            "debt_ratio": 16.24,
            "inventory_turnover_ratio": 0.68,
            "account_receivable_turnover_ratio": null,
            "reinvestment_rate": null,
            "research_to_sale_ratio": null,
            "price_fair": 0,
            "eps_avg_yearly": 0,
            "eps_latest_yearly": 0,
            "eps_growth_yearly": 0
        },
        "20021": {
            "year_quarter": 20021,
            "year": 2002,
            "quarter": 1,
            "eps": 0.7,
            "eps_growth_year": 4.48,
            "eps_4q": 2.65,
            "eps_4q_growth_year": null,
            "roe": 4.51,
            "roe_4q": 18.12,
            "gross_profit": 88621,
            "gross_margin": 38.79,
            "gross_margin_4q_avg": 36.68,
            "net_income": 40540,
            "net_income_4q": null,
            "revenue": 228477,
            "revenue_4q": null,
            "common_shares": 581530,
            "book_valuer_per_share": 15.79,
            "book_valuer_per_share_4q_avg": 15.21,
            "equity": 918454,
            "current_ratio": 393.48,
            "debt_ratio": 18.29,
            "inventory_turnover_ratio": 0.81,
            "account_receivable_turnover_ratio": null,
            "reinvestment_rate": null,
            "research_to_sale_ratio": null,
            "price_fair": 98,
            "eps_avg_yearly": 2.8,
            "eps_latest_yearly": 2.8,
            "eps_growth_yearly": 44.44
        },
        "20022": {
            "year_quarter": 20022,
            "year": 2002,
            "quarter": 2,
            "eps": 0.94,
            "eps_growth_year": 32.39,
            "eps_4q": 2.94,
            "eps_4q_growth_year": null,
            "roe": 6,
            "roe_4q": 19.57,
            "gross_profit": 99785,
            "gross_margin": 37.29,
            "gross_margin_4q_avg": 37.37,
            "net_income": 54900,
            "net_income_4q": null,
            "revenue": 267560,
            "revenue_4q": null,
            "common_shares": 581530,
            "book_valuer_per_share": 15.67,
            "book_valuer_per_share_4q_avg": 15.26,
            "equity": 910970,
            "current_ratio": 302.78,
            "debt_ratio": 22.96,
            "inventory_turnover_ratio": 0.93,
            "account_receivable_turnover_ratio": null,
            "reinvestment_rate": null,
            "research_to_sale_ratio": null,
            "price_fair": 114.8,
            "eps_avg_yearly": 3.28,
            "eps_latest_yearly": 3.76,
            "eps_growth_yearly": 90.79
        },
        "20023": {
            "year_quarter": 20023,
            "year": 2002,
            "quarter": 3,
            "eps": 0.64,
            "eps_growth_year": -4.48,
            "eps_4q": 2.65,
            "eps_4q_growth_year": null,
            "roe": 4.52,
            "roe_4q": 19.32,
            "gross_profit": 89149,
            "gross_margin": 38.18,
            "gross_margin_4q_avg": 37.87,
            "net_income": 42127,
            "net_income_4q": null,
            "revenue": 233501,
            "revenue_4q": null,
            "common_shares": 653639,
            "book_valuer_per_share": 14.59,
            "book_valuer_per_share_4q_avg": 15.29,
            "equity": 953564,
            "current_ratio": 421.83,
            "debt_ratio": 16.69,
            "inventory_turnover_ratio": 0.75,
            "account_receivable_turnover_ratio": null,
            "reinvestment_rate": null,
            "research_to_sale_ratio": null,
            "price_fair": 85.05,
            "eps_avg_yearly": 3.04,
            "eps_latest_yearly": 2.56,
            "eps_growth_yearly": 17.98
        },
        "20024": {
            "year_quarter": 20024,
            "year": 2002,
            "quarter": 4,
            "eps": 0.63,
            "eps_growth_year": 0,
            "eps_4q": 2.74,
            "eps_4q_growth_year": 8.57,
            "roe": 4.22,
            "roe_4q": 19.25,
            "gross_profit": 93488,
            "gross_margin": 37.99,
            "gross_margin_4q_avg": 38.06,
            "net_income": 41100,
            "net_income_4q": null,
            "revenue": 246114,
            "revenue_4q": null,
            "common_shares": 653639,
            "book_valuer_per_share": 15.22,
            "book_valuer_per_share_4q_avg": 15.32,
            "equity": 994606,
            "current_ratio": 424.41,
            "debt_ratio": 16.58,
            "inventory_turnover_ratio": 0.78,
            "account_receivable_turnover_ratio": null,
            "reinvestment_rate": null,
            "research_to_sale_ratio": null,
            "price_fair": 63.79,
            "eps_avg_yearly": 2.91,
            "eps_latest_yearly": 2.52,
            "eps_growth_yearly": 11.92
        },
        "20031": {
            "year_quarter": 20031,
            "year": 2003,
            "quarter": 1,
            "eps": 0.84,
            "eps_growth_year": 20,
            "eps_4q": 2.95,
            "eps_4q_growth_year": 11.33,
            "roe": 5.39,
            "roe_4q": 20.13,
            "gross_profit": 108791,
            "gross_margin": 40.72,
            "gross_margin_4q_avg": 38.55,
            "net_income": 55031,
            "net_income_4q": null,
            "revenue": 267201,
            "revenue_4q": null,
            "common_shares": 653639,
            "book_valuer_per_share": 16.03,
            "book_valuer_per_share_4q_avg": 15.38,
            "equity": 1048076,
            "current_ratio": 397.22,
            "debt_ratio": 17.97,
            "inventory_turnover_ratio": 0.8,
            "account_receivable_turnover_ratio": null,
            "reinvestment_rate": null,
            "research_to_sale_ratio": null,
            "price_fair": 105,
            "eps_avg_yearly": 3,
            "eps_latest_yearly": 3.36,
            "eps_growth_yearly": 36.2
        },
        "20032": {
            "year_quarter": 20032,
            "year": 2003,
            "quarter": 2,
            "eps": 0.99,
            "eps_growth_year": 5.32,
            "eps_4q": 2.9,
            "eps_4q_growth_year": -1.1,
            "roe": 6.87,
            "roe_4q": 21,
            "gross_profit": 122458,
            "gross_margin": 41.92,
            "gross_margin_4q_avg": 39.7,
            "net_income": 71554,
            "net_income_4q": null,
            "revenue": 292141,
            "revenue_4q": null,
            "common_shares": 653639,
            "book_valuer_per_share": 15.82,
            "book_valuer_per_share_4q_avg": 15.42,
            "equity": 1034137,
            "current_ratio": 298.34,
            "debt_ratio": 22.9,
            "inventory_turnover_ratio": 0.81,
            "account_receivable_turnover_ratio": null,
            "reinvestment_rate": null,
            "research_to_sale_ratio": null,
            "price_fair": 110.6,
            "eps_avg_yearly": 3.16,
            "eps_latest_yearly": 3.96,
            "eps_growth_yearly": 42.07
        },
        "20033": {
            "year_quarter": 20033,
            "year": 2003,
            "quarter": 3,
            "eps": 0.66,
            "eps_growth_year": 3.12,
            "eps_4q": 2.98,
            "eps_4q_growth_year": 12.39,
            "roe": 4.52,
            "roe_4q": 21,
            "gross_profit": 96278,
            "gross_margin": 37.24,
            "gross_margin_4q_avg": 39.47,
            "net_income": 47750,
            "net_income_4q": null,
            "revenue": 258550,
            "revenue_4q": null,
            "common_shares": 723400,
            "book_valuer_per_share": 14.9,
            "book_valuer_per_share_4q_avg": 15.49,
            "equity": 1077587,
            "current_ratio": 418.26,
            "debt_ratio": 14.6,
            "inventory_turnover_ratio": 0.75,
            "account_receivable_turnover_ratio": null,
            "reinvestment_rate": null,
            "research_to_sale_ratio": null,
            "price_fair": 83.36,
            "eps_avg_yearly": 3.09,
            "eps_latest_yearly": 2.64,
            "eps_growth_yearly": 17.02
        },
        "20034": {
            "year_quarter": 20034,
            "year": 2003,
            "quarter": 4,
            "eps": 0.65,
            "eps_growth_year": 3.17,
            "eps_4q": 3.07,
            "eps_4q_growth_year": 12.25,
            "roe": 4.24,
            "roe_4q": 21.02,
            "gross_profit": 91248,
            "gross_margin": 36.89,
            "gross_margin_4q_avg": 39.19,
            "net_income": 46745,
            "net_income_4q": null,
            "revenue": 247325,
            "revenue_4q": null,
            "common_shares": 723400,
            "book_valuer_per_share": 15.55,
            "book_valuer_per_share_4q_avg": 15.58,
            "equity": 1124799,
            "current_ratio": 417.98,
            "debt_ratio": 16,
            "inventory_turnover_ratio": 0.67,
            "account_receivable_turnover_ratio": null,
            "reinvestment_rate": null,
            "research_to_sale_ratio": null,
            "price_fair": 73,
            "eps_avg_yearly": 3.03,
            "eps_latest_yearly": 2.6,
            "eps_growth_yearly": 14.13
        },
        "20041": {
            "year_quarter": 20041,
            "year": 2004,
            "quarter": 1,
            "eps": 0.75,
            "eps_growth_year": -10.71,
            "eps_4q": 3.05,
            "eps_4q_growth_year": 3.28,
            "roe": 4.71,
            "roe_4q": 20.34,
            "gross_profit": 106270,
            "gross_margin": 37.38,
            "gross_margin_4q_avg": 38.36,
            "net_income": 54264,
            "net_income_4q": null,
            "revenue": 284279,
            "revenue_4q": null,
            "common_shares": 723400,
            "book_valuer_per_share": 16.27,
            "book_valuer_per_share_4q_avg": 15.64,
            "equity": 1176986,
            "current_ratio": 370.93,
            "debt_ratio": 18.57,
            "inventory_turnover_ratio": 0.7,
            "account_receivable_turnover_ratio": null,
            "reinvestment_rate": null,
            "research_to_sale_ratio": null,
            "price_fair": 88.85,
            "eps_avg_yearly": 3.02,
            "eps_latest_yearly": 3,
            "eps_growth_yearly": 19.4
        },
        "20042": {
            "year_quarter": 20042,
            "year": 2004,
            "quarter": 2,
            "eps": 0.97,
            "eps_growth_year": -2.02,
            "eps_4q": 2.83,
            "eps_4q_growth_year": -2.38,
            "roe": 6.61,
            "roe_4q": 20.08,
            "gross_profit": 140991,
            "gross_margin": 40.31,
            "gross_margin_4q_avg": 37.96,
            "net_income": 77420,
            "net_income_4q": null,
            "revenue": 349799,
            "revenue_4q": null,
            "common_shares": 723400,
            "book_valuer_per_share": 16.1,
            "book_valuer_per_share_4q_avg": 15.71,
            "equity": 1164789,
            "current_ratio": 387.67,
            "debt_ratio": 41.33,
            "inventory_turnover_ratio": 0.77,
            "account_receivable_turnover_ratio": null,
            "reinvestment_rate": null,
            "research_to_sale_ratio": null,
            "price_fair": 108.78,
            "eps_avg_yearly": 3.11,
            "eps_latest_yearly": 3.88,
            "eps_growth_yearly": 29.19
        },
        "20043": {
            "year_quarter": 20043,
            "year": 2004,
            "quarter": 3,
            "eps": 0.78,
            "eps_growth_year": 18.18,
            "eps_4q": 3.02,
            "eps_4q_growth_year": 1.34,
            "roe": 5.2,
            "roe_4q": 20.759999999999998,
            "gross_profit": 127848,
            "gross_margin": 39.75,
            "gross_margin_4q_avg": 38.58,
            "net_income": 62193,
            "net_income_4q": null,
            "revenue": 321610,
            "revenue_4q": null,
            "common_shares": 723400,
            "book_valuer_per_share": 16.97,
            "book_valuer_per_share_4q_avg": 16.22,
            "equity": 1227726,
            "current_ratio": 429.36,
            "debt_ratio": 39.22,
            "inventory_turnover_ratio": 0.67,
            "account_receivable_turnover_ratio": null,
            "reinvestment_rate": null,
            "research_to_sale_ratio": null,
            "price_fair": 91.45,
            "eps_avg_yearly": 3.11,
            "eps_latest_yearly": 3.12,
            "eps_growth_yearly": 19.42
        },
        "20044": {
            "year_quarter": 20044,
            "year": 2004,
            "quarter": 4,
            "eps": 0.48,
            "eps_growth_year": -26.15,
            "eps_4q": 2.88,
            "eps_4q_growth_year": -6.24,
            "roe": 3.09,
            "roe_4q": 19.61,
            "gross_profit": 99130,
            "gross_margin": 33.82,
            "gross_margin_4q_avg": 37.82,
            "net_income": 38738,
            "net_income_4q": null,
            "revenue": 293111,
            "revenue_4q": null,
            "common_shares": 808358,
            "book_valuer_per_share": 15.8,
            "book_valuer_per_share_4q_avg": 16.29,
            "equity": 1277042,
            "current_ratio": 558.31,
            "debt_ratio": 35.18,
            "inventory_turnover_ratio": 0.65,
            "account_receivable_turnover_ratio": null,
            "reinvestment_rate": 18.83,
            "research_to_sale_ratio": null,
            "price_fair": 45.08,
            "eps_avg_yearly": 3.01,
            "eps_latest_yearly": 1.92,
            "eps_growth_yearly": 4.98
        },
        "20051": {
            "year_quarter": 20051,
            "year": 2005,
            "quarter": 1,
            "eps": 0.39,
            "eps_growth_year": -48,
            "eps_4q": 2.59,
            "eps_4q_growth_year": -14.96,
            "roe": 2.43,
            "roe_4q": 17.33,
            "gross_profit": 82854,
            "gross_margin": 29.32,
            "gross_margin_4q_avg": 35.8,
            "net_income": 31626,
            "net_income_4q": null,
            "revenue": 282609,
            "revenue_4q": null,
            "common_shares": 814580,
            "book_valuer_per_share": 16.24,
            "book_valuer_per_share_4q_avg": 16.28,
            "equity": 1322951,
            "current_ratio": 593.53,
            "debt_ratio": 32.89,
            "inventory_turnover_ratio": 0.66,
            "account_receivable_turnover_ratio": null,
            "reinvestment_rate": 4.55,
            "research_to_sale_ratio": null,
            "price_fair": 8.7,
            "eps_avg_yearly": 2.9,
            "eps_latest_yearly": 1.56,
            "eps_growth_yearly": -1.18
        },
        "20052": {
            "year_quarter": 20052,
            "year": 2005,
            "quarter": 2,
            "eps": 0.58,
            "eps_growth_year": -40.21,
            "eps_4q": 2.07,
            "eps_4q_growth_year": -26.97,
            "roe": 3.96,
            "roe_4q": 14.68,
            "gross_profit": 99766,
            "gross_margin": 30.24,
            "gross_margin_4q_avg": 33.28,
            "net_income": 51613,
            "net_income_4q": null,
            "revenue": 329862,
            "revenue_4q": null,
            "common_shares": 814694,
            "book_valuer_per_share": 15.77,
            "book_valuer_per_share_4q_avg": 16.2,
            "equity": 1285079,
            "current_ratio": 424.95,
            "debt_ratio": 36.1,
            "inventory_turnover_ratio": 0.74,
            "account_receivable_turnover_ratio": null,
            "reinvestment_rate": 5.97,
            "research_to_sale_ratio": null,
            "price_fair": 65.22,
            "eps_avg_yearly": 2.86,
            "eps_latest_yearly": 2.32,
            "eps_growth_yearly": 12.83
        },
        "20053": {
            "year_quarter": 20053,
            "year": 2005,
            "quarter": 3,
            "eps": 0.29,
            "eps_growth_year": -62.82,
            "eps_4q": 1.63,
            "eps_4q_growth_year": -45.84,
            "roe": 2.02,
            "roe_4q": 11.5,
            "gross_profit": 90320,
            "gross_margin": 28.33,
            "gross_margin_4q_avg": 30.43,
            "net_income": 26313,
            "net_income_4q": null,
            "revenue": 318765,
            "revenue_4q": null,
            "common_shares": 900170,
            "book_valuer_per_share": 14.71,
            "book_valuer_per_share_4q_avg": 15.63,
            "equity": 1324197,
            "current_ratio": 657,
            "debt_ratio": 31.75,
            "inventory_turnover_ratio": 0.74,
            "account_receivable_turnover_ratio": null,
            "reinvestment_rate": 4.87,
            "research_to_sale_ratio": null,
            "price_fair": 8.23,
            "eps_avg_yearly": 2.74,
            "eps_latest_yearly": 1.16,
            "eps_growth_yearly": -1.36
        },
        "20054": {
            "year_quarter": 20054,
            "year": 2005,
            "quarter": 4,
            "eps": 0.36,
            "eps_growth_year": -25,
            "eps_4q": 1.58,
            "eps_4q_growth_year": -45.26,
            "roe": 2.42,
            "roe_4q": 10.829999999999998,
            "gross_profit": 96363,
            "gross_margin": 30.13,
            "gross_margin_4q_avg": 29.51,
            "net_income": 32387,
            "net_income_4q": null,
            "revenue": 319834,
            "revenue_4q": null,
            "common_shares": 900170,
            "book_valuer_per_share": 15.08,
            "book_valuer_per_share_4q_avg": 15.45,
            "equity": 1357122,
            "current_ratio": 551.51,
            "debt_ratio": 34.69,
            "inventory_turnover_ratio": 0.71,
            "account_receivable_turnover_ratio": null,
            "reinvestment_rate": 32.02,
            "research_to_sale_ratio": null,
            "price_fair": 39.3,
            "eps_avg_yearly": 2.66,
            "eps_latest_yearly": 1.44,
            "eps_growth_yearly": 4.76
        },
        "20061": {
            "year_quarter": 20061,
            "year": 2006,
            "quarter": 1,
            "eps": 0.49,
            "eps_growth_year": 25.64,
            "eps_4q": 1.71,
            "eps_4q_growth_year": -34.07,
            "roe": 3.22,
            "roe_4q": 11.620000000000001,
            "gross_profit": 99403,
            "gross_margin": 28.08,
            "gross_margin_4q_avg": 29.2,
            "net_income": 44409,
            "net_income_4q": null,
            "revenue": 353956,
            "revenue_4q": null,
            "common_shares": 900170,
            "book_valuer_per_share": 15.56,
            "book_valuer_per_share_4q_avg": 15.28,
            "equity": 1400269,
            "current_ratio": 590.76,
            "debt_ratio": 31.55,
            "inventory_turnover_ratio": 0.77,
            "account_receivable_turnover_ratio": null,
            "reinvestment_rate": 1.44,
            "research_to_sale_ratio": null,
            "price_fair": 54.83,
            "eps_avg_yearly": 2.61,
            "eps_latest_yearly": 1.96,
            "eps_growth_yearly": 11.01
        },
        "20062": {
            "year_quarter": 20062,
            "year": 2006,
            "quarter": 2,
            "eps": 0.75,
            "eps_growth_year": 29.31,
            "eps_4q": 1.89,
            "eps_4q_growth_year": -8.67,
            "roe": 4.78,
            "roe_4q": 12.44,
            "gross_profit": 136244,
            "gross_margin": 31.62,
            "gross_margin_4q_avg": 29.54,
            "net_income": 67826,
            "net_income_4q": null,
            "revenue": 430864,
            "revenue_4q": null,
            "common_shares": 898840,
            "book_valuer_per_share": 16,
            "book_valuer_per_share_4q_avg": 15.34,
            "equity": 1438255,
            "current_ratio": 204.36,
            "debt_ratio": 33.25,
            "inventory_turnover_ratio": 0.84,
            "account_receivable_turnover_ratio": null,
            "reinvestment_rate": -0.53,
            "research_to_sale_ratio": null,
            "price_fair": 65.86,
            "eps_avg_yearly": 2.56,
            "eps_latest_yearly": 3,
            "eps_growth_yearly": 15.7
        },
        "20063": {
            "year_quarter": 20063,
            "year": 2006,
            "quarter": 3,
            "eps": 1.09,
            "eps_growth_year": 275.86,
            "eps_4q": 2.6,
            "eps_4q_growth_year": 58.79,
            "roe": 7.01,
            "roe_4q": 17.43,
            "gross_profit": 140726,
            "gross_margin": 33.52,
            "gross_margin_4q_avg": 30.84,
            "net_income": 104736,
            "net_income_4q": null,
            "revenue": 419831,
            "revenue_4q": null,
            "common_shares": 964125,
            "book_valuer_per_share": 16.09,
            "book_valuer_per_share_4q_avg": 15.68,
            "equity": 1550858,
            "current_ratio": 206.96,
            "debt_ratio": 32.14,
            "inventory_turnover_ratio": 0.68,
            "account_receivable_turnover_ratio": null,
            "reinvestment_rate": 0.17,
            "research_to_sale_ratio": null,
            "price_fair": 93.63,
            "eps_avg_yearly": 2.68,
            "eps_latest_yearly": 4.36,
            "eps_growth_yearly": 35.01
        },
        "20064": {
            "year_quarter": 20064,
            "year": 2006,
            "quarter": 4,
            "eps": 0.73,
            "eps_growth_year": 102.78,
            "eps_4q": 2.96,
            "eps_4q_growth_year": 87.71,
            "roe": 4.2,
            "roe_4q": 19.21,
            "gross_profit": 111635,
            "gross_margin": 30.34,
            "gross_margin_4q_avg": 30.89,
            "net_income": 70978,
            "net_income_4q": null,
            "revenue": 367967,
            "revenue_4q": null,
            "common_shares": 1052132,
            "book_valuer_per_share": 17.36,
            "book_valuer_per_share_4q_avg": 16.25,
            "equity": 1826526,
            "current_ratio": 272.36,
            "debt_ratio": 25.29,
            "inventory_turnover_ratio": 0.55,
            "account_receivable_turnover_ratio": null,
            "reinvestment_rate": 25.65,
            "research_to_sale_ratio": null,
            "price_fair": 94.5,
            "eps_avg_yearly": 2.7,
            "eps_latest_yearly": 2.92,
            "eps_growth_yearly": 27.15
        },
        "20071": {
            "year_quarter": 20071,
            "year": 2007,
            "quarter": 1,
            "eps": 0.25,
            "eps_growth_year": -48.98,
            "eps_4q": 2.49,
            "eps_4q_growth_year": 45.64,
            "roe": 1.46,
            "roe_4q": 17.45,
            "gross_profit": 97818,
            "gross_margin": 25.12,
            "gross_margin_4q_avg": 30.15,
            "net_income": 27226,
            "net_income_4q": null,
            "revenue": 389403,
            "revenue_4q": null,
            "common_shares": 1072313,
            "book_valuer_per_share": 17.79,
            "book_valuer_per_share_4q_avg": 16.81,
            "equity": 1907567,
            "current_ratio": 269.62,
            "debt_ratio": 23.51,
            "inventory_turnover_ratio": 0.59,
            "account_receivable_turnover_ratio": null,
            "reinvestment_rate": 3.59,
            "research_to_sale_ratio": null,
            "price_fair": 31.59,
            "eps_avg_yearly": 2.55,
            "eps_latest_yearly": 1,
            "eps_growth_yearly": 2.38
        },
        "20072": {
            "year_quarter": 20072,
            "year": 2007,
            "quarter": 2,
            "eps": 0.56,
            "eps_growth_year": -25.33,
            "eps_4q": 2.45,
            "eps_4q_growth_year": 29.71,
            "roe": 3.24,
            "roe_4q": 15.91,
            "gross_profit": 122548,
            "gross_margin": 25.46,
            "gross_margin_4q_avg": 28.61,
            "net_income": 60074,
            "net_income_4q": null,
            "revenue": 481420,
            "revenue_4q": null,
            "common_shares": 1073580,
            "book_valuer_per_share": 16.81,
            "book_valuer_per_share_4q_avg": 17.01,
            "equity": 1804660,
            "current_ratio": 202.72,
            "debt_ratio": 30.94,
            "inventory_turnover_ratio": 0.7,
            "account_receivable_turnover_ratio": null,
            "reinvestment_rate": 0.49,
            "research_to_sale_ratio": null,
            "price_fair": 85.58,
            "eps_avg_yearly": 2.45,
            "eps_latest_yearly": 2.24,
            "eps_growth_yearly": 28.91
        },
        "20073": {
            "year_quarter": 20073,
            "year": 2007,
            "quarter": 3,
            "eps": 0.8,
            "eps_growth_year": -26.61,
            "eps_4q": 2.19,
            "eps_4q_growth_year": -15.51,
            "roe": 4.9,
            "roe_4q": 13.8,
            "gross_profit": 131730,
            "gross_margin": 26.87,
            "gross_margin_4q_avg": 26.95,
            "net_income": 90928,
            "net_income_4q": null,
            "revenue": 490265,
            "revenue_4q": null,
            "common_shares": 1133637,
            "book_valuer_per_share": 16.81,
            "book_valuer_per_share_4q_avg": 17.19,
            "equity": 1905967,
            "current_ratio": 201.62,
            "debt_ratio": 30.89,
            "inventory_turnover_ratio": 0.68,
            "account_receivable_turnover_ratio": null,
            "reinvestment_rate": -1.51,
            "research_to_sale_ratio": null,
            "price_fair": 86.8,
            "eps_avg_yearly": 2.48,
            "eps_latest_yearly": 3.2,
            "eps_growth_yearly": 47.96
        },
        "20074": {
            "year_quarter": 20074,
            "year": 2007,
            "quarter": 4,
            "eps": 0.4,
            "eps_growth_year": -45.21,
            "eps_4q": 1.96,
            "eps_4q_growth_year": -33.85,
            "roe": 2.34,
            "roe_4q": 11.940000000000001,
            "gross_profit": 125451,
            "gross_margin": 26.38,
            "gross_margin_4q_avg": 25.96,
            "net_income": 45726,
            "net_income_4q": null,
            "revenue": 475514,
            "revenue_4q": null,
            "common_shares": 1133637,
            "book_valuer_per_share": 17.13,
            "book_valuer_per_share_4q_avg": 17.14,
            "equity": 2004929,
            "current_ratio": 264.33,
            "debt_ratio": 26.77,
            "inventory_turnover_ratio": 0.6,
            "account_receivable_turnover_ratio": null,
            "reinvestment_rate": 25.12,
            "research_to_sale_ratio": null,
            "price_fair": 84.61,
            "eps_avg_yearly": 2.42,
            "eps_latest_yearly": 1.6,
            "eps_growth_yearly": 35.84
        },
        "20081": {
            "year_quarter": 20081,
            "year": 2008,
            "quarter": 1,
            "eps": 0.17,
            "eps_growth_year": -32,
            "eps_4q": 1.95,
            "eps_4q_growth_year": -21.51,
            "roe": 0.94,
            "roe_4q": 11.42,
            "gross_profit": 135934,
            "gross_margin": 27.8,
            "gross_margin_4q_avg": 26.63,
            "net_income": 18844,
            "net_income_4q": null,
            "revenue": 489005,
            "revenue_4q": null,
            "common_shares": 1133637,
            "book_valuer_per_share": 17.19,
            "book_valuer_per_share_4q_avg": 16.99,
            "equity": 2009021,
            "current_ratio": 256.72,
            "debt_ratio": 28.98,
            "inventory_turnover_ratio": 0.55,
            "account_receivable_turnover_ratio": null,
            "reinvestment_rate": 30.67,
            "research_to_sale_ratio": null,
            "price_fair": 62.76,
            "eps_avg_yearly": 2.27,
            "eps_latest_yearly": 0.68,
            "eps_growth_yearly": 17.62
        },
        "20082": {
            "year_quarter": 20082,
            "year": 2008,
            "quarter": 2,
            "eps": 0.47,
            "eps_growth_year": -16.07,
            "eps_4q": 1.95,
            "eps_4q_growth_year": -20.43,
            "roe": 2.54,
            "roe_4q": 10.72,
            "gross_profit": 178094,
            "gross_margin": 31.53,
            "gross_margin_4q_avg": 28.15,
            "net_income": 50319,
            "net_income_4q": null,
            "revenue": 564866,
            "revenue_4q": null,
            "common_shares": 1164589,
            "book_valuer_per_share": 16.32,
            "book_valuer_per_share_4q_avg": 16.86,
            "equity": 1959937,
            "current_ratio": 235.95,
            "debt_ratio": 30.93,
            "inventory_turnover_ratio": 0.61,
            "account_receivable_turnover_ratio": null,
            "reinvestment_rate": 30.47,
            "research_to_sale_ratio": null,
            "price_fair": 75.16,
            "eps_avg_yearly": 2.15,
            "eps_latest_yearly": 1.88,
            "eps_growth_yearly": 54.4
        },
        "20083": {
            "year_quarter": 20083,
            "year": 2008,
            "quarter": 3,
            "eps": 0.48,
            "eps_growth_year": -40,
            "eps_4q": 1.53,
            "eps_4q_growth_year": -30.25,
            "roe": 2.69,
            "roe_4q": 8.51,
            "gross_profit": 160498,
            "gross_margin": 30.38,
            "gross_margin_4q_avg": 29.02,
            "net_income": 54144,
            "net_income_4q": null,
            "revenue": 528284,
            "revenue_4q": null,
            "common_shares": 1164589,
            "book_valuer_per_share": 17.21,
            "book_valuer_per_share_4q_avg": 16.96,
            "equity": 2068278,
            "current_ratio": 259.56,
            "debt_ratio": 28.32,
            "inventory_turnover_ratio": 0.58,
            "account_receivable_turnover_ratio": null,
            "reinvestment_rate": 39.27,
            "research_to_sale_ratio": null,
            "price_fair": 72.54,
            "eps_avg_yearly": 2.07,
            "eps_latest_yearly": 1.92,
            "eps_growth_yearly": 59.83
        },
        "20084": {
            "year_quarter": 20084,
            "year": 2008,
            "quarter": 4,
            "eps": -0.24,
            "eps_growth_year": -160,
            "eps_4q": 0.9,
            "eps_4q_growth_year": -54.24,
            "roe": -1.32,
            "roe_4q": 4.85,
            "gross_profit": 76013,
            "gross_margin": 17.58,
            "gross_margin_4q_avg": 26.82,
            "net_income": -27140,
            "net_income_4q": null,
            "revenue": 432333,
            "revenue_4q": null,
            "common_shares": 1164589,
            "book_valuer_per_share": 17.06,
            "book_valuer_per_share_4q_avg": 16.95,
            "equity": 2051115,
            "current_ratio": 286.09,
            "debt_ratio": 23.39,
            "inventory_turnover_ratio": 0.64,
            "account_receivable_turnover_ratio": 3.45,
            "reinvestment_rate": 47.18,
            "research_to_sale_ratio": null,
            "price_fair": 72.89,
            "eps_avg_yearly": 2.08,
            "eps_latest_yearly": 1.92,
            "eps_growth_yearly": 74.08
        },
        "20091": {
            "year_quarter": 20091,
            "year": 2009,
            "quarter": 1,
            "eps": 0.12,
            "eps_growth_year": -29.41,
            "eps_4q": 0.89,
            "eps_4q_growth_year": -54.47,
            "roe": 0.61,
            "roe_4q": 4.52,
            "gross_profit": 92973,
            "gross_margin": 26.92,
            "gross_margin_4q_avg": 26.6,
            "net_income": 12687,
            "net_income_4q": null,
            "revenue": 345314,
            "revenue_4q": null,
            "common_shares": 1164589,
            "book_valuer_per_share": 17.44,
            "book_valuer_per_share_4q_avg": 17.01,
            "equity": 2097389,
            "current_ratio": 347.39,
            "debt_ratio": 20.35,
            "inventory_turnover_ratio": 0.55,
            "account_receivable_turnover_ratio": 1.49,
            "reinvestment_rate": 67.46,
            "research_to_sale_ratio": null,
            "price_fair": 74.2,
            "eps_avg_yearly": 2.12,
            "eps_latest_yearly": 1.92,
            "eps_growth_yearly": 84.72
        },
        "20092": {
            "year_quarter": 20092,
            "year": 2009,
            "quarter": 2,
            "eps": 0.19,
            "eps_growth_year": -59.57,
            "eps_4q": 0.61,
            "eps_4q_growth_year": -68.64,
            "roe": 0.96,
            "roe_4q": 2.9399999999999995,
            "gross_profit": 105419,
            "gross_margin": 30.21,
            "gross_margin_4q_avg": 26.27,
            "net_income": 20042,
            "net_income_4q": null,
            "revenue": 348922,
            "revenue_4q": null,
            "common_shares": 1164589,
            "book_valuer_per_share": 17.46,
            "book_valuer_per_share_4q_avg": 17.29,
            "equity": 2095240,
            "current_ratio": 341.61,
            "debt_ratio": 20.64,
            "inventory_turnover_ratio": 0.6,
            "account_receivable_turnover_ratio": 1.63,
            "reinvestment_rate": 64.93,
            "research_to_sale_ratio": null,
            "price_fair": 70.3,
            "eps_avg_yearly": 2.01,
            "eps_latest_yearly": 0.76,
            "eps_growth_yearly": 87.47
        },
        "20093": {
            "year_quarter": 20093,
            "year": 2009,
            "quarter": 3,
            "eps": 0.57,
            "eps_growth_year": 18.75,
            "eps_4q": 0.69,
            "eps_4q_growth_year": -55.1,
            "roe": 3.08,
            "roe_4q": 3.33,
            "gross_profit": 136500,
            "gross_margin": 31.13,
            "gross_margin_4q_avg": 26.46,
            "net_income": 65254,
            "net_income_4q": null,
            "revenue": 438449,
            "revenue_4q": null,
            "common_shares": 1199377,
            "book_valuer_per_share": 17.39,
            "book_valuer_per_share_4q_avg": 17.34,
            "equity": 2143244,
            "current_ratio": 328.89,
            "debt_ratio": 22.43,
            "inventory_turnover_ratio": 0.79,
            "account_receivable_turnover_ratio": 1.83,
            "reinvestment_rate": 64.89,
            "research_to_sale_ratio": null,
            "price_fair": 73.1,
            "eps_avg_yearly": 2.09,
            "eps_latest_yearly": 2.28,
            "eps_growth_yearly": 158.9
        },
        "20094": {
            "year_quarter": 20094,
            "year": 2009,
            "quarter": 4,
            "eps": 0.58,
            "eps_growth_year": null,
            "eps_4q": 1.47,
            "eps_4q_growth_year": 63.56,
            "roe": 3.01,
            "roe_4q": 7.66,
            "gross_profit": 169369,
            "gross_margin": 38.11,
            "gross_margin_4q_avg": 31.59,
            "net_income": 65210,
            "net_income_4q": null,
            "revenue": 444438,
            "revenue_4q": null,
            "common_shares": 1199377,
            "book_valuer_per_share": 17.91,
            "book_valuer_per_share_4q_avg": 17.55,
            "equity": 2190289,
            "current_ratio": 316.66,
            "debt_ratio": 22.14,
            "inventory_turnover_ratio": 0.67,
            "account_receivable_turnover_ratio": 2.79,
            "reinvestment_rate": 63.4,
            "research_to_sale_ratio": null,
            "price_fair": 75.3,
            "eps_avg_yearly": 2.15,
            "eps_latest_yearly": 2.32,
            "eps_growth_yearly": 152.51
        },
        "20101": {
            "year_quarter": 20101,
            "year": 2010,
            "quarter": 1,
            "eps": 0.54,
            "eps_growth_year": 350,
            "eps_4q": 1.89,
            "eps_4q_growth_year": 112.23,
            "roe": 2.81,
            "roe_4q": 9.86,
            "gross_profit": 148456,
            "gross_margin": 29.62,
            "gross_margin_4q_avg": 32.27,
            "net_income": 62421,
            "net_income_4q": null,
            "revenue": 501280,
            "revenue_4q": null,
            "common_shares": 1202017,
            "book_valuer_per_share": 18.35,
            "book_valuer_per_share_4q_avg": 17.78,
            "equity": 2254301,
            "current_ratio": 292.69,
            "debt_ratio": 26.2,
            "inventory_turnover_ratio": 0.7,
            "account_receivable_turnover_ratio": 1.52,
            "reinvestment_rate": 106.24,
            "research_to_sale_ratio": 3.3,
            "price_fair": 75.8,
            "eps_avg_yearly": 2.17,
            "eps_latest_yearly": 2.16,
            "eps_growth_yearly": 140.22
        },
        "20102": {
            "year_quarter": 20102,
            "year": 2010,
            "quarter": 2,
            "eps": 0.9,
            "eps_growth_year": 374.18,
            "eps_4q": 2.47,
            "eps_4q_growth_year": 303.15,
            "roe": 4.92,
            "roe_4q": 13.82,
            "gross_profit": 175537,
            "gross_margin": 27.24,
            "gross_margin_4q_avg": 31.53,
            "net_income": 113458,
            "net_income_4q": null,
            "revenue": 644348,
            "revenue_4q": null,
            "common_shares": 1202367,
            "book_valuer_per_share": 19.31,
            "book_valuer_per_share_4q_avg": 18.24,
            "equity": 2358569,
            "current_ratio": 233.51,
            "debt_ratio": 31.45,
            "inventory_turnover_ratio": 0.81,
            "account_receivable_turnover_ratio": 1.75,
            "reinvestment_rate": 110.66,
            "research_to_sale_ratio": 4.77,
            "price_fair": 77.3,
            "eps_avg_yearly": 2.21,
            "eps_latest_yearly": 3.6,
            "eps_growth_yearly": 144.1
        },
        "20103": {
            "year_quarter": 20103,
            "year": 2010,
            "quarter": 3,
            "eps": 0.65,
            "eps_growth_year": 13.46,
            "eps_4q": 2.58,
            "eps_4q_growth_year": 276.03,
            "roe": 3.27,
            "roe_4q": 14.01,
            "gross_profit": 177522,
            "gross_margin": 25,
            "gross_margin_4q_avg": 29.99,
            "net_income": 80040,
            "net_income_4q": null,
            "revenue": 710094,
            "revenue_4q": null,
            "common_shares": 1298348,
            "book_valuer_per_share": 19.33,
            "book_valuer_per_share_4q_avg": 18.73,
            "equity": 2541681,
            "current_ratio": 328.64,
            "debt_ratio": 35.1,
            "inventory_turnover_ratio": 0.83,
            "account_receivable_turnover_ratio": 1.65,
            "reinvestment_rate": 101.72,
            "research_to_sale_ratio": null,
            "price_fair": 72.9,
            "eps_avg_yearly": 2.08,
            "eps_latest_yearly": 2.6,
            "eps_growth_yearly": 123.22
        },
        "20104": {
            "year_quarter": 20104,
            "year": 2010,
            "quarter": 4,
            "eps": 0.36,
            "eps_growth_year": -38.49,
            "eps_4q": 2.41,
            "eps_4q_growth_year": 64.11,
            "roe": 1.7,
            "roe_4q": 12.700000000000001,
            "gross_profit": 192268,
            "gross_margin": 27.54,
            "gross_margin_4q_avg": 27.35,
            "net_income": 43317,
            "net_income_4q": null,
            "revenue": 698238,
            "revenue_4q": null,
            "common_shares": 1293548,
            "book_valuer_per_share": 19.39,
            "book_valuer_per_share_4q_avg": 19.1,
            "equity": 2545161,
            "current_ratio": 321.08,
            "debt_ratio": 39.4,
            "inventory_turnover_ratio": 0.69,
            "account_receivable_turnover_ratio": 1.51,
            "reinvestment_rate": 96.46,
            "research_to_sale_ratio": null,
            "price_fair": 69.2,
            "eps_avg_yearly": 1.98,
            "eps_latest_yearly": 1.44,
            "eps_growth_yearly": 119.9
        },
        "20111": {
            "year_quarter": 20111,
            "year": 2011,
            "quarter": 1,
            "eps": 0.31,
            "eps_growth_year": -42.59,
            "eps_4q": 2.2,
            "eps_4q_growth_year": 16.93,
            "roe": 1.47,
            "roe_4q": 11.36,
            "gross_profit": 138139,
            "gross_margin": 23.44,
            "gross_margin_4q_avg": 25.81,
            "net_income": 37840,
            "net_income_4q": null,
            "revenue": 589430,
            "revenue_4q": null,
            "common_shares": 1296748,
            "book_valuer_per_share": 19.7,
            "book_valuer_per_share_4q_avg": 19.43,
            "equity": 2589850,
            "current_ratio": 349.56,
            "debt_ratio": 38.57,
            "inventory_turnover_ratio": 0.56,
            "account_receivable_turnover_ratio": 1.37,
            "reinvestment_rate": 118.58,
            "research_to_sale_ratio": 4.51,
            "price_fair": 69.8,
            "eps_avg_yearly": 1.99,
            "eps_latest_yearly": 1.24,
            "eps_growth_yearly": 134.72
        },
        "20112": {
            "year_quarter": 20112,
            "year": 2011,
            "quarter": 2,
            "eps": 0.23,
            "eps_growth_year": -74.23,
            "eps_4q": 1.44,
            "eps_4q_growth_year": -41.55,
            "roe": 1.18,
            "roe_4q": 7.619999999999999,
            "gross_profit": 177150,
            "gross_margin": 22.37,
            "gross_margin_4q_avg": 24.59,
            "net_income": 30582,
            "net_income_4q": null,
            "revenue": 791902,
            "revenue_4q": null,
            "common_shares": 1296748,
            "book_valuer_per_share": 19.69,
            "book_valuer_per_share_4q_avg": 19.53,
            "equity": 2586333,
            "current_ratio": 270.75,
            "debt_ratio": 43.3,
            "inventory_turnover_ratio": 0.71,
            "account_receivable_turnover_ratio": 1.76,
            "reinvestment_rate": 122.78,
            "research_to_sale_ratio": 2.98,
            "price_fair": 66.5,
            "eps_avg_yearly": 1.9,
            "eps_latest_yearly": 0.92,
            "eps_growth_yearly": 91.92
        },
        "20113": {
            "year_quarter": 20113,
            "year": 2011,
            "quarter": 3,
            "eps": 0.8,
            "eps_growth_year": 22.94,
            "eps_4q": 1.64,
            "eps_4q_growth_year": -36.34,
            "roe": 4.12,
            "roe_4q": 8.469999999999999,
            "gross_profit": 168952,
            "gross_margin": 22.51,
            "gross_margin_4q_avg": 23.97,
            "net_income": 109816,
            "net_income_4q": null,
            "revenue": 750625,
            "revenue_4q": null,
            "common_shares": 1400488,
            "book_valuer_per_share": 19.43,
            "book_valuer_per_share_4q_avg": 19.55,
            "equity": 2741455,
            "current_ratio": 316.11,
            "debt_ratio": 39.53,
            "inventory_turnover_ratio": 0.64,
            "account_receivable_turnover_ratio": 1.46,
            "reinvestment_rate": 100.23,
            "research_to_sale_ratio": null,
            "price_fair": 66.5,
            "eps_avg_yearly": 1.9,
            "eps_latest_yearly": 3.2,
            "eps_growth_yearly": 150.48
        },
        "20114": {
            "year_quarter": 20114,
            "year": 2011,
            "quarter": 4,
            "eps": 0.29,
            "eps_growth_year": -17.9,
            "eps_4q": 1.61,
            "eps_4q_growth_year": -33.12,
            "roe": 1.38,
            "roe_4q": 8.15,
            "gross_profit": 129365,
            "gross_margin": 22.5,
            "gross_margin_4q_avg": 22.71,
            "net_income": 38199,
            "net_income_4q": null,
            "revenue": 574941,
            "revenue_4q": null,
            "common_shares": 1400488,
            "book_valuer_per_share": 19.74,
            "book_valuer_per_share_4q_avg": 19.64,
            "equity": 2775194,
            "current_ratio": 374.57,
            "debt_ratio": 35.91,
            "inventory_turnover_ratio": 0.49,
            "account_receivable_turnover_ratio": 1.13,
            "reinvestment_rate": 99.55,
            "research_to_sale_ratio": null,
            "price_fair": 65.4,
            "eps_avg_yearly": 1.87,
            "eps_latest_yearly": 1.16,
            "eps_growth_yearly": 146.56
        },
        "20121": {
            "year_quarter": 20121,
            "year": 2012,
            "quarter": 1,
            "eps": 0.6,
            "eps_growth_year": 93.55,
            "eps_4q": 1.92,
            "eps_4q_growth_year": -12.78,
            "roe": 2.9,
            "roe_4q": 9.579999999999998,
            "gross_profit": 152873,
            "gross_margin": 21.8,
            "gross_margin_4q_avg": 22.3,
            "net_income": 81283,
            "net_income_4q": null,
            "revenue": 701297,
            "revenue_4q": null,
            "common_shares": 1400488,
            "book_valuer_per_share": 20.18,
            "book_valuer_per_share_4q_avg": 19.76,
            "equity": 2834226,
            "current_ratio": 306.89,
            "debt_ratio": 38.71,
            "inventory_turnover_ratio": 0.61,
            "account_receivable_turnover_ratio": 1.45,
            "reinvestment_rate": 94.93,
            "research_to_sale_ratio": 1.42,
            "price_fair": 69.7,
            "eps_avg_yearly": 1.99,
            "eps_latest_yearly": 2.4,
            "eps_growth_yearly": 193.53
        },
        "20122": {
            "year_quarter": 20122,
            "year": 2012,
            "quarter": 2,
            "eps": 1.19,
            "eps_growth_year": 411.25,
            "eps_4q": 2.87,
            "eps_4q_growth_year": 99.29,
            "roe": 5.71,
            "roe_4q": 14.11,
            "gross_profit": 173450,
            "gross_margin": 24.13,
            "gross_margin_4q_avg": 22.74,
            "net_income": 163364,
            "net_income_4q": null,
            "revenue": 718856,
            "revenue_4q": null,
            "common_shares": 1400488,
            "book_valuer_per_share": 20.56,
            "book_valuer_per_share_4q_avg": 19.98,
            "equity": 2888377,
            "current_ratio": 402.56,
            "debt_ratio": 35.69,
            "inventory_turnover_ratio": 0.63,
            "account_receivable_turnover_ratio": 1.42,
            "reinvestment_rate": 46.76,
            "research_to_sale_ratio": 1.18,
            "price_fair": 76.9,
            "eps_avg_yearly": 2.2,
            "eps_latest_yearly": 4.76,
            "eps_growth_yearly": 171.2
        },
        "20123": {
            "year_quarter": 20123,
            "year": 2012,
            "quarter": 3,
            "eps": 0.43,
            "eps_growth_year": -46.24,
            "eps_4q": 2.5,
            "eps_4q_growth_year": 52.37,
            "roe": 1.97,
            "roe_4q": 11.96,
            "gross_profit": 172008,
            "gross_margin": 20.09,
            "gross_margin_4q_avg": 22.13,
            "net_income": 57290,
            "net_income_4q": null,
            "revenue": 856002,
            "revenue_4q": null,
            "common_shares": 1402598,
            "book_valuer_per_share": 20.92,
            "book_valuer_per_share_4q_avg": 20.35,
            "equity": 2936986,
            "current_ratio": 416.48,
            "debt_ratio": 35.2,
            "inventory_turnover_ratio": 0.83,
            "account_receivable_turnover_ratio": 1.52,
            "reinvestment_rate": 41.14,
            "research_to_sale_ratio": null,
            "price_fair": 76.4,
            "eps_avg_yearly": 2.18,
            "eps_latest_yearly": 1.72,
            "eps_growth_yearly": 152.35
        },
        "20124": {
            "year_quarter": 20124,
            "year": 2012,
            "quarter": 4,
            "eps": 0.35,
            "eps_growth_year": 20.31,
            "eps_4q": 2.56,
            "eps_4q_growth_year": 59.27,
            "roe": 1.58,
            "roe_4q": 12.16,
            "gross_profit": 147301,
            "gross_margin": 31.14,
            "gross_margin_4q_avg": 24.29,
            "net_income": 46965,
            "net_income_4q": null,
            "revenue": 473025,
            "revenue_4q": null,
            "common_shares": 1403438,
            "book_valuer_per_share": 21.29,
            "book_valuer_per_share_4q_avg": 20.74,
            "equity": 2991843,
            "current_ratio": 451.61,
            "debt_ratio": 34.13,
            "inventory_turnover_ratio": 0.39,
            "account_receivable_turnover_ratio": 0.88,
            "reinvestment_rate": 29.58,
            "research_to_sale_ratio": null,
            "price_fair": 74.57,
            "eps_avg_yearly": 2.13,
            "eps_latest_yearly": 1.4,
            "eps_growth_yearly": 137.23
        },
        "20131": {
            "year_quarter": 20131,
            "year": 2013,
            "quarter": 1,
            "eps": 0.51,
            "eps_growth_year": -15,
            "eps_4q": 2.48,
            "eps_4q_growth_year": 28.72,
            "roe": 2.31,
            "roe_4q": 11.57,
            "gross_profit": 157373,
            "gross_margin": 24.57,
            "gross_margin_4q_avg": 24.98,
            "net_income": 69658,
            "net_income_4q": null,
            "revenue": 640445,
            "revenue_4q": null,
            "common_shares": 1403438,
            "book_valuer_per_share": 21.66,
            "book_valuer_per_share_4q_avg": 21.11,
            "equity": 3045213,
            "current_ratio": 484.08,
            "debt_ratio": 33.28,
            "inventory_turnover_ratio": 0.56,
            "account_receivable_turnover_ratio": 1.33,
            "reinvestment_rate": 22.9,
            "research_to_sale_ratio": 1.56,
            "price_fair": 74.38,
            "eps_avg_yearly": 2.13,
            "eps_latest_yearly": 2.04,
            "eps_growth_yearly": 140.08
        },
        "20132": {
            "year_quarter": 20132,
            "year": 2013,
            "quarter": 2,
            "eps": 0.34,
            "eps_growth_year": -71.35,
            "eps_4q": 1.63,
            "eps_4q_growth_year": -43.13,
            "roe": 1.39,
            "roe_4q": 7.25,
            "gross_profit": 189662,
            "gross_margin": 26.01,
            "gross_margin_4q_avg": 25.45,
            "net_income": 41808,
            "net_income_4q": null,
            "revenue": 729250,
            "revenue_4q": null,
            "common_shares": 1403438,
            "book_valuer_per_share": 21.4,
            "book_valuer_per_share_4q_avg": 21.32,
            "equity": 2985436,
            "current_ratio": 399.78,
            "debt_ratio": 35.91,
            "inventory_turnover_ratio": 0.64,
            "account_receivable_turnover_ratio": 1.44,
            "reinvestment_rate": 22.88,
            "research_to_sale_ratio": 1.55,
            "price_fair": 75.69,
            "eps_avg_yearly": 2.16,
            "eps_latest_yearly": 1.36,
            "eps_growth_yearly": 117.16
        },
        "20133": {
            "year_quarter": 20133,
            "year": 2013,
            "quarter": 3,
            "eps": 0.67,
            "eps_growth_year": 56.74,
            "eps_4q": 1.87,
            "eps_4q_growth_year": -25.15,
            "roe": 3.07,
            "roe_4q": 8.35,
            "gross_profit": 203857,
            "gross_margin": 28.98,
            "gross_margin_4q_avg": 27.68,
            "net_income": 92997,
            "net_income_4q": null,
            "revenue": 703473,
            "revenue_4q": null,
            "common_shares": 1403438,
            "book_valuer_per_share": 21.96,
            "book_valuer_per_share_4q_avg": 21.58,
            "equity": 3063464,
            "current_ratio": 285.31,
            "debt_ratio": 34.38,
            "inventory_turnover_ratio": 0.61,
            "account_receivable_turnover_ratio": 1.35,
            "reinvestment_rate": 26.87,
            "research_to_sale_ratio": 1.29,
            "price_fair": 76.56,
            "eps_avg_yearly": 2.19,
            "eps_latest_yearly": 2.68,
            "eps_growth_yearly": 91.43
        },
        "20134": {
            "year_quarter": 20134,
            "year": 2013,
            "quarter": 4,
            "eps": 0.72,
            "eps_growth_year": 104.36,
            "eps_4q": 2.24,
            "eps_4q_growth_year": -12.51,
            "roe": 3.22,
            "roe_4q": 9.99,
            "gross_profit": 206380,
            "gross_margin": 29.08,
            "gross_margin_4q_avg": 27.16,
            "net_income": 100732,
            "net_income_4q": null,
            "revenue": 709640,
            "revenue_4q": null,
            "common_shares": 1403438,
            "book_valuer_per_share": 22.83,
            "book_valuer_per_share_4q_avg": 21.96,
            "equity": 3184594,
            "current_ratio": 325.72,
            "debt_ratio": 31.43,
            "inventory_turnover_ratio": 0.61,
            "account_receivable_turnover_ratio": 1.32,
            "reinvestment_rate": 5.8,
            "research_to_sale_ratio": 1.66,
            "price_fair": 77.79,
            "eps_avg_yearly": 2.22,
            "eps_latest_yearly": 2.88,
            "eps_growth_yearly": 92.85
        },
        "20141": {
            "year_quarter": 20141,
            "year": 2014,
            "quarter": 1,
            "eps": 0.75,
            "eps_growth_year": 47.06,
            "eps_4q": 2.31,
            "eps_4q_growth_year": -6.73,
            "roe": 3.2,
            "roe_4q": 10.88,
            "gross_profit": 212222,
            "gross_margin": 29.1,
            "gross_margin_4q_avg": 28.29,
            "net_income": 109108,
            "net_income_4q": null,
            "revenue": 729222,
            "revenue_4q": null,
            "common_shares": 1524887,
            "book_valuer_per_share": 23.94,
            "book_valuer_per_share_4q_avg": 22.53,
            "equity": 3631701,
            "current_ratio": 455.09,
            "debt_ratio": 25.11,
            "inventory_turnover_ratio": 0.6,
            "account_receivable_turnover_ratio": 1.32,
            "reinvestment_rate": -5.87,
            "research_to_sale_ratio": 1.44,
            "price_fair": 79.63,
            "eps_avg_yearly": 2.28,
            "eps_latest_yearly": 3,
            "eps_growth_yearly": 95.62
        },
        "20142": {
            "year_quarter": 20142,
            "year": 2014,
            "quarter": 2,
            "eps": 0.62,
            "eps_growth_year": 82.35,
            "eps_4q": 2.6,
            "eps_4q_growth_year": 59.34,
            "roe": 2.63,
            "roe_4q": 12.120000000000001,
            "gross_profit": 250986,
            "gross_margin": 28.99,
            "gross_margin_4q_avg": 29.04,
            "net_income": 95006,
            "net_income_4q": null,
            "revenue": 865646,
            "revenue_4q": null,
            "common_shares": 1524887,
            "book_valuer_per_share": 23.61,
            "book_valuer_per_share_4q_avg": 23.09,
            "equity": 3581647,
            "current_ratio": 416.14,
            "debt_ratio": 26.62,
            "inventory_turnover_ratio": 0.68,
            "account_receivable_turnover_ratio": 1.56,
            "reinvestment_rate": -14.44,
            "research_to_sale_ratio": 1.4,
            "price_fair": 77.18,
            "eps_avg_yearly": 2.21,
            "eps_latest_yearly": 2.48,
            "eps_growth_yearly": 74.62
        },
        "20143": {
            "year_quarter": 20143,
            "year": 2014,
            "quarter": 3,
            "eps": 0.61,
            "eps_growth_year": -8.96,
            "eps_4q": 2.6,
            "eps_4q_growth_year": 38.56,
            "roe": 2.58,
            "roe_4q": 11.63,
            "gross_profit": 214830,
            "gross_margin": 29.45,
            "gross_margin_4q_avg": 29.16,
            "net_income": 94101,
            "net_income_4q": null,
            "revenue": 729568,
            "revenue_4q": null,
            "common_shares": 1531864,
            "book_valuer_per_share": 24.31,
            "book_valuer_per_share_4q_avg": 23.67,
            "equity": 3707516,
            "current_ratio": 581.17,
            "debt_ratio": 22.74,
            "inventory_turnover_ratio": 0.56,
            "account_receivable_turnover_ratio": 1.28,
            "reinvestment_rate": -7.9,
            "research_to_sale_ratio": 2.65,
            "price_fair": 76.83,
            "eps_avg_yearly": 2.2,
            "eps_latest_yearly": 2.44,
            "eps_growth_yearly": 81.16
        },
        "20144": {
            "year_quarter": 20144,
            "year": 2014,
            "quarter": 4,
            "eps": 0.6,
            "eps_growth_year": -16,
            "eps_4q": 2.54,
            "eps_4q_growth_year": 13.47,
            "roe": 2.48,
            "roe_4q": 10.89,
            "gross_profit": 221770,
            "gross_margin": 30.27,
            "gross_margin_4q_avg": 29.45,
            "net_income": 93443,
            "net_income_4q": null,
            "revenue": 732736,
            "revenue_4q": null,
            "common_shares": 1526090,
            "book_valuer_per_share": 24.99,
            "book_valuer_per_share_4q_avg": 24.21,
            "equity": 3825761,
            "current_ratio": 541.33,
            "debt_ratio": 21.93,
            "inventory_turnover_ratio": 0.54,
            "account_receivable_turnover_ratio": 1.27,
            "reinvestment_rate": -20.09,
            "research_to_sale_ratio": 2.93,
            "price_fair": 78.93,
            "eps_avg_yearly": 2.26,
            "eps_latest_yearly": 2.4,
            "eps_growth_yearly": 91.91
        },
        "20151": {
            "year_quarter": 20151,
            "year": 2015,
            "quarter": 1,
            "eps": 0.56,
            "eps_growth_year": -25.33,
            "eps_4q": 2.37,
            "eps_4q_growth_year": 2.72,
            "roe": 2.2,
            "roe_4q": 9.89,
            "gross_profit": 210006,
            "gross_margin": 29.89,
            "gross_margin_4q_avg": 29.65,
            "net_income": 85562,
            "net_income_4q": null,
            "revenue": 702495,
            "revenue_4q": null,
            "common_shares": 1539659,
            "book_valuer_per_share": 25.51,
            "book_valuer_per_share_4q_avg": 24.61,
            "equity": 3939922,
            "current_ratio": 590.5,
            "debt_ratio": 20.35,
            "inventory_turnover_ratio": 0.52,
            "account_receivable_turnover_ratio": 1.24,
            "reinvestment_rate": -20.47,
            "research_to_sale_ratio": 2.74,
            "price_fair": 81.11,
            "eps_avg_yearly": 2.32,
            "eps_latest_yearly": 2.24,
            "eps_growth_yearly": 93.71
        },
        "20152": {
            "year_quarter": 20152,
            "year": 2015,
            "quarter": 2,
            "eps": 0.54,
            "eps_growth_year": -12.9,
            "eps_4q": 2.28,
            "eps_4q_growth_year": -12.26,
            "roe": 2.13,
            "roe_4q": 9.39,
            "gross_profit": 251430,
            "gross_margin": 31.23,
            "gross_margin_4q_avg": 30.21,
            "net_income": 83179,
            "net_income_4q": null,
            "revenue": 804976,
            "revenue_4q": null,
            "common_shares": 1545701,
            "book_valuer_per_share": 24.95,
            "book_valuer_per_share_4q_avg": 24.94,
            "equity": 3864781,
            "current_ratio": 422.33,
            "debt_ratio": 26.92,
            "inventory_turnover_ratio": 0.61,
            "account_receivable_turnover_ratio": 1.44,
            "reinvestment_rate": -20.54,
            "research_to_sale_ratio": 1.94,
            "price_fair": 83.83,
            "eps_avg_yearly": 2.4,
            "eps_latest_yearly": 2.16,
            "eps_growth_yearly": 99.27
        },
        "20153": {
            "year_quarter": 20153,
            "year": 2015,
            "quarter": 3,
            "eps": 0.88,
            "eps_growth_year": 44.26,
            "eps_4q": 2.55,
            "eps_4q_growth_year": -1.79,
            "roe": 3.46,
            "roe_4q": 10.27,
            "gross_profit": 237370,
            "gross_margin": 32.73,
            "gross_margin_4q_avg": 31.03,
            "net_income": 137307,
            "net_income_4q": null,
            "revenue": 725169,
            "revenue_4q": null,
            "common_shares": 1556549,
            "book_valuer_per_share": 26.1,
            "book_valuer_per_share_4q_avg": 25.39,
            "equity": 4070566,
            "current_ratio": 504.09,
            "debt_ratio": 22.61,
            "inventory_turnover_ratio": 0.54,
            "account_receivable_turnover_ratio": 1.26,
            "reinvestment_rate": -10.01,
            "research_to_sale_ratio": 2.77,
            "price_fair": 84.53,
            "eps_avg_yearly": 2.42,
            "eps_latest_yearly": 3.52,
            "eps_growth_yearly": 53.05
        },
        "20154": {
            "year_quarter": 20154,
            "year": 2015,
            "quarter": 4,
            "eps": 0.47,
            "eps_growth_year": -22.47,
            "eps_4q": 2.43,
            "eps_4q_growth_year": -4.61,
            "roe": 1.8,
            "roe_4q": 9.59,
            "gross_profit": 237380,
            "gross_margin": 32.68,
            "gross_margin_4q_avg": 31.63,
            "net_income": 73455,
            "net_income_4q": null,
            "revenue": 726438,
            "revenue_4q": null,
            "common_shares": 1556549,
            "book_valuer_per_share": 26.14,
            "book_valuer_per_share_4q_avg": 25.68,
            "equity": 4077158,
            "current_ratio": 462.31,
            "debt_ratio": 23.92,
            "inventory_turnover_ratio": 0.54,
            "account_receivable_turnover_ratio": 1.29,
            "reinvestment_rate": -22.9,
            "research_to_sale_ratio": 2.57,
            "price_fair": 86.1,
            "eps_avg_yearly": 2.46,
            "eps_latest_yearly": 1.88,
            "eps_growth_yearly": 57.34
        },
        "20161": {
            "year_quarter": 20161,
            "year": 2016,
            "quarter": 1,
            "eps": 0.51,
            "eps_growth_year": -8.93,
            "eps_4q": 2.39,
            "eps_4q_growth_year": 0.95,
            "roe": 1.96,
            "roe_4q": 9.35,
            "gross_profit": 233680,
            "gross_margin": 34.57,
            "gross_margin_4q_avg": 32.8,
            "net_income": 80817,
            "net_income_4q": null,
            "revenue": 676032,
            "revenue_4q": null,
            "common_shares": 1556549,
            "book_valuer_per_share": 26.61,
            "book_valuer_per_share_4q_avg": 25.95,
            "equity": 4151699,
            "current_ratio": 618.1,
            "debt_ratio": 19.87,
            "inventory_turnover_ratio": 0.5,
            "account_receivable_turnover_ratio": 1.28,
            "reinvestment_rate": -28.06,
            "research_to_sale_ratio": 3.07,
            "price_fair": 85.31,
            "eps_avg_yearly": 2.44,
            "eps_latest_yearly": 2.04,
            "eps_growth_yearly": 32.75
        },
        "20162": {
            "year_quarter": 20162,
            "year": 2016,
            "quarter": 2,
            "eps": 0.6,
            "eps_growth_year": 11.11,
            "eps_4q": 2.46,
            "eps_4q_growth_year": 7.83,
            "roe": 2.29,
            "roe_4q": 9.51,
            "gross_profit": 277651,
            "gross_margin": 35.74,
            "gross_margin_4q_avg": 33.93,
            "net_income": 94130,
            "net_income_4q": null,
            "revenue": 776834,
            "revenue_4q": null,
            "common_shares": 1556549,
            "book_valuer_per_share": 26.09,
            "book_valuer_per_share_4q_avg": 26.24,
            "equity": 4071111,
            "current_ratio": 473.13,
            "debt_ratio": 23.56,
            "inventory_turnover_ratio": 0.57,
            "account_receivable_turnover_ratio": 1.49,
            "reinvestment_rate": -4.64,
            "research_to_sale_ratio": 2.47,
            "price_fair": 51.7,
            "eps_avg_yearly": 2.29,
            "eps_latest_yearly": 2.4,
            "eps_growth_yearly": 12.58
        },
        "20163": {
            "year_quarter": 20163,
            "year": 2016,
            "quarter": 3,
            "eps": 0.52,
            "eps_growth_year": -40.91,
            "eps_4q": 2.1,
            "eps_4q_growth_year": -17.8,
            "roe": 1.98,
            "roe_4q": 8.03,
            "gross_profit": 264102,
            "gross_margin": 35.24,
            "gross_margin_4q_avg": 34.56,
            "net_income": 81024,
            "net_income_4q": null,
            "revenue": 749386,
            "revenue_4q": null,
            "common_shares": 1556549,
            "book_valuer_per_share": 26.42,
            "book_valuer_per_share_4q_avg": 26.32,
            "equity": 4125855,
            "current_ratio": 474.34,
            "debt_ratio": 25.03,
            "inventory_turnover_ratio": 0.56,
            "account_receivable_turnover_ratio": 1.39,
            "reinvestment_rate": -7.59,
            "research_to_sale_ratio": 2.61,
            "price_fair": 80.94,
            "eps_avg_yearly": 2.31,
            "eps_latest_yearly": 2.08,
            "eps_growth_yearly": 25.21
        },
        "20164": {
            "year_quarter": 20164,
            "year": 2016,
            "quarter": 4,
            "eps": 0.87,
            "eps_growth_year": 84.83,
            "eps_4q": 2.49,
            "eps_4q_growth_year": 2.79,
            "roe": 3.25,
            "roe_4q": 9.48,
            "gross_profit": 291137,
            "gross_margin": 37.09,
            "gross_margin_4q_avg": 35.66,
            "net_income": 136312,
            "net_income_4q": null,
            "revenue": 785017,
            "revenue_4q": null,
            "common_shares": 1556549,
            "book_valuer_per_share": 27.32,
            "book_valuer_per_share_4q_avg": 26.61,
            "equity": 4267642,
            "current_ratio": 389.8,
            "debt_ratio": 26.78,
            "inventory_turnover_ratio": 0.56,
            "account_receivable_turnover_ratio": 1.4,
            "reinvestment_rate": 14.55,
            "research_to_sale_ratio": 2.53,
            "price_fair": 85.49,
            "eps_avg_yearly": 2.44,
            "eps_latest_yearly": 3.48,
            "eps_growth_yearly": 46.69
        },
        "20171": {
            "year_quarter": 20171,
            "year": 2017,
            "quarter": 1,
            "eps": 0.61,
            "eps_growth_year": 19.61,
            "eps_4q": 2.59,
            "eps_4q_growth_year": 8.31,
            "roe": 2.24,
            "roe_4q": 9.760000000000002,
            "gross_profit": 288421,
            "gross_margin": 36.64,
            "gross_margin_4q_avg": 36.18,
            "net_income": 95992,
            "net_income_4q": null,
            "revenue": 787118,
            "revenue_4q": null,
            "common_shares": 1556549,
            "book_valuer_per_share": 27.64,
            "book_valuer_per_share_4q_avg": 26.87,
            "equity": 4316815,
            "current_ratio": 442.59,
            "debt_ratio": 24.35,
            "inventory_turnover_ratio": 0.54,
            "account_receivable_turnover_ratio": 1.39,
            "reinvestment_rate": 15.18,
            "research_to_sale_ratio": 2.44,
            "price_fair": 86.36,
            "eps_avg_yearly": 2.47,
            "eps_latest_yearly": 2.44,
            "eps_growth_yearly": 27.79
        },
        "20172": {
            "year_quarter": 20172,
            "year": 2017,
            "quarter": 2,
            "eps": 0.92,
            "eps_growth_year": 53.33,
            "eps_4q": 2.92,
            "eps_4q_growth_year": 18.45,
            "roe": 3.39,
            "roe_4q": 10.860000000000001,
            "gross_profit": 320482,
            "gross_margin": 36.34,
            "gross_margin_4q_avg": 36.33,
            "net_income": 145082,
            "net_income_4q": null,
            "revenue": 881783,
            "revenue_4q": null,
            "common_shares": 1556549,
            "book_valuer_per_share": 27.16,
            "book_valuer_per_share_4q_avg": 27.14,
            "equity": 4244598,
            "current_ratio": 355.5,
            "debt_ratio": 28.21,
            "inventory_turnover_ratio": 0.57,
            "account_receivable_turnover_ratio": 1.45,
            "reinvestment_rate": 16.09,
            "research_to_sale_ratio": 2.83,
            "price_fair": 91.44,
            "eps_avg_yearly": 2.61,
            "eps_latest_yearly": 3.68,
            "eps_growth_yearly": 48.83
        },
        "20173": {
            "year_quarter": 20173,
            "year": 2017,
            "quarter": 3,
            "eps": 0.93,
            "eps_growth_year": 78.85,
            "eps_4q": 3.33,
            "eps_4q_growth_year": 58.96,
            "roe": 3.4,
            "roe_4q": 12.280000000000001,
            "gross_profit": 300430,
            "gross_margin": 35.62,
            "gross_margin_4q_avg": 36.42,
            "net_income": 146936,
            "net_income_4q": null,
            "revenue": 843362,
            "revenue_4q": null,
            "common_shares": 1556549,
            "book_valuer_per_share": 28.2,
            "book_valuer_per_share_4q_avg": 27.58,
            "equity": 4407832,
            "current_ratio": 439.1,
            "debt_ratio": 25.69,
            "inventory_turnover_ratio": 0.53,
            "account_receivable_turnover_ratio": 1.28,
            "reinvestment_rate": 13.01,
            "research_to_sale_ratio": 2.66,
            "price_fair": 93.26,
            "eps_avg_yearly": 2.68,
            "eps_latest_yearly": 3.72,
            "eps_growth_yearly": 24.83
        },
        "20174": {
            "year_quarter": 20174,
            "year": 2017,
            "quarter": 4,
            "eps": 0.73,
            "eps_growth_year": -15.44,
            "eps_4q": 3.2,
            "eps_4q_growth_year": 28.25,
            "roe": 2.61,
            "roe_4q": 11.64,
            "gross_profit": 287394,
            "gross_margin": 36,
            "gross_margin_4q_avg": 36.15,
            "net_income": 116646,
            "net_income_4q": null,
            "revenue": 798212,
            "revenue_4q": null,
            "common_shares": 1556549,
            "book_valuer_per_share": 28.91,
            "book_valuer_per_share_4q_avg": 27.98,
            "equity": 4522478,
            "current_ratio": 418.97,
            "debt_ratio": 26.21,
            "inventory_turnover_ratio": 0.49,
            "account_receivable_turnover_ratio": 1.19,
            "reinvestment_rate": 15.35,
            "research_to_sale_ratio": 2.86,
            "price_fair": 73.94,
            "eps_avg_yearly": 2.68,
            "eps_latest_yearly": 2.92,
            "eps_growth_yearly": 17.59
        },
        "20181": {
            "year_quarter": 20181,
            "year": 2018,
            "quarter": 1,
            "eps": 0.45,
            "eps_growth_year": -26.23,
            "eps_4q": 3.04,
            "eps_4q_growth_year": 17.1,
            "roe": 1.56,
            "roe_4q": 10.96,
            "gross_profit": 275375,
            "gross_margin": 35.5,
            "gross_margin_4q_avg": 35.87,
            "net_income": 71343,
            "net_income_4q": null,
            "revenue": 775650,
            "revenue_4q": null,
            "common_shares": 1556549,
            "book_valuer_per_share": 29.71,
            "book_valuer_per_share_4q_avg": 28.5,
            "equity": 4648347,
            "current_ratio": 449.65,
            "debt_ratio": 25.28,
            "inventory_turnover_ratio": 0.47,
            "account_receivable_turnover_ratio": 1.17,
            "reinvestment_rate": -4.88,
            "research_to_sale_ratio": 2.81,
            "price_fair": 44.18,
            "eps_avg_yearly": 2.61,
            "eps_latest_yearly": 1.8,
            "eps_growth_yearly": 6.96
        },
        "20182": {
            "year_quarter": 20182,
            "year": 2018,
            "quarter": 2,
            "eps": 0.98,
            "eps_growth_year": 6.52,
            "eps_4q": 3.1,
            "eps_4q_growth_year": 6.1,
            "roe": 3.41,
            "roe_4q": 10.98,
            "gross_profit": 303312,
            "gross_margin": 33.48,
            "gross_margin_4q_avg": 35.15,
            "net_income": 154758,
            "net_income_4q": null,
            "revenue": 905932,
            "revenue_4q": null,
            "common_shares": 1556549,
            "book_valuer_per_share": 28.36,
            "book_valuer_per_share_4q_avg": 28.8,
            "equity": 4439378,
            "current_ratio": 350.2,
            "debt_ratio": 30.3,
            "inventory_turnover_ratio": 0.55,
            "account_receivable_turnover_ratio": 1.31,
            "reinvestment_rate": -3.36,
            "research_to_sale_ratio": 2.46,
            "price_fair": 94.33,
            "eps_avg_yearly": 2.7,
            "eps_latest_yearly": 3.92,
            "eps_growth_yearly": 40.74
        },
        "20183": {
            "year_quarter": 20183,
            "year": 2018,
            "quarter": 3,
            "eps": 0.8,
            "eps_growth_year": -13.98,
            "eps_4q": 2.96,
            "eps_4q_growth_year": -11.08,
            "roe": 2.82,
            "roe_4q": 10.4,
            "gross_profit": 306227,
            "gross_margin": 32.73,
            "gross_margin_4q_avg": 34.43,
            "net_income": 125883,
            "net_income_4q": null,
            "revenue": 935625,
            "revenue_4q": null,
            "common_shares": 1556549,
            "book_valuer_per_share": 28.62,
            "book_valuer_per_share_4q_avg": 28.9,
            "equity": 4482451,
            "current_ratio": 376.18,
            "debt_ratio": 28.2,
            "inventory_turnover_ratio": 0.55,
            "account_receivable_turnover_ratio": 1.25,
            "reinvestment_rate": -2.28,
            "research_to_sale_ratio": 2.55,
            "price_fair": 95.99,
            "eps_avg_yearly": 2.74,
            "eps_latest_yearly": 3.2,
            "eps_growth_yearly": 36.55
        },
        "20184": {
            "year_quarter": 20184,
            "year": 2018,
            "quarter": 4,
            "eps": 0.85,
            "eps_growth_year": 15.39,
            "eps_4q": 3.08,
            "eps_4q_growth_year": -3.84,
            "roe": 2.95,
            "roe_4q": 10.74,
            "gross_profit": 290522,
            "gross_margin": 31.67,
            "gross_margin_4q_avg": 33.35,
            "net_income": 133432,
            "net_income_4q": null,
            "revenue": 917470,
            "revenue_4q": null,
            "common_shares": 1556549,
            "book_valuer_per_share": 29.09,
            "book_valuer_per_share_4q_avg": 28.95,
            "equity": 4557294,
            "current_ratio": 378.86,
            "debt_ratio": 28,
            "inventory_turnover_ratio": 0.52,
            "account_receivable_turnover_ratio": 1.24,
            "reinvestment_rate": -1.52,
            "research_to_sale_ratio": 2.72,
            "price_fair": 98.18,
            "eps_avg_yearly": 2.81,
            "eps_latest_yearly": 3.4,
            "eps_growth_yearly": 38.52
        },
        "20191": {
            "year_quarter": 20191,
            "year": 2019,
            "quarter": 1,
            "eps": 0.62,
            "eps_growth_year": 37.78,
            "eps_4q": 3.25,
            "eps_4q_growth_year": 7.06,
            "roe": 2.15,
            "roe_4q": 11.33,
            "gross_profit": 261334,
            "gross_margin": 31.09,
            "gross_margin_4q_avg": 32.24,
            "net_income": 99598,
            "net_income_4q": null,
            "revenue": 840648,
            "revenue_4q": null,
            "common_shares": 1556549,
            "book_valuer_per_share": 30,
            "book_valuer_per_share_4q_avg": 29.02,
            "equity": 4701939,
            "current_ratio": 394.58,
            "debt_ratio": 26.87,
            "inventory_turnover_ratio": 0.46,
            "account_receivable_turnover_ratio": 1.2,
            "reinvestment_rate": -0.65,
            "research_to_sale_ratio": 3.02,
            "price_fair": 98.7,
            "eps_avg_yearly": 2.82,
            "eps_latest_yearly": 2.48,
            "eps_growth_yearly": 33.42
        },
        "20192": {
            "year_quarter": 20192,
            "year": 2019,
            "quarter": 2,
            "eps": 0.72,
            "eps_growth_year": -26.53,
            "eps_4q": 2.99,
            "eps_4q_growth_year": -3.49,
            "roe": 2.47,
            "roe_4q": 10.39,
            "gross_profit": 262908,
            "gross_margin": 31.12,
            "gross_margin_4q_avg": 31.65,
            "net_income": 113478,
            "net_income_4q": null,
            "revenue": 844719,
            "revenue_4q": null,
            "common_shares": 1556549,
            "book_valuer_per_share": 28.51,
            "book_valuer_per_share_4q_avg": 29.06,
            "equity": 4473560,
            "current_ratio": 329.08,
            "debt_ratio": 30.36,
            "inventory_turnover_ratio": 0.45,
            "account_receivable_turnover_ratio": 1.23,
            "reinvestment_rate": 0.25,
            "research_to_sale_ratio": 2.95,
            "price_fair": 100.28,
            "eps_avg_yearly": 2.87,
            "eps_latest_yearly": 2.88,
            "eps_growth_yearly": 38.35
        },
        "20193": {
            "year_quarter": 20193,
            "year": 2019,
            "quarter": 3,
            "eps": 0.86,
            "eps_growth_year": 7.5,
            "eps_4q": 3.05,
            "eps_4q_growth_year": 2.87,
            "roe": 3,
            "roe_4q": 10.57,
            "gross_profit": 280842,
            "gross_margin": 31.81,
            "gross_margin_4q_avg": 31.42,
            "net_income": 135108,
            "net_income_4q": null,
            "revenue": 882792,
            "revenue_4q": null,
            "common_shares": 1556549,
            "book_valuer_per_share": 28.91,
            "book_valuer_per_share_4q_avg": 29.13,
            "equity": 4537140,
            "current_ratio": 363.89,
            "debt_ratio": 28.41,
            "inventory_turnover_ratio": 0.47,
            "account_receivable_turnover_ratio": 1.29,
            "reinvestment_rate": 1.12,
            "research_to_sale_ratio": 3.42,
            "price_fair": 100.1,
            "eps_avg_yearly": 2.86,
            "eps_latest_yearly": 3.44,
            "eps_growth_yearly": 27.47
        },
        "20194": {
            "year_quarter": 20194,
            "year": 2019,
            "quarter": 4,
            "eps": 0.51,
            "eps_growth_year": -39.88,
            "eps_4q": 2.71,
            "eps_4q_growth_year": -11.86,
            "roe": 1.77,
            "roe_4q": 9.39,
            "gross_profit": 304089,
            "gross_margin": 32.55,
            "gross_margin_4q_avg": 31.64,
            "net_income": 80703,
            "net_income_4q": null,
            "revenue": 934334,
            "revenue_4q": null,
            "common_shares": 1556549,
            "book_valuer_per_share": 29.15,
            "book_valuer_per_share_4q_avg": 29.14,
            "equity": 4573034,
            "current_ratio": 345.82,
            "debt_ratio": 29.48,
            "inventory_turnover_ratio": 0.51,
            "account_receivable_turnover_ratio": 1.4,
            "reinvestment_rate": -0.9,
            "research_to_sale_ratio": 3.15,
            "price_fair": 100.45,
            "eps_avg_yearly": 2.87,
            "eps_latest_yearly": 2.04,
            "eps_growth_yearly": 28.94
        },
        "20201": {
            "year_quarter": 20201,
            "year": 2020,
            "quarter": 1,
            "eps": 0.87,
            "eps_growth_year": 40.32,
            "eps_4q": 2.96,
            "eps_4q_growth_year": -8.95,
            "roe": 2.97,
            "roe_4q": 10.21,
            "gross_profit": 218053,
            "gross_margin": 30.9,
            "gross_margin_4q_avg": 31.6,
            "net_income": 137742,
            "net_income_4q": null,
            "revenue": 705646,
            "revenue_4q": null,
            "common_shares": 1556549,
            "book_valuer_per_share": 29.93,
            "book_valuer_per_share_4q_avg": 29.13,
            "equity": 4693479,
            "current_ratio": 377.55,
            "debt_ratio": 26.53,
            "inventory_turnover_ratio": 0.39,
            "account_receivable_turnover_ratio": 1.11,
            "reinvestment_rate": -1.19,
            "research_to_sale_ratio": 3.64,
            "price_fair": 103.6,
            "eps_avg_yearly": 2.96,
            "eps_latest_yearly": 3.48,
            "eps_growth_yearly": 44.46
        },
        "20202": {
            "year_quarter": 20202,
            "year": 2020,
            "quarter": 2,
            "eps": 0.46,
            "eps_growth_year": -36.11,
            "eps_4q": 2.7,
            "eps_4q_growth_year": -9.71,
            "roe": 1.55,
            "roe_4q": 9.290000000000001,
            "gross_profit": 267899,
            "gross_margin": 31.6,
            "gross_margin_4q_avg": 31.72,
            "net_income": 72631,
            "net_income_4q": null,
            "revenue": 847819,
            "revenue_4q": null,
            "common_shares": 1556549,
            "book_valuer_per_share": 29.87,
            "book_valuer_per_share_4q_avg": 29.47,
            "equity": 4686508,
            "current_ratio": 338.17,
            "debt_ratio": 28.15,
            "inventory_turnover_ratio": 0.46,
            "account_receivable_turnover_ratio": 1.36,
            "reinvestment_rate": 1.61,
            "research_to_sale_ratio": 2.62,
            "price_fair": 102.38,
            "eps_avg_yearly": 2.93,
            "eps_latest_yearly": 1.84,
            "eps_growth_yearly": 28.27
        },
        "20203": {
            "year_quarter": 20203,
            "year": 2020,
            "quarter": 3,
            "eps": 0.47,
            "eps_growth_year": -45.35,
            "eps_4q": 2.31,
            "eps_4q_growth_year": -24.12,
            "roe": 1.58,
            "roe_4q": 7.869999999999999,
            "gross_profit": 260808,
            "gross_margin": 31.2,
            "gross_margin_4q_avg": 31.56,
            "net_income": 74534,
            "net_income_4q": null,
            "revenue": 835953,
            "revenue_4q": null,
            "common_shares": 1556549,
            "book_valuer_per_share": 30.11,
            "book_valuer_per_share_4q_avg": 29.77,
            "equity": 4723921,
            "current_ratio": 346.11,
            "debt_ratio": 27.92,
            "inventory_turnover_ratio": 0.46,
            "account_receivable_turnover_ratio": 1.29,
            "reinvestment_rate": 4.15,
            "research_to_sale_ratio": 2.44,
            "price_fair": 101.94,
            "eps_avg_yearly": 2.91,
            "eps_latest_yearly": 1.88,
            "eps_growth_yearly": 32.15
        },
        "20204": {
            "year_quarter": 20204,
            "year": 2020,
            "quarter": 4,
            "eps": 0.51,
            "eps_growth_year": 1.16,
            "eps_4q": 2.32,
            "eps_4q_growth_year": -14.47,
            "roe": 1.71,
            "roe_4q": 7.8100000000000005,
            "gross_profit": 327363,
            "gross_margin": 32.95,
            "gross_margin_4q_avg": 31.66,
            "net_income": 82051,
            "net_income_4q": null,
            "revenue": 993513,
            "revenue_4q": null,
            "common_shares": 1556549,
            "book_valuer_per_share": 31.05,
            "book_valuer_per_share_4q_avg": 30.24,
            "equity": 4871184,
            "current_ratio": 329.06,
            "debt_ratio": 29.55,
            "inventory_turnover_ratio": 0.54,
            "account_receivable_turnover_ratio": 1.43,
            "reinvestment_rate": -16.24,
            "research_to_sale_ratio": 2.08,
            "price_fair": 77.47,
            "eps_avg_yearly": 2.82,
            "eps_latest_yearly": 2.04,
            "eps_growth_yearly": 17.45
        },
        "20211": {
            "year_quarter": 20211,
            "year": 2021,
            "quarter": 1,
            "eps": 1.2,
            "eps_growth_year": 37.93,
            "eps_4q": 2.65,
            "eps_4q_growth_year": -10.58,
            "roe": 3.9,
            "roe_4q": 8.74,
            "gross_profit": 368040,
            "gross_margin": 34.67,
            "gross_margin_4q_avg": 32.61,
            "net_income": 190168,
            "net_income_4q": null,
            "revenue": 1061551,
            "revenue_4q": null,
            "common_shares": 1556549,
            "book_valuer_per_share": 31.14,
            "book_valuer_per_share_4q_avg": 30.54,
            "equity": 4886218,
            "current_ratio": 291.36,
            "debt_ratio": 32.45,
            "inventory_turnover_ratio": 0.52,
            "account_receivable_turnover_ratio": 1.32,
            "reinvestment_rate": -13.34,
            "research_to_sale_ratio": 2.27,
            "price_fair": 103.95,
            "eps_avg_yearly": 2.97,
            "eps_latest_yearly": 4.8,
            "eps_growth_yearly": 58.74
        },
        "20212": {
            "year_quarter": 20212,
            "year": 2021,
            "quarter": 2,
            "eps": 1.07,
            "eps_growth_year": 132.61,
            "eps_4q": 3.26,
            "eps_4q_growth_year": 20.78,
            "roe": 3.38,
            "roe_4q": 10.569999999999999,
            "gross_profit": 427429,
            "gross_margin": 35.83,
            "gross_margin_4q_avg": 33.66,
            "net_income": 167817,
            "net_income_4q": null,
            "revenue": 1193030,
            "revenue_4q": null,
            "common_shares": 1556549,
            "book_valuer_per_share": 32.08,
            "book_valuer_per_share_4q_avg": 31.1,
            "equity": 5032600,
            "current_ratio": 293.38,
            "debt_ratio": 32.47,
            "inventory_turnover_ratio": 0.51,
            "account_receivable_turnover_ratio": 1.26,
            "reinvestment_rate": -9.95,
            "research_to_sale_ratio": 2.08,
            "price_fair": 105.26,
            "eps_avg_yearly": 3.01,
            "eps_latest_yearly": 4.28,
            "eps_growth_yearly": 43.33
        },
        "20213": {
            "year_quarter": 20213,
            "year": 2021,
            "quarter": 3,
            "eps": 1.27,
            "eps_growth_year": 170.21,
            "eps_4q": 4.05,
            "eps_4q_growth_year": 75.18,
            "roe": 3.91,
            "roe_4q": 12.899999999999999,
            "gross_profit": 434812,
            "gross_margin": 35.92,
            "gross_margin_4q_avg": 34.84,
            "net_income": 199359,
            "net_income_4q": null,
            "revenue": 1210421,
            "revenue_4q": null,
            "common_shares": 1556549,
            "book_valuer_per_share": 32.99,
            "book_valuer_per_share_4q_avg": 31.82,
            "equity": 5173912,
            "current_ratio": 290.27,
            "debt_ratio": 34.06,
            "inventory_turnover_ratio": 0.42,
            "account_receivable_turnover_ratio": 1.19,
            "reinvestment_rate": -10.35,
            "research_to_sale_ratio": 2.32,
            "price_fair": 108.24,
            "eps_avg_yearly": 3.09,
            "eps_latest_yearly": 5.08,
            "eps_growth_yearly": 47.73
        },
        "20214": {
            "year_quarter": 20214,
            "year": 2021,
            "quarter": 4,
            "eps": 1.44,
            "eps_growth_year": 180.04,
            "eps_4q": 4.98,
            "eps_4q_growth_year": 114.66,
            "roe": 4.24,
            "roe_4q": 15.430000000000001,
            "gross_profit": 470184,
            "gross_margin": 35.42,
            "gross_margin_4q_avg": 35.46,
            "net_income": 226270,
            "net_income_4q": null,
            "revenue": 1327299,
            "revenue_4q": null,
            "common_shares": 1556549,
            "book_valuer_per_share": 35.16,
            "book_valuer_per_share_4q_avg": 32.84,
            "equity": 5510459,
            "current_ratio": 300.33,
            "debt_ratio": 33.82,
            "inventory_turnover_ratio": 0.4,
            "account_receivable_turnover_ratio": 1.27,
            "reinvestment_rate": -9.91,
            "research_to_sale_ratio": 2.8,
            "price_fair": 114.45,
            "eps_avg_yearly": 3.27,
            "eps_latest_yearly": 5.76,
            "eps_growth_yearly": 56.45
        },
        "20221": {
            "year_quarter": 20221,
            "year": 2022,
            "quarter": 1,
            "eps": 1.59,
            "eps_growth_year": 32.5,
            "eps_4q": 5.37,
            "eps_4q_growth_year": 102.81,
            "roe": 4.52,
            "roe_4q": 16.05,
            "gross_profit": 417460,
            "gross_margin": 35.14,
            "gross_margin_4q_avg": 35.58,
            "net_income": 250002,
            "net_income_4q": null,
            "revenue": 1188144,
            "revenue_4q": null,
            "common_shares": 1556549,
            "book_valuer_per_share": 35.4,
            "book_valuer_per_share_4q_avg": 33.91,
            "equity": 5552197,
            "current_ratio": 302.97,
            "debt_ratio": 34.82,
            "inventory_turnover_ratio": 0.34,
            "account_receivable_turnover_ratio": 1.15,
            "reinvestment_rate": 7.32,
            "research_to_sale_ratio": 2.6,
            "price_fair": 124.43,
            "eps_avg_yearly": 3.56,
            "eps_latest_yearly": 6.36,
            "eps_growth_yearly": 68.64
        },
        "20222": {
            "year_quarter": 20222,
            "year": 2022,
            "quarter": 2,
            "eps": 1.75,
            "eps_growth_year": 63.55,
            "eps_4q": 6.05,
            "eps_4q_growth_year": 85.69,
            "roe": 4.88,
            "roe_4q": 17.549999999999997,
            "gross_profit": 451481,
            "gross_margin": 35.03,
            "gross_margin_4q_avg": 35.38,
            "net_income": 274022,
            "net_income_4q": null,
            "revenue": 1288670,
            "revenue_4q": null,
            "common_shares": 1556549,
            "book_valuer_per_share": 36.23,
            "book_valuer_per_share_4q_avg": 34.95,
            "equity": 5681890,
            "current_ratio": 393.23,
            "debt_ratio": 29.48,
            "inventory_turnover_ratio": 0.38,
            "account_receivable_turnover_ratio": 1.24,
            "reinvestment_rate": 9,
            "research_to_sale_ratio": 2.59,
            "price_fair": 131.16,
            "eps_avg_yearly": 3.75,
            "eps_latest_yearly": 7,
            "eps_growth_yearly": 41.72
        },
        "20223": {
            "year_quarter": 20223,
            "year": 2022,
            "quarter": 3,
            "eps": 1.72,
            "eps_growth_year": 35.43,
            "eps_4q": 6.5,
            "eps_4q_growth_year": 60.31,
            "roe": 4.64,
            "roe_4q": 18.28,
            "gross_profit": 389378,
            "gross_margin": 30.82,
            "gross_margin_4q_avg": 34.1,
            "net_income": 268108,
            "net_income_4q": null,
            "revenue": 1263479,
            "revenue_4q": null,
            "common_shares": 1556549,
            "book_valuer_per_share": 37.53,
            "book_valuer_per_share_4q_avg": 36.08,
            "equity": 5884547,
            "current_ratio": 473.08,
            "debt_ratio": 25.63,
            "inventory_turnover_ratio": 0.42,
            "account_receivable_turnover_ratio": 1.2,
            "reinvestment_rate": 9.54,
            "research_to_sale_ratio": 2.8,
            "price_fair": 139.21,
            "eps_avg_yearly": 3.98,
            "eps_latest_yearly": 6.88,
            "eps_growth_yearly": 45.88
        },
        "20224": {
            "year_quarter": 20224,
            "year": 2022,
            "quarter": 4,
            "eps": 0.7,
            "eps_growth_year": -51.72,
            "eps_4q": 5.75,
            "eps_4q_growth_year": 15.53,
            "roe": 1.83,
            "roe_4q": 15.87,
            "gross_profit": 346875,
            "gross_margin": 31.39,
            "gross_margin_4q_avg": 33.1,
            "net_income": 109761,
            "net_income_4q": null,
            "revenue": 1105222,
            "revenue_4q": null,
            "common_shares": 1556549,
            "book_valuer_per_share": 38.84,
            "book_valuer_per_share_4q_avg": 37,
            "equity": 6090340,
            "current_ratio": 506.81,
            "debt_ratio": 24.01,
            "inventory_turnover_ratio": 0.4,
            "account_receivable_turnover_ratio": 1.12,
            "reinvestment_rate": 20.51,
            "research_to_sale_ratio": 2.31,
            "price_fair": 137.9,
            "eps_avg_yearly": 3.94,
            "eps_latest_yearly": 2.8,
            "eps_growth_yearly": 29.49
        },
        "20231": {
            "year_quarter": 20231,
            "year": 2023,
            "quarter": 1,
            "eps": 0.85,
            "eps_growth_year": -46.54,
            "eps_4q": 5.02,
            "eps_4q_growth_year": -6.56,
            "roe": 2.24,
            "roe_4q": 13.59,
            "gross_profit": 335487,
            "gross_margin": 31.7,
            "gross_margin_4q_avg": 32.24,
            "net_income": 134722,
            "net_income_4q": null,
            "revenue": 1058271,
            "revenue_4q": null,
            "common_shares": 1556549,
            "book_valuer_per_share": 37.8,
            "book_valuer_per_share_4q_avg": 37.6,
            "equity": 5930164,
            "current_ratio": 418.21,
            "debt_ratio": 26.86,
            "inventory_turnover_ratio": 0.43,
            "account_receivable_turnover_ratio": 1.14,
            "reinvestment_rate": 23,
            "research_to_sale_ratio": 3.28,
            "price_fair": 139.91,
            "eps_avg_yearly": 4,
            "eps_latest_yearly": 3.4,
            "eps_growth_yearly": 41.61
        },
        "20232": {
            "year_quarter": 20232,
            "year": 2023,
            "quarter": 2,
            "eps": 1.06,
            "eps_growth_year": -39.43,
            "eps_4q": 4.32,
            "eps_4q_growth_year": -28.63,
            "roe": 2.75,
            "roe_4q": 11.46,
            "gross_profit": 348381,
            "gross_margin": 31.09,
            "gross_margin_4q_avg": 31.25,
            "net_income": 164864,
            "net_income_4q": null,
            "revenue": 1120718,
            "revenue_4q": null,
            "common_shares": 1556549,
            "book_valuer_per_share": 38.64,
            "book_valuer_per_share_4q_avg": 38.2,
            "equity": 6061642,
            "current_ratio": 472.15,
            "debt_ratio": 24.91,
            "inventory_turnover_ratio": 0.5,
            "account_receivable_turnover_ratio": 1.24,
            "reinvestment_rate": 21.44,
            "research_to_sale_ratio": 2.75,
            "price_fair": 142.89,
            "eps_avg_yearly": 4.08,
            "eps_latest_yearly": 4.24,
            "eps_growth_yearly": 43.76
        },
        "20233": {
            "year_quarter": 20233,
            "year": 2023,
            "quarter": 3,
            "eps": 1,
            "eps_growth_year": -41.86,
            "eps_4q": 3.6,
            "eps_4q_growth_year": -44.63,
            "roe": 2.54,
            "roe_4q": 9.36,
            "gross_profit": 293783,
            "gross_margin": 30.01,
            "gross_margin_4q_avg": 31.05,
            "net_income": 155916,
            "net_income_4q": null,
            "revenue": 978825,
            "revenue_4q": null,
            "common_shares": 1556549,
            "book_valuer_per_share": 39.73,
            "book_valuer_per_share_4q_avg": 38.75,
            "equity": 6232375,
            "current_ratio": 770.14,
            "debt_ratio": 19.3,
            "inventory_turnover_ratio": 0.46,
            "account_receivable_turnover_ratio": 1.1,
            "reinvestment_rate": 25.78,
            "research_to_sale_ratio": 3.23,
            "price_fair": 144.11,
            "eps_avg_yearly": 4.12,
            "eps_latest_yearly": 4,
            "eps_growth_yearly": 37.48
        }
    },
    "months": {
        "2002-02": {
            "month": "2002-02",
            "price": "36.99",
            "revenue": 64678
        },
        "2002-03": {
            "month": "2002-03",
            "price": "37.63",
            "revenue": 94448
        },
        "2002-04": {
            "month": "2002-04",
            "price": "40.67",
            "revenue": 89757
        },
        "2002-05": {
            "month": "2002-05",
            "price": "42.29",
            "revenue": 90001
        },
        "2002-06": {
            "month": "2002-06",
            "price": "43.44",
            "revenue": 87803
        },
        "2002-07": {
            "month": "2002-07",
            "price": "38.83",
            "revenue": 77372
        },
        "2002-08": {
            "month": "2002-08",
            "price": "35.99",
            "revenue": 82045
        },
        "2002-09": {
            "month": "2002-09",
            "price": "36.64",
            "revenue": 74082
        },
        "2002-10": {
            "month": "2002-10",
            "price": "33.94",
            "revenue": 84445
        },
        "2002-11": {
            "month": "2002-11",
            "price": "36.12",
            "revenue": 73383
        },
        "2002-12": {
            "month": "2002-12",
            "price": "34.61",
            "revenue": 88286
        },
        "2003-01": {
            "month": "2003-01",
            "price": "34.23",
            "revenue": 82783
        },
        "2003-02": {
            "month": "2003-02",
            "price": "33.62",
            "revenue": 69271
        },
        "2003-03": {
            "month": "2003-03",
            "price": "30.44",
            "revenue": 115147
        },
        "2003-04": {
            "month": "2003-04",
            "price": "31.95",
            "revenue": 104885
        },
        "2003-05": {
            "month": "2003-05",
            "price": "34.92",
            "revenue": 96008
        },
        "2003-06": {
            "month": "2003-06",
            "price": "39.37",
            "revenue": 91248
        },
        "2003-07": {
            "month": "2003-07",
            "price": "42.50",
            "revenue": 91111
        },
        "2003-08": {
            "month": "2003-08",
            "price": "40.03",
            "revenue": 86678
        },
        "2003-09": {
            "month": "2003-09",
            "price": "38.34",
            "revenue": 80760
        },
        "2003-10": {
            "month": "2003-10",
            "price": "37.00",
            "revenue": 89945
        },
        "2003-11": {
            "month": "2003-11",
            "price": "37.72",
            "revenue": 67518
        },
        "2003-12": {
            "month": "2003-12",
            "price": "37.01",
            "revenue": 89861
        },
        "2004-01": {
            "month": "2004-01",
            "price": "37.01",
            "revenue": 78414
        },
        "2004-02": {
            "month": "2004-02",
            "price": "37.62",
            "revenue": 88224
        },
        "2004-03": {
            "month": "2004-03",
            "price": "36.07",
            "revenue": 117640
        },
        "2004-04": {
            "month": "2004-04",
            "price": "34.93",
            "revenue": 123947
        },
        "2004-05": {
            "month": "2004-05",
            "price": "29.80",
            "revenue": 116031
        },
        "2004-06": {
            "month": "2004-06",
            "price": "29.40",
            "revenue": 109821
        },
        "2004-07": {
            "month": "2004-07",
            "price": "28.58",
            "revenue": 121426
        },
        "2004-08": {
            "month": "2004-08",
            "price": "29.00",
            "revenue": 104605
        },
        "2004-09": {
            "month": "2004-09",
            "price": "27.67",
            "revenue": 95580
        },
        "2004-10": {
            "month": "2004-10",
            "price": "27.56",
            "revenue": 94642
        },
        "2004-11": {
            "month": "2004-11",
            "price": "27.16",
            "revenue": 102890
        },
        "2004-12": {
            "month": "2004-12",
            "price": "27.70",
            "revenue": 95578
        },
        "2005-01": {
            "month": "2005-01",
            "price": "28.04",
            "revenue": 84016
        },
        "2005-02": {
            "month": "2005-02",
            "price": "28.05",
            "revenue": 74020
        },
        "2005-03": {
            "month": "2005-03",
            "price": "27.92",
            "revenue": 124573
        },
        "2005-04": {
            "month": "2005-04",
            "price": "27.53",
            "revenue": 101041
        },
        "2005-05": {
            "month": "2005-05",
            "price": "24.07",
            "revenue": 119664
        },
        "2005-06": {
            "month": "2005-06",
            "price": "24.36",
            "revenue": 109157
        },
        "2005-07": {
            "month": "2005-07",
            "price": "25.36",
            "revenue": 100350
        },
        "2005-08": {
            "month": "2005-08",
            "price": "21.00",
            "revenue": 107708
        },
        "2005-09": {
            "month": "2005-09",
            "price": "18.56",
            "revenue": 110706
        },
        "2005-10": {
            "month": "2005-10",
            "price": "17.11",
            "revenue": 98482
        },
        "2005-11": {
            "month": "2005-11",
            "price": "16.74",
            "revenue": 113878
        },
        "2005-12": {
            "month": "2005-12",
            "price": "17.88",
            "revenue": 107474
        },
        "2006-01": {
            "month": "2006-01",
            "price": "18.21",
            "revenue": 105478
        },
        "2006-02": {
            "month": "2006-02",
            "price": "17.71",
            "revenue": 105377
        },
        "2006-03": {
            "month": "2006-03",
            "price": "17.97",
            "revenue": 143101
        },
        "2006-04": {
            "month": "2006-04",
            "price": "19.64",
            "revenue": 124547
        },
        "2006-05": {
            "month": "2006-05",
            "price": "20.01",
            "revenue": 133636
        },
        "2006-06": {
            "month": "2006-06",
            "price": "18.38",
            "revenue": 172681
        },
        "2006-07": {
            "month": "2006-07",
            "price": "21.25",
            "revenue": 136551
        },
        "2006-08": {
            "month": "2006-08",
            "price": "23.45",
            "revenue": 147692
        },
        "2006-09": {
            "month": "2006-09",
            "price": "24.53",
            "revenue": 135589
        },
        "2006-10": {
            "month": "2006-10",
            "price": "31.18",
            "revenue": 132200
        },
        "2006-11": {
            "month": "2006-11",
            "price": "32.57",
            "revenue": 117019
        },
        "2006-12": {
            "month": "2006-12",
            "price": "42.53",
            "revenue": 118749
        },
        "2007-01": {
            "month": "2007-01",
            "price": "42.33",
            "revenue": 127248
        },
        "2007-02": {
            "month": "2007-02",
            "price": "40.93",
            "revenue": 103216
        },
        "2007-03": {
            "month": "2007-03",
            "price": "38.63",
            "revenue": 158939
        },
        "2007-04": {
            "month": "2007-04",
            "price": "36.03",
            "revenue": 143395
        },
        "2007-05": {
            "month": "2007-05",
            "price": "34.26",
            "revenue": 186871
        },
        "2007-06": {
            "month": "2007-06",
            "price": "38.02",
            "revenue": 151155
        },
        "2007-07": {
            "month": "2007-07",
            "price": "40.67",
            "revenue": 161465
        },
        "2007-08": {
            "month": "2007-08",
            "price": "36.19",
            "revenue": 167481
        },
        "2007-09": {
            "month": "2007-09",
            "price": "32.08",
            "revenue": 161319
        },
        "2007-10": {
            "month": "2007-10",
            "price": "33.13",
            "revenue": 161912
        },
        "2007-11": {
            "month": "2007-11",
            "price": "28.61",
            "revenue": 147570
        },
        "2007-12": {
            "month": "2007-12",
            "price": "25.93",
            "revenue": 166032
        },
        "2008-01": {
            "month": "2008-01",
            "price": "23.34",
            "revenue": 162329
        },
        "2008-02": {
            "month": "2008-02",
            "price": "22.43",
            "revenue": 102369
        },
        "2008-03": {
            "month": "2008-03",
            "price": "22.96",
            "revenue": 163455
        },
        "2008-04": {
            "month": "2008-04",
            "price": "24.76",
            "revenue": 168377
        },
        "2008-05": {
            "month": "2008-05",
            "price": "25.45",
            "revenue": 164744
        },
        "2008-06": {
            "month": "2008-06",
            "price": "23.50",
            "revenue": 143897
        },
        "2008-07": {
            "month": "2008-07",
            "price": "20.32",
            "revenue": 170534
        },
        "2008-08": {
            "month": "2008-08",
            "price": "19.49",
            "revenue": 155913
        },
        "2008-09": {
            "month": "2008-09",
            "price": "16.22",
            "revenue": 140365
        },
        "2008-10": {
            "month": "2008-10",
            "price": "14.32",
            "revenue": 132524
        },
        "2008-11": {
            "month": "2008-11",
            "price": "12.65",
            "revenue": 107655
        },
        "2008-12": {
            "month": "2008-12",
            "price": "11.23",
            "revenue": 106887
        },
        "2009-01": {
            "month": "2009-01",
            "price": "11.20",
            "revenue": 75207
        },
        "2009-02": {
            "month": "2009-02",
            "price": "11.98",
            "revenue": 95620
        },
        "2009-03": {
            "month": "2009-03",
            "price": "13.75",
            "revenue": 93303
        },
        "2009-04": {
            "month": "2009-04",
            "price": "14.78",
            "revenue": 91873
        },
        "2009-05": {
            "month": "2009-05",
            "price": "15.18",
            "revenue": 88033
        },
        "2009-06": {
            "month": "2009-06",
            "price": "15.31",
            "revenue": 100637
        },
        "2009-07": {
            "month": "2009-07",
            "price": "15.13",
            "revenue": 120601
        },
        "2009-08": {
            "month": "2009-08",
            "price": "17.92",
            "revenue": 116511
        },
        "2009-09": {
            "month": "2009-09",
            "price": "17.89",
            "revenue": 111180
        },
        "2009-10": {
            "month": "2009-10",
            "price": "21.99",
            "revenue": 120035
        },
        "2009-11": {
            "month": "2009-11",
            "price": "20.68",
            "revenue": 103517
        },
        "2009-12": {
            "month": "2009-12",
            "price": "25.25",
            "revenue": 134570
        },
        "2010-01": {
            "month": "2010-01",
            "price": "29.54",
            "revenue": 139805
        },
        "2010-02": {
            "month": "2010-02",
            "price": "27.26",
            "revenue": 93319
        },
        "2010-03": {
            "month": "2010-03",
            "price": "32.03",
            "revenue": 172421
        },
        "2010-04": {
            "month": "2010-04",
            "price": "38.28",
            "revenue": 181631
        },
        "2010-05": {
            "month": "2010-05",
            "price": "33.70",
            "revenue": 168598
        },
        "2010-06": {
            "month": "2010-06",
            "price": "30.97",
            "revenue": 200806
        },
        "2010-07": {
            "month": "2010-07",
            "price": "33.82",
            "revenue": 175341
        },
        "2010-08": {
            "month": "2010-08",
            "price": "35.30",
            "revenue": 211163
        },
        "2010-09": {
            "month": "2010-09",
            "price": "32.81",
            "revenue": 191186
        },
        "2010-10": {
            "month": "2010-10",
            "price": "31.47",
            "revenue": 180426
        },
        "2010-11": {
            "month": "2010-11",
            "price": "29.00",
            "revenue": 156112
        },
        "2010-12": {
            "month": "2010-12",
            "price": "31.60",
            "revenue": 221901
        },
        "2011-01": {
            "month": "2011-01",
            "price": "32.87",
            "revenue": 180598
        },
        "2011-02": {
            "month": "2011-02",
            "price": "31.57",
            "revenue": 120828
        },
        "2011-03": {
            "month": "2011-03",
            "price": "29.48",
            "revenue": 205876
        },
        "2011-04": {
            "month": "2011-04",
            "price": "28.25",
            "revenue": 213546
        },
        "2011-05": {
            "month": "2011-05",
            "price": "28.94",
            "revenue": 188605
        },
        "2011-06": {
            "month": "2011-06",
            "price": "27.99",
            "revenue": 198253
        },
        "2011-07": {
            "month": "2011-07",
            "price": "24.67",
            "revenue": 212495
        },
        "2011-08": {
            "month": "2011-08",
            "price": "21.02",
            "revenue": 229472
        },
        "2011-09": {
            "month": "2011-09",
            "price": "21.35",
            "revenue": 170845
        },
        "2011-10": {
            "month": "2011-10",
            "price": "21.10",
            "revenue": 185014
        },
        "2011-11": {
            "month": "2011-11",
            "price": "19.40",
            "revenue": 155111
        },
        "2011-12": {
            "month": "2011-12",
            "price": "19.62",
            "revenue": 162377
        },
        "2012-01": {
            "month": "2012-01",
            "price": "21.43",
            "revenue": 185335
        },
        "2012-02": {
            "month": "2012-02",
            "price": "22.68",
            "revenue": 176257
        },
        "2012-03": {
            "month": "2012-03",
            "price": "25.17",
            "revenue": 216613
        },
        "2012-04": {
            "month": "2012-04",
            "price": "25.00",
            "revenue": 193549
        },
        "2012-05": {
            "month": "2012-05",
            "price": "25.16",
            "revenue": 191843
        },
        "2012-06": {
            "month": "2012-06",
            "price": "24.89",
            "revenue": 196093
        },
        "2012-07": {
            "month": "2012-07",
            "price": "25.03",
            "revenue": 209666
        },
        "2012-08": {
            "month": "2012-08",
            "price": "25.57",
            "revenue": 202318
        },
        "2012-09": {
            "month": "2012-09",
            "price": "27.00",
            "revenue": 166828
        },
        "2012-10": {
            "month": "2012-10",
            "price": "24.72",
            "revenue": 172228
        },
        "2012-11": {
            "month": "2012-11",
            "price": "20.57",
            "revenue": 148357
        },
        "2012-12": {
            "month": "2012-12",
            "price": "21.14",
            "revenue": 152631
        },
        "2013-01": {
            "month": "2013-01",
            "price": "21.80",
            "revenue": 229936
        },
        "2013-02": {
            "month": "2013-02",
            "price": "21.72",
            "revenue": 153513
        },
        "2013-03": {
            "month": "2013-03",
            "price": "20.94",
            "revenue": 261987
        },
        "2013-04": {
            "month": "2013-04",
            "price": "20.78",
            "revenue": 241698
        },
        "2013-05": {
            "month": "2013-05",
            "price": "21.18",
            "revenue": 226013
        },
        "2013-06": {
            "month": "2013-06",
            "price": "20.69",
            "revenue": 252524
        },
        "2013-07": {
            "month": "2013-07",
            "price": "22.00",
            "revenue": 261499
        },
        "2013-08": {
            "month": "2013-08",
            "price": "26.40",
            "revenue": 223458
        },
        "2013-09": {
            "month": "2013-09",
            "price": "28.36",
            "revenue": 213476
        },
        "2013-10": {
            "month": "2013-10",
            "price": "28.88",
            "revenue": 230622
        },
        "2013-11": {
            "month": "2013-11",
            "price": "28.64",
            "revenue": 217593
        },
        "2013-12": {
            "month": "2013-12",
            "price": "32.44",
            "revenue": 255644
        },
        "2014-01": {
            "month": "2014-01",
            "price": "35.83",
            "revenue": 259402
        },
        "2014-02": {
            "month": "2014-02",
            "price": "40.12",
            "revenue": 205991
        },
        "2014-03": {
            "month": "2014-03",
            "price": "46.64",
            "revenue": 263049
        },
        "2014-04": {
            "month": "2014-04",
            "price": "52.45",
            "revenue": 287799
        },
        "2014-05": {
            "month": "2014-05",
            "price": "51.98",
            "revenue": 294097
        },
        "2014-06": {
            "month": "2014-06",
            "price": "49.56",
            "revenue": 284765
        },
        "2014-07": {
            "month": "2014-07",
            "price": "44.96",
            "revenue": 271444
        },
        "2014-08": {
            "month": "2014-08",
            "price": "42.04",
            "revenue": 220147
        },
        "2014-09": {
            "month": "2014-09",
            "price": "39.91",
            "revenue": 239116
        },
        "2014-10": {
            "month": "2014-10",
            "price": "35.54",
            "revenue": 232509
        },
        "2014-11": {
            "month": "2014-11",
            "price": "34.61",
            "revenue": 230879
        },
        "2014-12": {
            "month": "2014-12",
            "price": "37.25",
            "revenue": 272062
        },
        "2015-01": {
            "month": "2015-01",
            "price": "37.42",
            "revenue": 263595
        },
        "2015-02": {
            "month": "2015-02",
            "price": "39.78",
            "revenue": 182184
        },
        "2015-03": {
            "month": "2015-03",
            "price": "39.58",
            "revenue": 259815
        },
        "2015-04": {
            "month": "2015-04",
            "price": "39.86",
            "revenue": 255791
        },
        "2015-05": {
            "month": "2015-05",
            "price": "38.26",
            "revenue": 259111
        },
        "2015-06": {
            "month": "2015-06",
            "price": "37.71",
            "revenue": 289428
        },
        "2015-07": {
            "month": "2015-07",
            "price": "38.10",
            "revenue": 261202
        },
        "2015-08": {
            "month": "2015-08",
            "price": "30.04",
            "revenue": 227544
        },
        "2015-09": {
            "month": "2015-09",
            "price": "31.14",
            "revenue": 238421
        },
        "2015-10": {
            "month": "2015-10",
            "price": "38.65",
            "revenue": 225462
        },
        "2015-11": {
            "month": "2015-11",
            "price": "39.87",
            "revenue": 219238
        },
        "2015-12": {
            "month": "2015-12",
            "price": "37.10",
            "revenue": 278695
        },
        "2016-01": {
            "month": "2016-01",
            "price": "34.13",
            "revenue": 268253
        },
        "2016-02": {
            "month": "2016-02",
            "price": "36.93",
            "revenue": 178508
        },
        "2016-03": {
            "month": "2016-03",
            "price": "38.51",
            "revenue": 229943
        },
        "2016-04": {
            "month": "2016-04",
            "price": "41.92",
            "revenue": 247884
        },
        "2016-05": {
            "month": "2016-05",
            "price": "35.87",
            "revenue": 258719
        },
        "2016-06": {
            "month": "2016-06",
            "price": "36.85",
            "revenue": 268328
        },
        "2016-07": {
            "month": "2016-07",
            "price": "37.91",
            "revenue": 247438
        },
        "2016-08": {
            "month": "2016-08",
            "price": "38.24",
            "revenue": 256778
        },
        "2016-09": {
            "month": "2016-09",
            "price": "37.90",
            "revenue": 243486
        },
        "2016-10": {
            "month": "2016-10",
            "price": "36.32",
            "revenue": 262000
        },
        "2016-11": {
            "month": "2016-11",
            "price": "34.04",
            "revenue": 253966
        },
        "2016-12": {
            "month": "2016-12",
            "price": "36.14",
            "revenue": 269207
        },
        "2017-01": {
            "month": "2017-01",
            "price": "39.92",
            "revenue": 262039
        },
        "2017-02": {
            "month": "2017-02",
            "price": "42.89",
            "revenue": 220715
        },
        "2017-03": {
            "month": "2017-03",
            "price": "43.57",
            "revenue": 304365
        },
        "2017-04": {
            "month": "2017-04",
            "price": "45.87",
            "revenue": 289718
        },
        "2017-05": {
            "month": "2017-05",
            "price": "48.59",
            "revenue": 279754
        },
        "2017-06": {
            "month": "2017-06",
            "price": "47.71",
            "revenue": 312311
        },
        "2017-07": {
            "month": "2017-07",
            "price": "52.40",
            "revenue": 271381
        },
        "2017-08": {
            "month": "2017-08",
            "price": "54.71",
            "revenue": 292194
        },
        "2017-09": {
            "month": "2017-09",
            "price": "66.67",
            "revenue": 279785
        },
        "2017-10": {
            "month": "2017-10",
            "price": "74.32",
            "revenue": 254096
        },
        "2017-11": {
            "month": "2017-11",
            "price": "73.09",
            "revenue": 254075
        },
        "2017-12": {
            "month": "2017-12",
            "price": "62.65",
            "revenue": 290039
        },
        "2018-01": {
            "month": "2018-01",
            "price": "62.00",
            "revenue": 260316
        },
        "2018-02": {
            "month": "2018-02",
            "price": "53.58",
            "revenue": 196728
        },
        "2018-03": {
            "month": "2018-03",
            "price": "55.08",
            "revenue": 318607
        },
        "2018-04": {
            "month": "2018-04",
            "price": "54.11",
            "revenue": 324906
        },
        "2018-05": {
            "month": "2018-05",
            "price": "53.09",
            "revenue": 278252
        },
        "2018-06": {
            "month": "2018-06",
            "price": "54.14",
            "revenue": 302771
        },
        "2018-07": {
            "month": "2018-07",
            "price": "48.38",
            "revenue": 301396
        },
        "2018-08": {
            "month": "2018-08",
            "price": "49.73",
            "revenue": 326318
        },
        "2018-09": {
            "month": "2018-09",
            "price": "45.97",
            "revenue": 307911
        },
        "2018-10": {
            "month": "2018-10",
            "price": "41.25",
            "revenue": 310829
        },
        "2018-11": {
            "month": "2018-11",
            "price": "40.31",
            "revenue": 285747
        },
        "2018-12": {
            "month": "2018-12",
            "price": "43.32",
            "revenue": 320895
        },
        "2019-01": {
            "month": "2019-01",
            "price": "43.99",
            "revenue": 295481
        },
        "2019-02": {
            "month": "2019-02",
            "price": "45.62",
            "revenue": 206402
        },
        "2019-03": {
            "month": "2019-03",
            "price": "45.04",
            "revenue": 338764
        },
        "2019-04": {
            "month": "2019-04",
            "price": "45.90",
            "revenue": 261032
        },
        "2019-05": {
            "month": "2019-05",
            "price": "41.33",
            "revenue": 292030
        },
        "2019-06": {
            "month": "2019-06",
            "price": "40.61",
            "revenue": 291657
        },
        "2019-07": {
            "month": "2019-07",
            "price": "41.24",
            "revenue": 289357
        },
        "2019-08": {
            "month": "2019-08",
            "price": "39.60",
            "revenue": 280491
        },
        "2019-09": {
            "month": "2019-09",
            "price": "40.94",
            "revenue": 312956
        },
        "2019-10": {
            "month": "2019-10",
            "price": "48.34",
            "revenue": 315620
        },
        "2019-11": {
            "month": "2019-11",
            "price": "48.75",
            "revenue": 290664
        },
        "2019-12": {
            "month": "2019-12",
            "price": "48.16",
            "revenue": 328050
        },
        "2020-01": {
            "month": "2020-01",
            "price": "47.78",
            "revenue": 224367
        },
        "2020-02": {
            "month": "2020-02",
            "price": "42.96",
            "revenue": 189515
        },
        "2020-03": {
            "month": "2020-03",
            "price": "34.09",
            "revenue": 291685
        },
        "2020-04": {
            "month": "2020-04",
            "price": "35.25",
            "revenue": 294963
        },
        "2020-05": {
            "month": "2020-05",
            "price": "39.15",
            "revenue": 286666
        },
        "2020-06": {
            "month": "2020-06",
            "price": "41.62",
            "revenue": 266191
        },
        "2020-07": {
            "month": "2020-07",
            "price": "43.77",
            "revenue": 261716
        },
        "2020-08": {
            "month": "2020-08",
            "price": "40.67",
            "revenue": 290269
        },
        "2020-09": {
            "month": "2020-09",
            "price": "40.94",
            "revenue": 283908
        },
        "2020-10": {
            "month": "2020-10",
            "price": "38.93",
            "revenue": 302733
        },
        "2020-11": {
            "month": "2020-11",
            "price": "41.31",
            "revenue": 319459
        },
        "2020-12": {
            "month": "2020-12",
            "price": "43.63",
            "revenue": 370144
        },
        "2021-01": {
            "month": "2021-01",
            "price": "52.13",
            "revenue": 387500
        },
        "2021-02": {
            "month": "2021-02",
            "price": "54.46",
            "revenue": 285371
        },
        "2021-03": {
            "month": "2021-03",
            "price": "57.18",
            "revenue": 388679
        },
        "2021-04": {
            "month": "2021-04",
            "price": "72.62",
            "revenue": 393374
        },
        "2021-05": {
            "month": "2021-05",
            "price": "67.72",
            "revenue": 406648
        },
        "2021-06": {
            "month": "2021-06",
            "price": "78.86",
            "revenue": 393008
        },
        "2021-07": {
            "month": "2021-07",
            "price": "89.99",
            "revenue": 399745
        },
        "2021-08": {
            "month": "2021-08",
            "price": "93.36",
            "revenue": 383418
        },
        "2021-09": {
            "month": "2021-09",
            "price": "89.96",
            "revenue": 426952
        },
        "2021-10": {
            "month": "2021-10",
            "price": "90.76",
            "revenue": 427307
        },
        "2021-11": {
            "month": "2021-11",
            "price": "96.16",
            "revenue": 422795
        },
        "2021-12": {
            "month": "2021-12",
            "price": "92.49",
            "revenue": 477197
        },
        "2022-01": {
            "month": "2022-01",
            "price": "87.46",
            "revenue": 429768
        },
        "2022-02": {
            "month": "2022-02",
            "price": "86.55",
            "revenue": 352930
        },
        "2022-03": {
            "month": "2022-03",
            "price": "85.33",
            "revenue": 405483
        },
        "2022-04": {
            "month": "2022-04",
            "price": "79.11",
            "revenue": 396399
        },
        "2022-05": {
            "month": "2022-05",
            "price": "71.43",
            "revenue": 451448
        },
        "2022-06": {
            "month": "2022-06",
            "price": "75.37",
            "revenue": 440823
        },
        "2022-07": {
            "month": "2022-07",
            "price": "76.68",
            "revenue": 424833
        },
        "2022-08": {
            "month": "2022-08",
            "price": "83.11",
            "revenue": 369883
        },
        "2022-09": {
            "month": "2022-09",
            "price": "76.78",
            "revenue": 468763
        },
        "2022-10": {
            "month": "2022-10",
            "price": "69.26",
            "revenue": 376961
        },
        "2022-11": {
            "month": "2022-11",
            "price": "71.90",
            "revenue": 401433
        },
        "2022-12": {
            "month": "2022-12",
            "price": "71.79",
            "revenue": 326852
        },
        "2023-01": {
            "month": "2023-01",
            "price": "69.97",
            "revenue": 331107
        },
        "2023-02": {
            "month": "2023-02",
            "price": "72.38",
            "revenue": 335640
        },
        "2023-03": {
            "month": "2023-03",
            "price": "71.85",
            "revenue": 391524
        },
        "2023-04": {
            "month": "2023-04",
            "price": "75.05",
            "revenue": 353367
        },
        "2023-05": {
            "month": "2023-05",
            "price": "76.81",
            "revenue": 382570
        },
        "2023-06": {
            "month": "2023-06",
            "price": "83.38",
            "revenue": 384783
        },
        "2023-07": {
            "month": "2023-07",
            "price": "80.59",
            "revenue": 319989
        },
        "2023-08": {
            "month": "2023-08",
            "price": "72.78",
            "revenue": 323991
        },
        "2023-09": {
            "month": "2023-09",
            "price": "72.62",
            "revenue": 334845
        },
        "2023-10": {
            "month": "2023-10",
            "price": "70.10",
            "revenue": 332592
        },
        "2023-11": {
            "month": "2023-11",
            "price": "70.07",
            "revenue": 333933
        },
        "2023-12": {
            "month": "2023-12",
            "price": "72.09",
            "revenue": 345335
        }
    }
}
