{
    "summary": {
        "stock_name": "豐達科",
        "stock_id": "3004",
        "category": "鋼鐵",
        "main_business": "飛機用及船舶用扣件、結構件之製造、加工、代理及買賣業務<br>車輛用及工業用扣件、結構件之製造、加工、代理及買賣業務<br>產品設計業",
        "website_url": "http://www.nafco.com.tw",
        "ceo": "林威村",
        "pe_ratio": 21,
        "report_year_from": 2001,
        "report_year_to": 2023,
        "age": 22,
        "eps_negative_percentage": 30,
        "eps_growth_avg": {
            "last_all": -17.75,
            "last_2y": -91.52,
            "last_4y": -26.04,
            "last_8y": -32.49,
            "last_12y": -10.56,
            "last_16y": -10.56,
            "last_20y": -17.75,
            "at_2006_last_3y": -31.48,
            "at_2007_last_3y": -100,
            "at_2008_last_3y": null,
            "at_2009_last_3y": null,
            "at_2010_last_3y": 100,
            "at_2011_last_3y": 52.08,
            "at_2012_last_3y": 50.28,
            "at_2013_last_3y": 27.82,
            "at_2014_last_3y": -22.18,
            "at_2015_last_3y": -30.96,
            "at_2016_last_3y": -48.88,
            "at_2017_last_3y": -41.09,
            "at_2018_last_3y": 12.98,
            "at_2019_last_3y": 13.9,
            "at_2020_last_3y": -5.09,
            "at_2021_last_3y": -26.04,
            "at_2022_last_3y": -55.47,
            "at_2023_last_3y": -55.47,
            "at_2006_last_all": -44.09,
            "at_2007_last_all": -44.09,
            "at_2008_last_all": -44.09,
            "at_2009_last_all": -44.09,
            "at_2010_last_all": -8.07,
            "at_2011_last_all": -5.62,
            "at_2012_last_all": 3.09,
            "at_2013_last_all": -3,
            "at_2014_last_all": -15.12,
            "at_2015_last_all": -15.12,
            "at_2016_last_all": -14.23,
            "at_2017_last_all": -14.43,
            "at_2018_last_all": -7.46,
            "at_2019_last_all": -5.45,
            "at_2020_last_all": -11.42,
            "at_2021_last_all": -17.75,
            "at_2022_last_all": -17.75,
            "at_2023_last_all": -17.75
        },
        "latest_eps": 4.56,
        "latest_price": 94.9,
        "latest_roe": 12.87,
        "latest_gross_margin": 27.09,
        "latest_equity": 1968495,
        "latest_revenue": 696479,
        "latest_gross_profit": 188670,
        "latest_net_income": 66919,
        "latest_debt_ratio": 57.21,
        "latest_current_ratio": 134.48,
        "latest_account_receivable_turnover_ratio": 1.19,
        "latest_inventory_turnover_ratio": 0.64,
        "latest_reinvestment_rate": -68.65,
        "latest_research_to_sale_ratio": 3.46
    },
    "eps_dividends": {
        "2001": {
            "cash": 1.5,
            "stock": 1.5,
            "eps": 1.76
        },
        "2002": {
            "cash": 0,
            "stock": 0,
            "eps": 0.54
        },
        "2003": {
            "cash": 0,
            "stock": 0.28,
            "eps": 0.74
        },
        "2004": {
            "cash": 0,
            "stock": 0,
            "eps": -18.75
        },
        "2005": {
            "cash": 0,
            "stock": 0,
            "eps": -2.82
        },
        "2006": {
            "cash": 0,
            "stock": 0,
            "eps": -0.71
        },
        "2007": {
            "cash": 0,
            "stock": 0,
            "eps": -0.82
        },
        "2008": {
            "cash": 0,
            "stock": 0,
            "eps": -4.38
        },
        "2009": {
            "cash": 0,
            "stock": 0,
            "eps": 0.04
        },
        "2010": {
            "cash": 0,
            "stock": 0,
            "eps": 2.88
        },
        "2011": {
            "cash": 0.2,
            "stock": 0,
            "eps": 3
        },
        "2012": {
            "cash": 0,
            "stock": 0,
            "eps": 4.4
        },
        "2013": {
            "cash": 1,
            "stock": 0,
            "eps": 2.66
        },
        "2014": {
            "cash": 1,
            "stock": 0,
            "eps": -1.29
        },
        "2015": {
            "cash": 0,
            "stock": 0,
            "eps": 4.52
        },
        "2016": {
            "cash": 1.8,
            "stock": 0,
            "eps": 4.2
        },
        "2017": {
            "cash": 1.5,
            "stock": 0,
            "eps": 3.52
        },
        "2018": {
            "cash": 2,
            "stock": 0,
            "eps": 5.71
        },
        "2019": {
            "cash": 2.5,
            "stock": 0,
            "eps": 6.66
        },
        "2020": {
            "cash": 2.67,
            "stock": 0,
            "eps": 1.13
        },
        "2021": {
            "cash": 0.5,
            "stock": 0,
            "eps": -1.83
        },
        "2022": {
            "cash": 0,
            "stock": 0,
            "eps": 2.85
        },
        "2023": {
            "cash": 1.02,
            "stock": 0,
            "eps": 1.27
        }
    },
    "dividends": {
        "2001-06-15": {
            "cash": 1.5,
            "stock": 1.5
        },
        "2003-05-09": {
            "cash": 0,
            "stock": 0.28
        },
        "2011-01-01": {
            "cash": 0.2,
            "stock": 0
        },
        "2013-02-27": {
            "cash": 1,
            "stock": 0
        },
        "2014-09-25": {
            "cash": 1,
            "stock": 0
        },
        "2016-09-22": {
            "cash": 1.8,
            "stock": 0
        },
        "2017-09-22": {
            "cash": 1.5,
            "stock": 0
        },
        "2018-09-14": {
            "cash": 2,
            "stock": 0
        },
        "2019-09-12": {
            "cash": 2.5,
            "stock": 0
        },
        "2020-04-30": {
            "cash": 2.67,
            "stock": 0
        },
        "2021-04-28": {
            "cash": 0.5,
            "stock": 0
        },
        "2023-04-26": {
            "cash": 1.02,
            "stock": 0
        }
    },
    "prices": {
        "200101": "無",
        "200102": "無",
        "200103": "無",
        "200104": "無",
        "200105": "無",
        "200106": "無",
        "200107": "無",
        "200108": "無",
        "200109": "無",
        "200110": "無",
        "200111": "無",
        "200112": "無",
        "200201": "無",
        "200202": "40.17",
        "200203": "36.06",
        "200204": "31.37",
        "200205": "28.27",
        "200206": "24.48",
        "200207": "19.85",
        "200208": "16.64",
        "200209": "16.74",
        "200210": "17.60",
        "200211": "17.90",
        "200212": "23.46",
        "200301": "41.32",
        "200302": "39.92",
        "200303": "28.51",
        "200304": "23.63",
        "200305": "19.77",
        "200306": "23.98",
        "200307": "25.95",
        "200308": "26.88",
        "200309": "26.03",
        "200310": "28.22",
        "200311": "27.05",
        "200312": "27.04",
        "200401": "29.94",
        "200402": "35.74",
        "200403": "27.70",
        "200404": "24.82",
        "200405": "19.32",
        "200406": "22.58",
        "200407": "23.75",
        "200408": "20.07",
        "200409": "8.43",
        "200410": "3.05",
        "200411": "無",
        "200412": "無",
        "200501": "2.45",
        "200502": "2.72",
        "200503": "2.78",
        "200504": "2.59",
        "200505": "2.59",
        "200506": "2.59",
        "200507": "2.55",
        "200508": "2.50",
        "200509": "1.88",
        "200510": "1.72",
        "200511": "1.43",
        "200512": "1.90",
        "200601": "1.91",
        "200602": "1.94",
        "200603": "1.95",
        "200604": "1.85",
        "200605": "1.94",
        "200606": "1.77",
        "200607": "1.83",
        "200608": "1.76",
        "200609": "1.84",
        "200610": "1.70",
        "200611": "1.58",
        "200612": "1.94",
        "200701": "2.16",
        "200702": "2.05",
        "200703": "2.98",
        "200704": "3.45",
        "200705": "3.20",
        "200706": "3.06",
        "200707": "3.57",
        "200708": "3.26",
        "200709": "3.06",
        "200710": "3.04",
        "200711": "2.83",
        "200712": "2.66",
        "200801": "2.77",
        "200802": "2.48",
        "200803": "2.32",
        "200804": "2.51",
        "200805": "2.50",
        "200806": "2.44",
        "200807": "2.08",
        "200808": "2.01",
        "200809": "1.58",
        "200810": "13.52",
        "200811": "10.51",
        "200812": "7.52",
        "200901": "5.16",
        "200902": "6.67",
        "200903": "9.24",
        "200904": "7.07",
        "200905": "5.68",
        "200906": "5.57",
        "200907": "5.61",
        "200908": "6.87",
        "200909": "7.30",
        "200910": "8.22",
        "200911": "7.77",
        "200912": "8.15",
        "201001": "7.62",
        "201002": "7.19",
        "201003": "9.12",
        "201004": "11.47",
        "201005": "15.55",
        "201006": "14.42",
        "201007": "14.51",
        "201008": "15.13",
        "201009": "15.44",
        "201010": "17.54",
        "201011": "21.13",
        "201012": "20.39",
        "201101": "20.20",
        "201102": "19.94",
        "201103": "20.85",
        "201104": "21.80",
        "201105": "21.76",
        "201106": "20.22",
        "201107": "21.61",
        "201108": "26.02",
        "201109": "26.75",
        "201110": "29.45",
        "201111": "29.67",
        "201112": "27.52",
        "201201": "29.20",
        "201202": "35.39",
        "201203": "50.08",
        "201204": "52.08",
        "201205": "44.23",
        "201206": "38.28",
        "201207": "44.60",
        "201208": "47.23",
        "201209": "46.10",
        "201210": "43.02",
        "201211": "39.92",
        "201212": "40.54",
        "201301": "42.56",
        "201302": "40.56",
        "201303": "42.11",
        "201304": "41.35",
        "201305": "41.07",
        "201306": "40.07",
        "201307": "39.37",
        "201308": "38.70",
        "201309": "38.88",
        "201310": "39.49",
        "201311": "37.25",
        "201312": "38.24",
        "201401": "36.48",
        "201402": "36.22",
        "201403": "49.70",
        "201404": "63.08",
        "201405": "66.73",
        "201406": "81.86",
        "201407": "76.95",
        "201408": "67.73",
        "201409": "65.26",
        "201410": "56.72",
        "201411": "50.06",
        "201412": "48.43",
        "201501": "49.09",
        "201502": "43.42",
        "201503": "47.67",
        "201504": "44.54",
        "201505": "47.17",
        "201506": "44.21",
        "201507": "43.11",
        "201508": "38.89",
        "201509": "40.28",
        "201510": "43.88",
        "201511": "52.94",
        "201512": "57.04",
        "201601": "52.31",
        "201602": "58.59",
        "201603": "60.99",
        "201604": "65.34",
        "201605": "62.75",
        "201606": "62.88",
        "201607": "59.54",
        "201608": "57.87",
        "201609": "58.46",
        "201610": "57.68",
        "201611": "51.61",
        "201612": "49.76",
        "201701": "50.58",
        "201702": "52.62",
        "201703": "51.09",
        "201704": "49.14",
        "201705": "49.24",
        "201706": "51.46",
        "201707": "49.92",
        "201708": "48.46",
        "201709": "47.97",
        "201710": "47.06",
        "201711": "47.43",
        "201712": "51.29",
        "201801": "51.65",
        "201802": "48.27",
        "201803": "52.18",
        "201804": "55.07",
        "201805": "55.86",
        "201806": "58.55",
        "201807": "61.44",
        "201808": "58.93",
        "201809": "55.58",
        "201810": "55.04",
        "201811": "57.91",
        "201812": "60.13",
        "201901": "74.14",
        "201902": "79.63",
        "201903": "99.62",
        "201904": "85.40",
        "201905": "82.54",
        "201906": "87.51",
        "201907": "90.67",
        "201908": "95.96",
        "201909": "97.92",
        "201910": "98.73",
        "201911": "97.86",
        "201912": "91.89",
        "202001": "85.13",
        "202002": "79.76",
        "202003": "57.94",
        "202004": "55.08",
        "202005": "55.86",
        "202006": "59.69",
        "202007": "55.63",
        "202008": "53.24",
        "202009": "52.41",
        "202010": "49.83",
        "202011": "53.09",
        "202012": "57.14",
        "202101": "54.38",
        "202102": "53.97",
        "202103": "62.03",
        "202104": "61.43",
        "202105": "52.28",
        "202106": "62.15",
        "202107": "60.20",
        "202108": "56.19",
        "202109": "55.32",
        "202110": "58.56",
        "202111": "60.92",
        "202112": "57.81",
        "202201": "59.01",
        "202202": "61.03",
        "202203": "58.31",
        "202204": "57.72",
        "202205": "53.21",
        "202206": "59.82",
        "202207": "60.42",
        "202208": "63.20",
        "202209": "72.85",
        "202210": "63.46",
        "202211": "64.93",
        "202212": "72.23",
        "202301": "77.16",
        "202302": "82.17",
        "202303": "86.64",
        "202304": "101.89",
        "202305": "100.16",
        "202306": "97.17"
    },
    "quarters": {
        "20011": {
            "year_quarter": 20011,
            "year": 2001,
            "quarter": 1,
            "eps": 0.05,
            "eps_growth_year": null,
            "eps_4q": null,
            "eps_4q_growth_year": null,
            "roe": 0.24,
            "roe_4q": 0.24,
            "gross_profit": 70400,
            "gross_margin": 47.86,
            "gross_margin_4q_avg": 47.86,
            "net_income": 2117,
            "revenue": 147090,
            "common_shares": 420000,
            "book_valuer_per_share": 20.63,
            "book_valuer_per_share_4q_avg": 20.63,
            "equity": 866488,
            "current_ratio": 92.35,
            "debt_ratio": 54.25,
            "inventory_turnover_ratio": 0.74,
            "account_receivable_turnover_ratio": null,
            "reinvestment_rate": null,
            "research_to_sale_ratio": null,
            "price_fair": 0,
            "eps_avg_yearly": 0,
            "eps_latest_yearly": 0,
            "eps_growth_yearly": 0
        },
        "20012": {
            "year_quarter": 20012,
            "year": 2001,
            "quarter": 2,
            "eps": 1.03,
            "eps_growth_year": null,
            "eps_4q": null,
            "eps_4q_growth_year": null,
            "roe": 4.15,
            "roe_4q": 4.390000000000001,
            "gross_profit": 103153,
            "gross_margin": 51.98,
            "gross_margin_4q_avg": 49.92,
            "net_income": 52346,
            "revenue": 198458,
            "common_shares": 600000,
            "book_valuer_per_share": 27.6,
            "book_valuer_per_share_4q_avg": 24.12,
            "equity": 1655834,
            "current_ratio": 189.22,
            "debt_ratio": 37.36,
            "inventory_turnover_ratio": 0.69,
            "account_receivable_turnover_ratio": null,
            "reinvestment_rate": null,
            "research_to_sale_ratio": null,
            "price_fair": 0,
            "eps_avg_yearly": 0,
            "eps_latest_yearly": 0,
            "eps_growth_yearly": 0
        },
        "20013": {
            "year_quarter": 20013,
            "year": 2001,
            "quarter": 3,
            "eps": 0.23,
            "eps_growth_year": null,
            "eps_4q": null,
            "eps_4q_growth_year": null,
            "roe": 0.77,
            "roe_4q": 5.16,
            "gross_profit": 87093,
            "gross_margin": 42.76,
            "gross_margin_4q_avg": 47.53,
            "net_income": 12718,
            "revenue": 203696,
            "common_shares": 699000,
            "book_valuer_per_share": 23.87,
            "book_valuer_per_share_4q_avg": 24.03,
            "equity": 1668552,
            "current_ratio": 125.76,
            "debt_ratio": 37.43,
            "inventory_turnover_ratio": 0.69,
            "account_receivable_turnover_ratio": null,
            "reinvestment_rate": null,
            "research_to_sale_ratio": null,
            "price_fair": 0,
            "eps_avg_yearly": 0,
            "eps_latest_yearly": 0,
            "eps_growth_yearly": 0
        },
        "20014": {
            "year_quarter": 20014,
            "year": 2001,
            "quarter": 4,
            "eps": 0.45,
            "eps_growth_year": null,
            "eps_4q": 1.48,
            "eps_4q_growth_year": null,
            "roe": 1.75,
            "roe_4q": 6.91,
            "gross_profit": 80907,
            "gross_margin": 44.52,
            "gross_margin_4q_avg": 46.78,
            "net_income": 29370,
            "revenue": 181713,
            "common_shares": 699000,
            "book_valuer_per_share": 24.28,
            "book_valuer_per_share_4q_avg": 24.1,
            "equity": 1697311,
            "current_ratio": 231.25,
            "debt_ratio": 42.61,
            "inventory_turnover_ratio": 0.53,
            "account_receivable_turnover_ratio": null,
            "reinvestment_rate": null,
            "research_to_sale_ratio": null,
            "price_fair": 0,
            "eps_avg_yearly": 0,
            "eps_latest_yearly": 0,
            "eps_growth_yearly": 0
        },
        "20021": {
            "year_quarter": 20021,
            "year": 2002,
            "quarter": 1,
            "eps": -0.35,
            "eps_growth_year": -800,
            "eps_4q": 1.02,
            "eps_4q_growth_year": null,
            "roe": -1.44,
            "roe_4q": 5.23,
            "gross_profit": 74202,
            "gross_margin": 38.53,
            "gross_margin_4q_avg": 44.45,
            "net_income": -24207,
            "revenue": 192561,
            "common_shares": 699000,
            "book_valuer_per_share": 23.94,
            "book_valuer_per_share_4q_avg": 24.92,
            "equity": 1673104,
            "current_ratio": 211.98,
            "debt_ratio": 45.19,
            "inventory_turnover_ratio": 0.44,
            "account_receivable_turnover_ratio": null,
            "reinvestment_rate": null,
            "research_to_sale_ratio": null,
            "price_fair": 0,
            "eps_avg_yearly": 0,
            "eps_latest_yearly": 0,
            "eps_growth_yearly": 0
        },
        "20022": {
            "year_quarter": 20022,
            "year": 2002,
            "quarter": 2,
            "eps": -0.37,
            "eps_growth_year": -135.92,
            "eps_4q": -0.12,
            "eps_4q_growth_year": null,
            "roe": -1.61,
            "roe_4q": -0.5299999999999998,
            "gross_profit": 74365,
            "gross_margin": 36.04,
            "gross_margin_4q_avg": 40.46,
            "net_income": -26013,
            "revenue": 206325,
            "common_shares": 699000,
            "book_valuer_per_share": 22.3,
            "book_valuer_per_share_4q_avg": 23.6,
            "equity": 1558812,
            "current_ratio": 184.4,
            "debt_ratio": 46.67,
            "inventory_turnover_ratio": 0.39,
            "account_receivable_turnover_ratio": null,
            "reinvestment_rate": null,
            "research_to_sale_ratio": null,
            "price_fair": 0,
            "eps_avg_yearly": 0,
            "eps_latest_yearly": 0,
            "eps_growth_yearly": 0
        },
        "20023": {
            "year_quarter": 20023,
            "year": 2002,
            "quarter": 3,
            "eps": 0.26,
            "eps_growth_year": 13.04,
            "eps_4q": -0.04,
            "eps_4q_growth_year": null,
            "roe": 1.14,
            "roe_4q": -0.16000000000000014,
            "gross_profit": 82495,
            "gross_margin": 33.44,
            "gross_margin_4q_avg": 38.13,
            "net_income": 17942,
            "revenue": 246729,
            "common_shares": 699000,
            "book_valuer_per_share": 22.56,
            "book_valuer_per_share_4q_avg": 23.27,
            "equity": 1576754,
            "current_ratio": 163.14,
            "debt_ratio": 49.51,
            "inventory_turnover_ratio": 0.49,
            "account_receivable_turnover_ratio": null,
            "reinvestment_rate": null,
            "research_to_sale_ratio": null,
            "price_fair": 0,
            "eps_avg_yearly": 0,
            "eps_latest_yearly": 0,
            "eps_growth_yearly": 0
        },
        "20024": {
            "year_quarter": 20024,
            "year": 2002,
            "quarter": 4,
            "eps": 1,
            "eps_growth_year": 122.22,
            "eps_4q": 0.54,
            "eps_4q_growth_year": -63.6,
            "roe": 4.34,
            "roe_4q": 2.4299999999999993,
            "gross_profit": 144653,
            "gross_margin": 40.47,
            "gross_margin_4q_avg": 37.12,
            "net_income": 69949,
            "revenue": 357436,
            "common_shares": 699000,
            "book_valuer_per_share": 23.57,
            "book_valuer_per_share_4q_avg": 23.09,
            "equity": 1647314,
            "current_ratio": 229.31,
            "debt_ratio": 54.73,
            "inventory_turnover_ratio": 0.6,
            "account_receivable_turnover_ratio": null,
            "reinvestment_rate": null,
            "research_to_sale_ratio": null,
            "price_fair": 140,
            "eps_avg_yearly": 4,
            "eps_latest_yearly": 4,
            "eps_growth_yearly": 1138.46
        },
        "20031": {
            "year_quarter": 20031,
            "year": 2003,
            "quarter": 1,
            "eps": 0.37,
            "eps_growth_year": null,
            "eps_4q": 1.26,
            "eps_4q_growth_year": 24.54,
            "roe": 1.54,
            "roe_4q": 5.409999999999999,
            "gross_profit": 119532,
            "gross_margin": 32.6,
            "gross_margin_4q_avg": 35.64,
            "net_income": 25593,
            "revenue": 366683,
            "common_shares": 699000,
            "book_valuer_per_share": 23.93,
            "book_valuer_per_share_4q_avg": 23.09,
            "equity": 1672907,
            "current_ratio": 242.72,
            "debt_ratio": 53.64,
            "inventory_turnover_ratio": 0.74,
            "account_receivable_turnover_ratio": null,
            "reinvestment_rate": null,
            "research_to_sale_ratio": null,
            "price_fair": 95.9,
            "eps_avg_yearly": 2.74,
            "eps_latest_yearly": 1.48,
            "eps_growth_yearly": 443.23
        },
        "20032": {
            "year_quarter": 20032,
            "year": 2003,
            "quarter": 2,
            "eps": 0.21,
            "eps_growth_year": null,
            "eps_4q": 1.86,
            "eps_4q_growth_year": null,
            "roe": 0.8,
            "roe_4q": 7.819999999999999,
            "gross_profit": 94143,
            "gross_margin": 28.65,
            "gross_margin_4q_avg": 33.79,
            "net_income": 14486,
            "revenue": 328586,
            "common_shares": 862712,
            "book_valuer_per_share": 22.71,
            "book_valuer_per_share_4q_avg": 23.19,
            "equity": 1959518,
            "current_ratio": 227.27,
            "debt_ratio": 46.86,
            "inventory_turnover_ratio": 0.76,
            "account_receivable_turnover_ratio": null,
            "reinvestment_rate": null,
            "research_to_sale_ratio": null,
            "price_fair": 73.73,
            "eps_avg_yearly": 2.11,
            "eps_latest_yearly": 0.84,
            "eps_growth_yearly": 237.83
        },
        "20033": {
            "year_quarter": 20033,
            "year": 2003,
            "quarter": 3,
            "eps": 0.29,
            "eps_growth_year": 11.54,
            "eps_4q": 1.74,
            "eps_4q_growth_year": null,
            "roe": 1.09,
            "roe_4q": 7.77,
            "gross_profit": 95636,
            "gross_margin": 25.58,
            "gross_margin_4q_avg": 31.83,
            "net_income": 22028,
            "revenue": 373855,
            "common_shares": 862712,
            "book_valuer_per_share": 24.25,
            "book_valuer_per_share_4q_avg": 23.62,
            "equity": 2091891,
            "current_ratio": 206.71,
            "debt_ratio": 45.49,
            "inventory_turnover_ratio": 0.89,
            "account_receivable_turnover_ratio": null,
            "reinvestment_rate": null,
            "research_to_sale_ratio": null,
            "price_fair": 65.45,
            "eps_avg_yearly": 1.87,
            "eps_latest_yearly": 1.16,
            "eps_growth_yearly": 216.47
        },
        "20034": {
            "year_quarter": 20034,
            "year": 2003,
            "quarter": 4,
            "eps": -0.13,
            "eps_growth_year": -113,
            "eps_4q": 0.62,
            "eps_4q_growth_year": 15.12,
            "roe": -0.52,
            "roe_4q": 2.91,
            "gross_profit": 101868,
            "gross_margin": 25.19,
            "gross_margin_4q_avg": 28.01,
            "net_income": -11033,
            "revenue": 404404,
            "common_shares": 1008938,
            "book_valuer_per_share": 21.51,
            "book_valuer_per_share_4q_avg": 23.1,
            "equity": 2170562,
            "current_ratio": 212.74,
            "debt_ratio": 47.64,
            "inventory_turnover_ratio": 0.88,
            "account_receivable_turnover_ratio": null,
            "reinvestment_rate": null,
            "research_to_sale_ratio": null,
            "price_fair": 65.45,
            "eps_avg_yearly": 1.87,
            "eps_latest_yearly": 1.16,
            "eps_growth_yearly": 216.47
        },
        "20041": {
            "year_quarter": 20041,
            "year": 2004,
            "quarter": 1,
            "eps": -12.85,
            "eps_growth_year": -3572.97,
            "eps_4q": -12.6,
            "eps_4q_growth_year": -1096.19,
            "roe": -77.83,
            "roe_4q": -76.46,
            "gross_profit": 85268,
            "gross_margin": 24.34,
            "gross_margin_4q_avg": 25.94,
            "net_income": -1297049,
            "revenue": 350277,
            "common_shares": 1008938,
            "book_valuer_per_share": 11.52,
            "book_valuer_per_share_4q_avg": 20,
            "equity": 1162526,
            "current_ratio": 107.19,
            "debt_ratio": 63.94,
            "inventory_turnover_ratio": 0.7,
            "account_receivable_turnover_ratio": null,
            "reinvestment_rate": null,
            "research_to_sale_ratio": null,
            "price_fair": 65.45,
            "eps_avg_yearly": 1.87,
            "eps_latest_yearly": 1.16,
            "eps_growth_yearly": 216.47
        },
        "20042": {
            "year_quarter": 20042,
            "year": 2004,
            "quarter": 2,
            "eps": -1.28,
            "eps_growth_year": -709.52,
            "eps_4q": -12.72,
            "eps_4q_growth_year": -785.5,
            "roe": -13.05,
            "roe_4q": -90.30999999999999,
            "gross_profit": 67008,
            "gross_margin": 22.36,
            "gross_margin_4q_avg": 24.37,
            "net_income": -141334,
            "revenue": 299631,
            "common_shares": 1122416,
            "book_valuer_per_share": 8.95,
            "book_valuer_per_share_4q_avg": 16.56,
            "equity": 1004153,
            "current_ratio": 99.26,
            "debt_ratio": 67.08,
            "inventory_turnover_ratio": 0.57,
            "account_receivable_turnover_ratio": null,
            "reinvestment_rate": null,
            "research_to_sale_ratio": null,
            "price_fair": 65.45,
            "eps_avg_yearly": 1.87,
            "eps_latest_yearly": 1.16,
            "eps_growth_yearly": 216.47
        },
        "20043": {
            "year_quarter": 20043,
            "year": 2004,
            "quarter": 3,
            "eps": -1.3,
            "eps_growth_year": -548.28,
            "eps_4q": -14.19,
            "eps_4q_growth_year": -916.4,
            "roe": -15.99,
            "roe_4q": -107.39,
            "gross_profit": 59500,
            "gross_margin": 19.04,
            "gross_margin_4q_avg": 22.73,
            "net_income": -143670,
            "revenue": 312458,
            "common_shares": 1122416,
            "book_valuer_per_share": 7.06,
            "book_valuer_per_share_4q_avg": 12.26,
            "equity": 792904,
            "current_ratio": 82.01,
            "debt_ratio": 68.66,
            "inventory_turnover_ratio": 0.58,
            "account_receivable_turnover_ratio": null,
            "reinvestment_rate": null,
            "research_to_sale_ratio": null,
            "price_fair": 65.45,
            "eps_avg_yearly": 1.87,
            "eps_latest_yearly": 1.16,
            "eps_growth_yearly": 216.47
        },
        "20044": {
            "year_quarter": 20044,
            "year": 2004,
            "quarter": 4,
            "eps": -3.32,
            "eps_growth_year": null,
            "eps_4q": -17.78,
            "eps_4q_growth_year": -2967.74,
            "roe": -55.62,
            "roe_4q": -162.49,
            "gross_profit": 28726,
            "gross_margin": 15.35,
            "gross_margin_4q_avg": 20.27,
            "net_income": -363487,
            "revenue": 187192,
            "common_shares": 1122416,
            "book_valuer_per_share": 4.58,
            "book_valuer_per_share_4q_avg": 8.03,
            "equity": 514185,
            "current_ratio": 86.25,
            "debt_ratio": 75.44,
            "inventory_turnover_ratio": 0.34,
            "account_receivable_turnover_ratio": null,
            "reinvestment_rate": null,
            "research_to_sale_ratio": null,
            "price_fair": 65.45,
            "eps_avg_yearly": 1.87,
            "eps_latest_yearly": 1.16,
            "eps_growth_yearly": 216.47
        },
        "20051": {
            "year_quarter": 20051,
            "year": 2005,
            "quarter": 1,
            "eps": 0.18,
            "eps_growth_year": null,
            "eps_4q": -5.55,
            "eps_4q_growth_year": null,
            "roe": 3.89,
            "roe_4q": -80.77,
            "gross_profit": 43180,
            "gross_margin": 23.26,
            "gross_margin_4q_avg": 20,
            "net_income": 20380,
            "revenue": 185627,
            "common_shares": 1122416,
            "book_valuer_per_share": 4.76,
            "book_valuer_per_share_4q_avg": 6.34,
            "equity": 534566,
            "current_ratio": 91.41,
            "debt_ratio": 74.78,
            "inventory_turnover_ratio": 0.29,
            "account_receivable_turnover_ratio": null,
            "reinvestment_rate": null,
            "research_to_sale_ratio": null,
            "price_fair": 65.45,
            "eps_avg_yearly": 1.87,
            "eps_latest_yearly": 1.16,
            "eps_growth_yearly": 216.47
        },
        "20052": {
            "year_quarter": 20052,
            "year": 2005,
            "quarter": 2,
            "eps": -1.39,
            "eps_growth_year": null,
            "eps_4q": -4.33,
            "eps_4q_growth_year": null,
            "roe": -34.65,
            "roe_4q": -102.36999999999999,
            "gross_profit": 43427,
            "gross_margin": 26,
            "gross_margin_4q_avg": 20.91,
            "net_income": -174486,
            "revenue": 167040,
            "common_shares": 1526816,
            "book_valuer_per_share": 3.1,
            "book_valuer_per_share_4q_avg": 4.88,
            "equity": 472679,
            "current_ratio": 84,
            "debt_ratio": 76.42,
            "inventory_turnover_ratio": 0.27,
            "account_receivable_turnover_ratio": null,
            "reinvestment_rate": null,
            "research_to_sale_ratio": null,
            "price_fair": 65.45,
            "eps_avg_yearly": 1.87,
            "eps_latest_yearly": 1.16,
            "eps_growth_yearly": 216.47
        },
        "20053": {
            "year_quarter": 20053,
            "year": 2005,
            "quarter": 3,
            "eps": -0.14,
            "eps_growth_year": null,
            "eps_4q": -3.28,
            "eps_4q_growth_year": null,
            "roe": -4.22,
            "roe_4q": -90.6,
            "gross_profit": 24570,
            "gross_margin": 14.62,
            "gross_margin_4q_avg": 19.81,
            "net_income": -19868,
            "revenue": 168011,
            "common_shares": 1638816,
            "book_valuer_per_share": 2.86,
            "book_valuer_per_share_4q_avg": 3.83,
            "equity": 469299,
            "current_ratio": 95.6,
            "debt_ratio": 75.74,
            "inventory_turnover_ratio": 0.34,
            "account_receivable_turnover_ratio": null,
            "reinvestment_rate": null,
            "research_to_sale_ratio": null,
            "price_fair": 65.45,
            "eps_avg_yearly": 1.87,
            "eps_latest_yearly": 1.16,
            "eps_growth_yearly": 216.47
        },
        "20054": {
            "year_quarter": 20054,
            "year": 2005,
            "quarter": 4,
            "eps": -1.47,
            "eps_growth_year": null,
            "eps_4q": -2.63,
            "eps_4q_growth_year": null,
            "roe": -60.52,
            "roe_4q": -95.50000000000001,
            "gross_profit": 34958,
            "gross_margin": 16.75,
            "gross_margin_4q_avg": 20.16,
            "net_income": -218049,
            "revenue": 208702,
            "common_shares": 1638816,
            "book_valuer_per_share": 1.53,
            "book_valuer_per_share_4q_avg": 3.06,
            "equity": 251288,
            "current_ratio": 254.51,
            "debt_ratio": 85.25,
            "inventory_turnover_ratio": 0.43,
            "account_receivable_turnover_ratio": null,
            "reinvestment_rate": null,
            "research_to_sale_ratio": null,
            "price_fair": 65.45,
            "eps_avg_yearly": 1.87,
            "eps_latest_yearly": 1.16,
            "eps_growth_yearly": 216.47
        },
        "20061": {
            "year_quarter": 20061,
            "year": 2006,
            "quarter": 1,
            "eps": -0.17,
            "eps_growth_year": -194.44,
            "eps_4q": -2.69,
            "eps_4q_growth_year": null,
            "roe": -11.71,
            "roe_4q": -111.1,
            "gross_profit": 25297,
            "gross_margin": 15.7,
            "gross_margin_4q_avg": 18.27,
            "net_income": -27802,
            "revenue": 161158,
            "common_shares": 1638816,
            "book_valuer_per_share": 1.36,
            "book_valuer_per_share_4q_avg": 2.21,
            "equity": 223421,
            "current_ratio": 233.04,
            "debt_ratio": 86.73,
            "inventory_turnover_ratio": 0.35,
            "account_receivable_turnover_ratio": null,
            "reinvestment_rate": null,
            "research_to_sale_ratio": null,
            "price_fair": 65.45,
            "eps_avg_yearly": 1.87,
            "eps_latest_yearly": 1.16,
            "eps_growth_yearly": 216.47
        },
        "20062": {
            "year_quarter": 20062,
            "year": 2006,
            "quarter": 2,
            "eps": -0.22,
            "eps_growth_year": null,
            "eps_4q": -1.84,
            "eps_4q_growth_year": null,
            "roe": -17.34,
            "roe_4q": -93.79,
            "gross_profit": 51355,
            "gross_margin": 29.27,
            "gross_margin_4q_avg": 19.09,
            "net_income": -35647,
            "revenue": 175464,
            "common_shares": 1638816,
            "book_valuer_per_share": 1.15,
            "book_valuer_per_share_4q_avg": 1.73,
            "equity": 187773,
            "current_ratio": 42.16,
            "debt_ratio": 88.67,
            "inventory_turnover_ratio": 0.31,
            "account_receivable_turnover_ratio": null,
            "reinvestment_rate": null,
            "research_to_sale_ratio": null,
            "price_fair": 65.45,
            "eps_avg_yearly": 1.87,
            "eps_latest_yearly": 1.16,
            "eps_growth_yearly": 216.47
        },
        "20063": {
            "year_quarter": 20063,
            "year": 2006,
            "quarter": 3,
            "eps": -0.05,
            "eps_growth_year": null,
            "eps_4q": -1.76,
            "eps_4q_growth_year": null,
            "roe": -4.21,
            "roe_4q": -93.78,
            "gross_profit": 37249,
            "gross_margin": 21.93,
            "gross_margin_4q_avg": 20.91,
            "net_income": -7742,
            "revenue": 169816,
            "common_shares": 1638816,
            "book_valuer_per_share": 1.1,
            "book_valuer_per_share_4q_avg": 1.29,
            "equity": 180032,
            "current_ratio": 42.63,
            "debt_ratio": 89.23,
            "inventory_turnover_ratio": 0.33,
            "account_receivable_turnover_ratio": null,
            "reinvestment_rate": null,
            "research_to_sale_ratio": null,
            "price_fair": 65.45,
            "eps_avg_yearly": 1.87,
            "eps_latest_yearly": 1.16,
            "eps_growth_yearly": 216.47
        },
        "20064": {
            "year_quarter": 20064,
            "year": 2006,
            "quarter": 4,
            "eps": -0.27,
            "eps_growth_year": null,
            "eps_4q": -0.69,
            "eps_4q_growth_year": null,
            "roe": -27.63,
            "roe_4q": -60.89,
            "gross_profit": 51208,
            "gross_margin": 30.44,
            "gross_margin_4q_avg": 24.34,
            "net_income": -43480,
            "revenue": 168242,
            "common_shares": 1638816,
            "book_valuer_per_share": 0.83,
            "book_valuer_per_share_4q_avg": 1.11,
            "equity": 134684,
            "current_ratio": 41.34,
            "debt_ratio": 91.61,
            "inventory_turnover_ratio": 0.3,
            "account_receivable_turnover_ratio": null,
            "reinvestment_rate": null,
            "research_to_sale_ratio": null,
            "price_fair": 3.48,
            "eps_avg_yearly": 1.16,
            "eps_latest_yearly": 1.16,
            "eps_growth_yearly": -90.86
        },
        "20071": {
            "year_quarter": 20071,
            "year": 2007,
            "quarter": 1,
            "eps": -0.07,
            "eps_growth_year": null,
            "eps_4q": -0.63,
            "eps_4q_growth_year": null,
            "roe": -8.3,
            "roe_4q": -57.480000000000004,
            "gross_profit": 43414,
            "gross_margin": 24.04,
            "gross_margin_4q_avg": 26.42,
            "net_income": -10818,
            "revenue": 180574,
            "common_shares": 1638816,
            "book_valuer_per_share": 0.77,
            "book_valuer_per_share_4q_avg": 0.96,
            "equity": 125868,
            "current_ratio": 38.87,
            "debt_ratio": 92.07,
            "inventory_turnover_ratio": 0.38,
            "account_receivable_turnover_ratio": null,
            "reinvestment_rate": null,
            "research_to_sale_ratio": null,
            "price_fair": 3,
            "eps_avg_yearly": 1,
            "eps_latest_yearly": 1.16,
            "eps_growth_yearly": -10.3
        },
        "20072": {
            "year_quarter": 20072,
            "year": 2007,
            "quarter": 2,
            "eps": -0.42,
            "eps_growth_year": null,
            "eps_4q": -0.79,
            "eps_4q_growth_year": null,
            "roe": -73.77,
            "roe_4q": -113.90999999999998,
            "gross_profit": 46193,
            "gross_margin": 24.01,
            "gross_margin_4q_avg": 25.11,
            "net_income": -68222,
            "revenue": 192409,
            "common_shares": 1638816,
            "book_valuer_per_share": 0.36,
            "book_valuer_per_share_4q_avg": 0.77,
            "equity": 59081,
            "current_ratio": 37.43,
            "debt_ratio": 96.21,
            "inventory_turnover_ratio": 0.45,
            "account_receivable_turnover_ratio": null,
            "reinvestment_rate": null,
            "research_to_sale_ratio": null,
            "price_fair": 40.6,
            "eps_avg_yearly": 1.16,
            "eps_latest_yearly": 1.16,
            "eps_growth_yearly": 152.38
        },
        "20073": {
            "year_quarter": 20073,
            "year": 2007,
            "quarter": 3,
            "eps": -0.04,
            "eps_growth_year": null,
            "eps_4q": -0.79,
            "eps_4q_growth_year": null,
            "roe": -13.2,
            "roe_4q": -122.89999999999999,
            "gross_profit": 51518,
            "gross_margin": 30.18,
            "gross_margin_4q_avg": 27.17,
            "net_income": -7318,
            "revenue": 170706,
            "common_shares": 1638816,
            "book_valuer_per_share": 0.32,
            "book_valuer_per_share_4q_avg": 0.57,
            "equity": 51763,
            "current_ratio": 37.47,
            "debt_ratio": 96.68,
            "inventory_turnover_ratio": 0.36,
            "account_receivable_turnover_ratio": null,
            "reinvestment_rate": null,
            "research_to_sale_ratio": null,
            "price_fair": 0,
            "eps_avg_yearly": 0,
            "eps_latest_yearly": 0,
            "eps_growth_yearly": 0
        },
        "20074": {
            "year_quarter": 20074,
            "year": 2007,
            "quarter": 4,
            "eps": -0.29,
            "eps_growth_year": null,
            "eps_4q": -0.81,
            "eps_4q_growth_year": null,
            "roe": -40.07,
            "roe_4q": -135.34,
            "gross_profit": -47305,
            "gross_margin": -21.1,
            "gross_margin_4q_avg": 14.28,
            "net_income": -48071,
            "revenue": 224151,
            "common_shares": 2376816,
            "book_valuer_per_share": 0.79,
            "book_valuer_per_share_4q_avg": 0.56,
            "equity": 188192,
            "current_ratio": 46.54,
            "debt_ratio": 88.59,
            "inventory_turnover_ratio": 0.8,
            "account_receivable_turnover_ratio": null,
            "reinvestment_rate": null,
            "research_to_sale_ratio": null,
            "price_fair": 0,
            "eps_avg_yearly": 0,
            "eps_latest_yearly": 0,
            "eps_growth_yearly": 0
        },
        "20081": {
            "year_quarter": 20081,
            "year": 2008,
            "quarter": 1,
            "eps": 0,
            "eps_growth_year": null,
            "eps_4q": -0.52,
            "eps_4q_growth_year": null,
            "roe": -0.57,
            "roe_4q": -127.61,
            "gross_profit": 44997,
            "gross_margin": 27.6,
            "gross_margin_4q_avg": 15.17,
            "net_income": -1078,
            "revenue": 163013,
            "common_shares": 2376816,
            "book_valuer_per_share": 0.79,
            "book_valuer_per_share_4q_avg": 0.57,
            "equity": 187111,
            "current_ratio": 45.75,
            "debt_ratio": 88.55,
            "inventory_turnover_ratio": 0.33,
            "account_receivable_turnover_ratio": null,
            "reinvestment_rate": null,
            "research_to_sale_ratio": null,
            "price_fair": 0,
            "eps_avg_yearly": 0,
            "eps_latest_yearly": 0,
            "eps_growth_yearly": 0
        },
        "20082": {
            "year_quarter": 20082,
            "year": 2008,
            "quarter": 2,
            "eps": 0.06,
            "eps_growth_year": null,
            "eps_4q": -0.17,
            "eps_4q_growth_year": null,
            "roe": 7.43,
            "roe_4q": -46.41,
            "gross_profit": 65424,
            "gross_margin": 28.07,
            "gross_margin_4q_avg": 16.19,
            "net_income": 14434,
            "revenue": 233071,
            "common_shares": 2376816,
            "book_valuer_per_share": 0.85,
            "book_valuer_per_share_4q_avg": 0.69,
            "equity": 201548,
            "current_ratio": 48.11,
            "debt_ratio": 88.04,
            "inventory_turnover_ratio": 0.41,
            "account_receivable_turnover_ratio": null,
            "reinvestment_rate": null,
            "research_to_sale_ratio": null,
            "price_fair": 0,
            "eps_avg_yearly": 0,
            "eps_latest_yearly": 0,
            "eps_growth_yearly": 0
        },
        "20083": {
            "year_quarter": 20083,
            "year": 2008,
            "quarter": 3,
            "eps": 0.42,
            "eps_growth_year": null,
            "eps_4q": -1.04,
            "eps_4q_growth_year": null,
            "roe": 4.85,
            "roe_4q": -28.36,
            "gross_profit": 59487,
            "gross_margin": 26.7,
            "gross_margin_4q_avg": 15.32,
            "net_income": 10010,
            "revenue": 222788,
            "common_shares": 237682,
            "book_valuer_per_share": 8.9,
            "book_valuer_per_share_4q_avg": 2.83,
            "equity": 211557,
            "current_ratio": 47.82,
            "debt_ratio": 86.91,
            "inventory_turnover_ratio": 0.39,
            "account_receivable_turnover_ratio": null,
            "reinvestment_rate": null,
            "research_to_sale_ratio": null,
            "price_fair": 58.8,
            "eps_avg_yearly": 1.68,
            "eps_latest_yearly": 1.68,
            "eps_growth_yearly": 2400
        },
        "20084": {
            "year_quarter": 20084,
            "year": 2008,
            "quarter": 4,
            "eps": -4.86,
            "eps_growth_year": null,
            "eps_4q": -3.88,
            "eps_4q_growth_year": null,
            "roe": -75.19,
            "roe_4q": -63.480000000000004,
            "gross_profit": -70930,
            "gross_margin": -39.76,
            "gross_margin_4q_avg": 10.65,
            "net_income": -115553,
            "revenue": 178386,
            "common_shares": 237682,
            "book_valuer_per_share": 4.03,
            "book_valuer_per_share_4q_avg": 3.64,
            "equity": 95815,
            "current_ratio": 37.65,
            "debt_ratio": 93.4,
            "inventory_turnover_ratio": 0.76,
            "account_receivable_turnover_ratio": 2.43,
            "reinvestment_rate": null,
            "research_to_sale_ratio": null,
            "price_fair": 58.8,
            "eps_avg_yearly": 1.68,
            "eps_latest_yearly": 1.68,
            "eps_growth_yearly": 2400
        },
        "20091": {
            "year_quarter": 20091,
            "year": 2009,
            "quarter": 1,
            "eps": -0.22,
            "eps_growth_year": null,
            "eps_4q": -4.06,
            "eps_4q_growth_year": null,
            "roe": -5.73,
            "roe_4q": -68.64000000000001,
            "gross_profit": 36941,
            "gross_margin": 22.13,
            "gross_margin_4q_avg": 9.29,
            "net_income": -5335,
            "revenue": 166911,
            "common_shares": 237682,
            "book_valuer_per_share": 3.81,
            "book_valuer_per_share_4q_avg": 4.4,
            "equity": 90480,
            "current_ratio": 39.65,
            "debt_ratio": 93.7,
            "inventory_turnover_ratio": 0.53,
            "account_receivable_turnover_ratio": 1.22,
            "reinvestment_rate": null,
            "research_to_sale_ratio": null,
            "price_fair": 58.8,
            "eps_avg_yearly": 1.68,
            "eps_latest_yearly": 1.68,
            "eps_growth_yearly": 2400
        },
        "20092": {
            "year_quarter": 20092,
            "year": 2009,
            "quarter": 2,
            "eps": -0.89,
            "eps_growth_year": -1583.33,
            "eps_4q": -5.55,
            "eps_4q_growth_year": null,
            "roe": -26.35,
            "roe_4q": -102.42,
            "gross_profit": 31725,
            "gross_margin": 16.32,
            "gross_margin_4q_avg": 6.35,
            "net_income": -21065,
            "revenue": 194412,
            "common_shares": 237682,
            "book_valuer_per_share": 2.92,
            "book_valuer_per_share_4q_avg": 4.92,
            "equity": 69415,
            "current_ratio": 34.6,
            "debt_ratio": 94.84,
            "inventory_turnover_ratio": 0.86,
            "account_receivable_turnover_ratio": 1.62,
            "reinvestment_rate": null,
            "research_to_sale_ratio": null,
            "price_fair": 58.8,
            "eps_avg_yearly": 1.68,
            "eps_latest_yearly": 1.68,
            "eps_growth_yearly": 2400
        },
        "20093": {
            "year_quarter": 20093,
            "year": 2009,
            "quarter": 3,
            "eps": 0.08,
            "eps_growth_year": -80.95,
            "eps_4q": -5.91,
            "eps_4q_growth_year": null,
            "roe": 2.69,
            "roe_4q": -104.58,
            "gross_profit": 47442,
            "gross_margin": 25.47,
            "gross_margin_4q_avg": 6.04,
            "net_income": 1896,
            "revenue": 186252,
            "common_shares": 237682,
            "book_valuer_per_share": 3,
            "book_valuer_per_share_4q_avg": 3.44,
            "equity": 71311,
            "current_ratio": 34.22,
            "debt_ratio": 94.71,
            "inventory_turnover_ratio": 1.09,
            "account_receivable_turnover_ratio": 1.55,
            "reinvestment_rate": null,
            "research_to_sale_ratio": null,
            "price_fair": 58.8,
            "eps_avg_yearly": 1.68,
            "eps_latest_yearly": 1.68,
            "eps_growth_yearly": 2400
        },
        "20094": {
            "year_quarter": 20094,
            "year": 2009,
            "quarter": 4,
            "eps": 1.07,
            "eps_growth_year": null,
            "eps_4q": 0.04,
            "eps_4q_growth_year": null,
            "roe": 30.25,
            "roe_4q": 0.8599999999999959,
            "gross_profit": 69029,
            "gross_margin": 37.25,
            "gross_margin_4q_avg": 25.29,
            "net_income": 25412,
            "revenue": 185326,
            "common_shares": 237682,
            "book_valuer_per_share": 4.07,
            "book_valuer_per_share_4q_avg": 3.45,
            "equity": 96723,
            "current_ratio": 35.14,
            "debt_ratio": 92.83,
            "inventory_turnover_ratio": 1.11,
            "account_receivable_turnover_ratio": 2.58,
            "reinvestment_rate": null,
            "research_to_sale_ratio": null,
            "price_fair": 104.3,
            "eps_avg_yearly": 2.98,
            "eps_latest_yearly": 4.28,
            "eps_growth_yearly": 3675
        },
        "20101": {
            "year_quarter": 20101,
            "year": 2010,
            "quarter": 1,
            "eps": 1.04,
            "eps_growth_year": null,
            "eps_4q": 1.3,
            "eps_4q_growth_year": null,
            "roe": 22.67,
            "roe_4q": 29.259999999999998,
            "gross_profit": 71091,
            "gross_margin": 33.85,
            "gross_margin_4q_avg": 28.22,
            "net_income": 24730,
            "revenue": 210041,
            "common_shares": 237682,
            "book_valuer_per_share": 5.11,
            "book_valuer_per_share_4q_avg": 3.78,
            "equity": 121453,
            "current_ratio": 36.84,
            "debt_ratio": 91.15,
            "inventory_turnover_ratio": 1.33,
            "account_receivable_turnover_ratio": 1.46,
            "reinvestment_rate": null,
            "research_to_sale_ratio": 2.9,
            "price_fair": 118.07,
            "eps_avg_yearly": 3.37,
            "eps_latest_yearly": 4.16,
            "eps_growth_yearly": 2446.26
        },
        "20102": {
            "year_quarter": 20102,
            "year": 2010,
            "quarter": 2,
            "eps": 0.7,
            "eps_growth_year": null,
            "eps_4q": 2.89,
            "eps_4q_growth_year": null,
            "roe": 12.72,
            "roe_4q": 68.33,
            "gross_profit": 65262,
            "gross_margin": 33.44,
            "gross_margin_4q_avg": 32.5,
            "net_income": 16549,
            "revenue": 195140,
            "common_shares": 237682,
            "book_valuer_per_share": 5.84,
            "book_valuer_per_share_4q_avg": 4.51,
            "equity": 138745,
            "current_ratio": 37.79,
            "debt_ratio": 90.02,
            "inventory_turnover_ratio": 1.12,
            "account_receivable_turnover_ratio": 1.29,
            "reinvestment_rate": null,
            "research_to_sale_ratio": 4.21,
            "price_fair": 113.05,
            "eps_avg_yearly": 3.23,
            "eps_latest_yearly": 2.8,
            "eps_growth_yearly": 1802
        },
        "20103": {
            "year_quarter": 20103,
            "year": 2010,
            "quarter": 3,
            "eps": 0.59,
            "eps_growth_year": 632.5,
            "eps_4q": 2.22,
            "eps_4q_growth_year": null,
            "roe": 8.9,
            "roe_4q": 74.54,
            "gross_profit": 75778,
            "gross_margin": 34.03,
            "gross_margin_4q_avg": 34.64,
            "net_income": 23890,
            "revenue": 222687,
            "common_shares": 407682,
            "book_valuer_per_share": 9.76,
            "book_valuer_per_share_4q_avg": 6.2,
            "equity": 398016,
            "current_ratio": 59.05,
            "debt_ratio": 75.7,
            "inventory_turnover_ratio": 1.13,
            "account_receivable_turnover_ratio": 1.36,
            "reinvestment_rate": null,
            "research_to_sale_ratio": 3.06,
            "price_fair": 106.96,
            "eps_avg_yearly": 3.06,
            "eps_latest_yearly": 2.36,
            "eps_growth_yearly": 1429.03
        },
        "20104": {
            "year_quarter": 20104,
            "year": 2010,
            "quarter": 4,
            "eps": 0.55,
            "eps_growth_year": -48.37,
            "eps_4q": 2.15,
            "eps_4q_growth_year": 5530.57,
            "roe": 5.5,
            "roe_4q": 49.790000000000006,
            "gross_profit": 77577,
            "gross_margin": 34.99,
            "gross_margin_4q_avg": 34.08,
            "net_income": 22523,
            "revenue": 221707,
            "common_shares": 407682,
            "book_valuer_per_share": 10.34,
            "book_valuer_per_share_4q_avg": 7.76,
            "equity": 421493,
            "current_ratio": 59.46,
            "debt_ratio": 74.38,
            "inventory_turnover_ratio": 1.15,
            "account_receivable_turnover_ratio": 1.28,
            "reinvestment_rate": null,
            "research_to_sale_ratio": 4.11,
            "price_fair": 101.97,
            "eps_avg_yearly": 2.91,
            "eps_latest_yearly": 2.2,
            "eps_growth_yearly": 1186.34
        },
        "20111": {
            "year_quarter": 20111,
            "year": 2011,
            "quarter": 1,
            "eps": 0.48,
            "eps_growth_year": -53.85,
            "eps_4q": 2.02,
            "eps_4q_growth_year": 55.15,
            "roe": 4.51,
            "roe_4q": 31.630000000000003,
            "gross_profit": 64583,
            "gross_margin": 31.05,
            "gross_margin_4q_avg": 33.38,
            "net_income": 19461,
            "revenue": 208022,
            "common_shares": 407682,
            "book_valuer_per_share": 10.84,
            "book_valuer_per_share_4q_avg": 9.2,
            "equity": 441907,
            "current_ratio": 59.52,
            "debt_ratio": 73.14,
            "inventory_turnover_ratio": 1.17,
            "account_receivable_turnover_ratio": 1.23,
            "reinvestment_rate": null,
            "research_to_sale_ratio": 4.67,
            "price_fair": 97,
            "eps_avg_yearly": 2.77,
            "eps_latest_yearly": 1.92,
            "eps_growth_yearly": 1009.59
        },
        "20112": {
            "year_quarter": 20112,
            "year": 2011,
            "quarter": 2,
            "eps": 0.76,
            "eps_growth_year": 9.2,
            "eps_4q": 2.38,
            "eps_4q_growth_year": -17.66,
            "roe": 6.77,
            "roe_4q": 25.68,
            "gross_profit": 82855,
            "gross_margin": 35.94,
            "gross_margin_4q_avg": 34,
            "net_income": 30998,
            "revenue": 230505,
            "common_shares": 407682,
            "book_valuer_per_share": 11.62,
            "book_valuer_per_share_4q_avg": 10.64,
            "equity": 473856,
            "current_ratio": 57.79,
            "debt_ratio": 68.79,
            "inventory_turnover_ratio": 1.12,
            "account_receivable_turnover_ratio": 1.37,
            "reinvestment_rate": null,
            "research_to_sale_ratio": 5.18,
            "price_fair": 98.18,
            "eps_avg_yearly": 2.81,
            "eps_latest_yearly": 3.04,
            "eps_growth_yearly": 912.56
        },
        "20113": {
            "year_quarter": 20113,
            "year": 2011,
            "quarter": 3,
            "eps": 0.86,
            "eps_growth_year": 46.78,
            "eps_4q": 2.65,
            "eps_4q_growth_year": 19.28,
            "roe": 7.13,
            "roe_4q": 23.909999999999997,
            "gross_profit": 74446,
            "gross_margin": 32.22,
            "gross_margin_4q_avg": 33.55,
            "net_income": 35066,
            "revenue": 231029,
            "common_shares": 407682,
            "book_valuer_per_share": 12.51,
            "book_valuer_per_share_4q_avg": 11.33,
            "equity": 509875,
            "current_ratio": 55.47,
            "debt_ratio": 65.53,
            "inventory_turnover_ratio": 1.08,
            "account_receivable_turnover_ratio": 1.27,
            "reinvestment_rate": 124.23,
            "research_to_sale_ratio": 4.18,
            "price_fair": 100.64,
            "eps_avg_yearly": 2.88,
            "eps_latest_yearly": 3.44,
            "eps_growth_yearly": 817.01
        },
        "20114": {
            "year_quarter": 20114,
            "year": 2011,
            "quarter": 4,
            "eps": 0.9,
            "eps_growth_year": 63.41,
            "eps_4q": 3,
            "eps_4q_growth_year": 39.5,
            "roe": 6.96,
            "roe_4q": 25.369999999999997,
            "gross_profit": 126048,
            "gross_margin": 42.7,
            "gross_margin_4q_avg": 35.48,
            "net_income": 36805,
            "revenue": 295171,
            "common_shares": 407682,
            "book_valuer_per_share": 13.43,
            "book_valuer_per_share_4q_avg": 12.1,
            "equity": 547632,
            "current_ratio": 123.07,
            "debt_ratio": 70.1,
            "inventory_turnover_ratio": 1.02,
            "account_receivable_turnover_ratio": 1.43,
            "reinvestment_rate": 76.55,
            "research_to_sale_ratio": 3.47,
            "price_fair": 103.18,
            "eps_avg_yearly": 2.95,
            "eps_latest_yearly": 3.6,
            "eps_growth_yearly": 737.17
        },
        "20121": {
            "year_quarter": 20121,
            "year": 2012,
            "quarter": 1,
            "eps": 1.16,
            "eps_growth_year": 141.67,
            "eps_4q": 3.68,
            "eps_4q_growth_year": 82.21,
            "roe": 8.28,
            "roe_4q": 29.139999999999997,
            "gross_profit": 109645,
            "gross_margin": 33.81,
            "gross_margin_4q_avg": 36.17,
            "net_income": 47314,
            "revenue": 324343,
            "common_shares": 407682,
            "book_valuer_per_share": 14.61,
            "book_valuer_per_share_4q_avg": 13.04,
            "equity": 595759,
            "current_ratio": 120.96,
            "debt_ratio": 66.38,
            "inventory_turnover_ratio": 1.07,
            "account_receivable_turnover_ratio": 1.4,
            "reinvestment_rate": 109.31,
            "research_to_sale_ratio": 3.16,
            "price_fair": 108.56,
            "eps_avg_yearly": 3.1,
            "eps_latest_yearly": 4.64,
            "eps_growth_yearly": 680.66
        },
        "20122": {
            "year_quarter": 20122,
            "year": 2012,
            "quarter": 2,
            "eps": 1.02,
            "eps_growth_year": 34.28,
            "eps_4q": 3.91,
            "eps_4q_growth_year": 64.66,
            "roe": 6.84,
            "roe_4q": 29.209999999999997,
            "gross_profit": 99472,
            "gross_margin": 33.02,
            "gross_margin_4q_avg": 35.44,
            "net_income": 42084,
            "revenue": 301231,
            "common_shares": 412181,
            "book_valuer_per_share": 15.41,
            "book_valuer_per_share_4q_avg": 13.99,
            "equity": 635223,
            "current_ratio": 113.73,
            "debt_ratio": 66.26,
            "inventory_turnover_ratio": 0.84,
            "account_receivable_turnover_ratio": 1.23,
            "reinvestment_rate": 133.44,
            "research_to_sale_ratio": 3.15,
            "price_fair": 111.42,
            "eps_avg_yearly": 3.18,
            "eps_latest_yearly": 4.08,
            "eps_growth_yearly": 619.92
        },
        "20123": {
            "year_quarter": 20123,
            "year": 2012,
            "quarter": 3,
            "eps": 0.98,
            "eps_growth_year": 13.38,
            "eps_4q": 4.02,
            "eps_4q_growth_year": 51.71,
            "roe": 6.15,
            "roe_4q": 28.23,
            "gross_profit": 97310,
            "gross_margin": 31.23,
            "gross_margin_4q_avg": 35.19,
            "net_income": 40411,
            "revenue": 311577,
            "common_shares": 414382,
            "book_valuer_per_share": 16.37,
            "book_valuer_per_share_4q_avg": 14.96,
            "equity": 678323,
            "current_ratio": 104.89,
            "debt_ratio": 66.28,
            "inventory_turnover_ratio": 0.81,
            "account_receivable_turnover_ratio": 1.25,
            "reinvestment_rate": 148.74,
            "research_to_sale_ratio": 3.85,
            "price_fair": 117.95,
            "eps_avg_yearly": 3.37,
            "eps_latest_yearly": 3.92,
            "eps_growth_yearly": 418.61
        },
        "20124": {
            "year_quarter": 20124,
            "year": 2012,
            "quarter": 4,
            "eps": 1.24,
            "eps_growth_year": 36.9,
            "eps_4q": 4.36,
            "eps_4q_growth_year": 45.42,
            "roe": 7.28,
            "roe_4q": 28.549999999999997,
            "gross_profit": 120111,
            "gross_margin": 38.09,
            "gross_margin_4q_avg": 34.04,
            "net_income": 51300,
            "revenue": 315353,
            "common_shares": 415062,
            "book_valuer_per_share": 17.6,
            "book_valuer_per_share_4q_avg": 16,
            "equity": 730426,
            "current_ratio": 110.87,
            "debt_ratio": 64.38,
            "inventory_turnover_ratio": 0.7,
            "account_receivable_turnover_ratio": 1.24,
            "reinvestment_rate": 108.87,
            "research_to_sale_ratio": 3.42,
            "price_fair": 122.23,
            "eps_avg_yearly": 3.49,
            "eps_latest_yearly": 4.96,
            "eps_growth_yearly": 394.57
        },
        "20131": {
            "year_quarter": 20131,
            "year": 2013,
            "quarter": 1,
            "eps": 1.21,
            "eps_growth_year": 4.31,
            "eps_4q": 4.43,
            "eps_4q_growth_year": 20.18,
            "roe": 6.59,
            "roe_4q": 26.860000000000003,
            "gross_profit": 97517,
            "gross_margin": 32.54,
            "gross_margin_4q_avg": 33.72,
            "net_income": 50070,
            "revenue": 299701,
            "common_shares": 415312,
            "book_valuer_per_share": 18.99,
            "book_valuer_per_share_4q_avg": 17.09,
            "equity": 788509,
            "current_ratio": 121.01,
            "debt_ratio": 62.48,
            "inventory_turnover_ratio": 0.74,
            "account_receivable_turnover_ratio": 1.17,
            "reinvestment_rate": 107.03,
            "research_to_sale_ratio": 2.91,
            "price_fair": 125.6,
            "eps_avg_yearly": 3.59,
            "eps_latest_yearly": 4.84,
            "eps_growth_yearly": 365.7
        },
        "20132": {
            "year_quarter": 20132,
            "year": 2013,
            "quarter": 2,
            "eps": 0.43,
            "eps_growth_year": -57.88,
            "eps_4q": 3.83,
            "eps_4q_growth_year": -2.23,
            "roe": 2.29,
            "roe_4q": 22.310000000000002,
            "gross_profit": 73679,
            "gross_margin": 29.44,
            "gross_margin_4q_avg": 32.83,
            "net_income": 17826,
            "revenue": 250265,
            "common_shares": 417217,
            "book_valuer_per_share": 18.42,
            "book_valuer_per_share_4q_avg": 17.85,
            "equity": 768722,
            "current_ratio": 101.24,
            "debt_ratio": 64.09,
            "inventory_turnover_ratio": 0.71,
            "account_receivable_turnover_ratio": 1.12,
            "reinvestment_rate": 113.05,
            "research_to_sale_ratio": 4.83,
            "price_fair": 121.24,
            "eps_avg_yearly": 3.46,
            "eps_latest_yearly": 1.72,
            "eps_growth_yearly": 324.13
        },
        "20133": {
            "year_quarter": 20133,
            "year": 2013,
            "quarter": 3,
            "eps": 0.27,
            "eps_growth_year": -72.31,
            "eps_4q": 3.12,
            "eps_4q_growth_year": -22.34,
            "roe": 1.47,
            "roe_4q": 17.63,
            "gross_profit": 64164,
            "gross_margin": 26.94,
            "gross_margin_4q_avg": 31.75,
            "net_income": 11361,
            "revenue": 238190,
            "common_shares": 418132,
            "book_valuer_per_share": 18.67,
            "book_valuer_per_share_4q_avg": 18.42,
            "equity": 780728,
            "current_ratio": 134.51,
            "debt_ratio": 63.62,
            "inventory_turnover_ratio": 0.75,
            "account_receivable_turnover_ratio": 1.34,
            "reinvestment_rate": 113.05,
            "research_to_sale_ratio": 4.95,
            "price_fair": 116.03,
            "eps_avg_yearly": 3.32,
            "eps_latest_yearly": 1.08,
            "eps_growth_yearly": 294.57
        },
        "20134": {
            "year_quarter": 20134,
            "year": 2013,
            "quarter": 4,
            "eps": 0.75,
            "eps_growth_year": -39.1,
            "eps_4q": 2.65,
            "eps_4q_growth_year": -39.34,
            "roe": 3.95,
            "roe_4q": 14.3,
            "gross_profit": 95881,
            "gross_margin": 34.71,
            "gross_margin_4q_avg": 30.91,
            "net_income": 31494,
            "revenue": 276269,
            "common_shares": 418444,
            "book_valuer_per_share": 19.44,
            "book_valuer_per_share_4q_avg": 18.88,
            "equity": 813490,
            "current_ratio": 134.85,
            "debt_ratio": 60.95,
            "inventory_turnover_ratio": 0.79,
            "account_receivable_turnover_ratio": 1.67,
            "reinvestment_rate": 113.6,
            "research_to_sale_ratio": 4.4,
            "price_fair": 113.23,
            "eps_avg_yearly": 3.24,
            "eps_latest_yearly": 3,
            "eps_growth_yearly": 29.64
        },
        "20141": {
            "year_quarter": 20141,
            "year": 2014,
            "quarter": 1,
            "eps": 1.43,
            "eps_growth_year": 18.18,
            "eps_4q": 2.88,
            "eps_4q_growth_year": -34.98,
            "roe": 7.08,
            "roe_4q": 14.790000000000003,
            "gross_profit": 130756,
            "gross_margin": 37.56,
            "gross_margin_4q_avg": 32.16,
            "net_income": 59777,
            "revenue": 348161,
            "common_shares": 418444,
            "book_valuer_per_share": 20.89,
            "book_valuer_per_share_4q_avg": 19.36,
            "equity": 873970,
            "current_ratio": 135.33,
            "debt_ratio": 58.62,
            "inventory_turnover_ratio": 1,
            "account_receivable_turnover_ratio": 1.58,
            "reinvestment_rate": 105.81,
            "research_to_sale_ratio": 3.88,
            "price_fair": 116.64,
            "eps_avg_yearly": 3.33,
            "eps_latest_yearly": 5.72,
            "eps_growth_yearly": 53
        },
        "20142": {
            "year_quarter": 20142,
            "year": 2014,
            "quarter": 2,
            "eps": 0.82,
            "eps_growth_year": 90.7,
            "eps_4q": 3.24,
            "eps_4q_growth_year": -15.3,
            "roe": 3.95,
            "roe_4q": 16.45,
            "gross_profit": 116633,
            "gross_margin": 34.85,
            "gross_margin_4q_avg": 33.52,
            "net_income": 34449,
            "revenue": 334646,
            "common_shares": 423067,
            "book_valuer_per_share": 20.57,
            "book_valuer_per_share_4q_avg": 19.89,
            "equity": 870255,
            "current_ratio": 112.44,
            "debt_ratio": 59.33,
            "inventory_turnover_ratio": 1.01,
            "account_receivable_turnover_ratio": 1.34,
            "reinvestment_rate": 103.87,
            "research_to_sale_ratio": 4.47,
            "price_fair": 117.69,
            "eps_avg_yearly": 3.36,
            "eps_latest_yearly": 3.28,
            "eps_growth_yearly": 50.51
        },
        "20143": {
            "year_quarter": 20143,
            "year": 2014,
            "quarter": 3,
            "eps": -3.79,
            "eps_growth_year": -1503.7,
            "eps_4q": -0.82,
            "eps_4q_growth_year": -126.28,
            "roe": -20.3,
            "roe_4q": -5.320000000000001,
            "gross_profit": 108354,
            "gross_margin": 31.15,
            "gross_margin_4q_avg": 34.57,
            "net_income": -160465,
            "revenue": 347819,
            "common_shares": 423502,
            "book_valuer_per_share": 16.79,
            "book_valuer_per_share_4q_avg": 19.42,
            "equity": 711045,
            "current_ratio": 128.54,
            "debt_ratio": 67.71,
            "inventory_turnover_ratio": 0.96,
            "account_receivable_turnover_ratio": 1.44,
            "reinvestment_rate": 161.22,
            "research_to_sale_ratio": 5.65,
            "price_fair": 120.03,
            "eps_avg_yearly": 3.43,
            "eps_latest_yearly": 3.28,
            "eps_growth_yearly": 58.07
        },
        "20144": {
            "year_quarter": 20144,
            "year": 2014,
            "quarter": 4,
            "eps": 0.25,
            "eps_growth_year": -67.2,
            "eps_4q": -1.31,
            "eps_4q_growth_year": -149.49,
            "roe": 1.45,
            "roe_4q": -7.820000000000002,
            "gross_profit": 112468,
            "gross_margin": 32.51,
            "gross_margin_4q_avg": 34.02,
            "net_income": 10505,
            "revenue": 345909,
            "common_shares": 425502,
            "book_valuer_per_share": 17.24,
            "book_valuer_per_share_4q_avg": 18.87,
            "equity": 733475,
            "current_ratio": 104.03,
            "debt_ratio": 67.96,
            "inventory_turnover_ratio": 0.8,
            "account_receivable_turnover_ratio": 1.32,
            "reinvestment_rate": 174.46,
            "research_to_sale_ratio": 5.38,
            "price_fair": 123.1,
            "eps_avg_yearly": 3.52,
            "eps_latest_yearly": 3.28,
            "eps_growth_yearly": 64.15
        },
        "20151": {
            "year_quarter": 20151,
            "year": 2015,
            "quarter": 1,
            "eps": 0.88,
            "eps_growth_year": -38.46,
            "eps_4q": -1.31,
            "eps_4q_growth_year": -145.53,
            "roe": 4.99,
            "roe_4q": -9.91,
            "gross_profit": 124205,
            "gross_margin": 34.98,
            "gross_margin_4q_avg": 33.37,
            "net_income": 46502,
            "revenue": 355036,
            "common_shares": 526472,
            "book_valuer_per_share": 21.46,
            "book_valuer_per_share_4q_avg": 19.02,
            "equity": 1129756,
            "current_ratio": 131.71,
            "debt_ratio": 50.99,
            "inventory_turnover_ratio": 0.72,
            "account_receivable_turnover_ratio": 1.29,
            "reinvestment_rate": 160.01,
            "research_to_sale_ratio": 4.04,
            "price_fair": 127.1,
            "eps_avg_yearly": 3.63,
            "eps_latest_yearly": 3.52,
            "eps_growth_yearly": 139.79
        },
        "20152": {
            "year_quarter": 20152,
            "year": 2015,
            "quarter": 2,
            "eps": 0.91,
            "eps_growth_year": 10.98,
            "eps_4q": -1.06,
            "eps_4q_growth_year": -132.63,
            "roe": 4.14,
            "roe_4q": -9.720000000000002,
            "gross_profit": 121567,
            "gross_margin": 32.81,
            "gross_margin_4q_avg": 32.86,
            "net_income": 47795,
            "revenue": 370496,
            "common_shares": 526472,
            "book_valuer_per_share": 22.35,
            "book_valuer_per_share_4q_avg": 19.46,
            "equity": 1176908,
            "current_ratio": 137.64,
            "debt_ratio": 49.37,
            "inventory_turnover_ratio": 0.8,
            "account_receivable_turnover_ratio": 1.34,
            "reinvestment_rate": 158.78,
            "research_to_sale_ratio": 3.93,
            "price_fair": 128.6,
            "eps_avg_yearly": 3.67,
            "eps_latest_yearly": 3.64,
            "eps_growth_yearly": 124.1
        },
        "20153": {
            "year_quarter": 20153,
            "year": 2015,
            "quarter": 3,
            "eps": 1.32,
            "eps_growth_year": null,
            "eps_4q": 3.31,
            "eps_4q_growth_year": null,
            "roe": 5.73,
            "roe_4q": 16.310000000000002,
            "gross_profit": 129809,
            "gross_margin": 34.72,
            "gross_margin_4q_avg": 33.76,
            "net_income": 69493,
            "revenue": 373920,
            "common_shares": 526472,
            "book_valuer_per_share": 23.73,
            "book_valuer_per_share_4q_avg": 21.2,
            "equity": 1249225,
            "current_ratio": 113.96,
            "debt_ratio": 45.73,
            "inventory_turnover_ratio": 0.81,
            "account_receivable_turnover_ratio": 1.37,
            "reinvestment_rate": 143.45,
            "research_to_sale_ratio": 4.09,
            "price_fair": 133.2,
            "eps_avg_yearly": 3.81,
            "eps_latest_yearly": 5.28,
            "eps_growth_yearly": 133.21
        },
        "20154": {
            "year_quarter": 20154,
            "year": 2015,
            "quarter": 4,
            "eps": 1.41,
            "eps_growth_year": 472.7,
            "eps_4q": 4.52,
            "eps_4q_growth_year": null,
            "roe": 5.79,
            "roe_4q": 20.65,
            "gross_profit": 153864,
            "gross_margin": 34.72,
            "gross_margin_4q_avg": 34.31,
            "net_income": 74438,
            "revenue": 443145,
            "common_shares": 526472,
            "book_valuer_per_share": 25.1,
            "book_valuer_per_share_4q_avg": 23.16,
            "equity": 1321600,
            "current_ratio": 118.6,
            "debt_ratio": 44.23,
            "inventory_turnover_ratio": 0.99,
            "account_receivable_turnover_ratio": 1.48,
            "reinvestment_rate": 122.31,
            "research_to_sale_ratio": 3.46,
            "price_fair": 138.3,
            "eps_avg_yearly": 3.95,
            "eps_latest_yearly": 5.64,
            "eps_growth_yearly": 133.83
        },
        "20161": {
            "year_quarter": 20161,
            "year": 2016,
            "quarter": 1,
            "eps": 1.05,
            "eps_growth_year": 19.32,
            "eps_4q": 4.69,
            "eps_4q_growth_year": null,
            "roe": 4.1,
            "roe_4q": 19.76,
            "gross_profit": 141694,
            "gross_margin": 34.24,
            "gross_margin_4q_avg": 34.12,
            "net_income": 55300,
            "revenue": 413771,
            "common_shares": 526472,
            "book_valuer_per_share": 26.1,
            "book_valuer_per_share_4q_avg": 24.32,
            "equity": 1374134,
            "current_ratio": 119.67,
            "debt_ratio": 40.3,
            "inventory_turnover_ratio": 0.95,
            "account_receivable_turnover_ratio": 1.29,
            "reinvestment_rate": 101.18,
            "research_to_sale_ratio": 3.6,
            "price_fair": 137.2,
            "eps_avg_yearly": 3.92,
            "eps_latest_yearly": 4.2,
            "eps_growth_yearly": 118.28
        },
        "20162": {
            "year_quarter": 20162,
            "year": 2016,
            "quarter": 2,
            "eps": 1.08,
            "eps_growth_year": 18.68,
            "eps_4q": 4.87,
            "eps_4q_growth_year": null,
            "roe": 4.21,
            "roe_4q": 19.83,
            "gross_profit": 129638,
            "gross_margin": 32.31,
            "gross_margin_4q_avg": 34,
            "net_income": 56952,
            "revenue": 401276,
            "common_shares": 526472,
            "book_valuer_per_share": 25.31,
            "book_valuer_per_share_4q_avg": 25.06,
            "equity": 1332249,
            "current_ratio": 108.55,
            "debt_ratio": 43.51,
            "inventory_turnover_ratio": 0.92,
            "account_receivable_turnover_ratio": 1.24,
            "reinvestment_rate": 81.05,
            "research_to_sale_ratio": 3.64,
            "price_fair": 137.8,
            "eps_avg_yearly": 3.94,
            "eps_latest_yearly": 4.32,
            "eps_growth_yearly": 122.55
        },
        "20163": {
            "year_quarter": 20163,
            "year": 2016,
            "quarter": 3,
            "eps": 0.89,
            "eps_growth_year": -32.58,
            "eps_4q": 4.43,
            "eps_4q_growth_year": 33.91,
            "roe": 3.46,
            "roe_4q": 17.56,
            "gross_profit": 127418,
            "gross_margin": 30.96,
            "gross_margin_4q_avg": 33.06,
            "net_income": 46703,
            "revenue": 411596,
            "common_shares": 526472,
            "book_valuer_per_share": 26.03,
            "book_valuer_per_share_4q_avg": 25.64,
            "equity": 1370554,
            "current_ratio": 139.67,
            "debt_ratio": 46.18,
            "inventory_turnover_ratio": 0.94,
            "account_receivable_turnover_ratio": 1.21,
            "reinvestment_rate": 91.58,
            "research_to_sale_ratio": 2.9,
            "price_fair": 136.9,
            "eps_avg_yearly": 3.91,
            "eps_latest_yearly": 3.56,
            "eps_growth_yearly": 118.64
        },
        "20164": {
            "year_quarter": 20164,
            "year": 2016,
            "quarter": 4,
            "eps": 1.18,
            "eps_growth_year": -16.33,
            "eps_4q": 4.2,
            "eps_4q_growth_year": -7.13,
            "roe": 4.45,
            "roe_4q": 16.22,
            "gross_profit": 131692,
            "gross_margin": 32.02,
            "gross_margin_4q_avg": 32.38,
            "net_income": 62283,
            "revenue": 411295,
            "common_shares": 526472,
            "book_valuer_per_share": 27.14,
            "book_valuer_per_share_4q_avg": 26.15,
            "equity": 1428698,
            "current_ratio": 119.68,
            "debt_ratio": 61.9,
            "inventory_turnover_ratio": 0.94,
            "account_receivable_turnover_ratio": 1.15,
            "reinvestment_rate": 297.86,
            "research_to_sale_ratio": 3.7,
            "price_fair": 136.3,
            "eps_avg_yearly": 3.89,
            "eps_latest_yearly": 4.72,
            "eps_growth_yearly": 120.37
        },
        "20171": {
            "year_quarter": 20171,
            "year": 2017,
            "quarter": 1,
            "eps": 0.6,
            "eps_growth_year": -42.86,
            "eps_4q": 3.75,
            "eps_4q_growth_year": -20.05,
            "roe": 2.2,
            "roe_4q": 14.32,
            "gross_profit": 117632,
            "gross_margin": 29.49,
            "gross_margin_4q_avg": 31.2,
            "net_income": 31569,
            "revenue": 398870,
            "common_shares": 526472,
            "book_valuer_per_share": 27.45,
            "book_valuer_per_share_4q_avg": 26.48,
            "equity": 1445348,
            "current_ratio": 104.98,
            "debt_ratio": 60.97,
            "inventory_turnover_ratio": 0.98,
            "account_receivable_turnover_ratio": 1.14,
            "reinvestment_rate": 306.56,
            "research_to_sale_ratio": 3.78,
            "price_fair": 130.2,
            "eps_avg_yearly": 3.72,
            "eps_latest_yearly": 2.4,
            "eps_growth_yearly": 107.02
        },
        "20172": {
            "year_quarter": 20172,
            "year": 2017,
            "quarter": 2,
            "eps": 0.8,
            "eps_growth_year": -25.93,
            "eps_4q": 3.47,
            "eps_4q_growth_year": -28.68,
            "roe": 2.95,
            "roe_4q": 13.060000000000002,
            "gross_profit": 119971,
            "gross_margin": 28.95,
            "gross_margin_4q_avg": 30.36,
            "net_income": 42153,
            "revenue": 414404,
            "common_shares": 526472,
            "book_valuer_per_share": 26.88,
            "book_valuer_per_share_4q_avg": 26.88,
            "equity": 1414944,
            "current_ratio": 97.02,
            "debt_ratio": 62.29,
            "inventory_turnover_ratio": 0.98,
            "account_receivable_turnover_ratio": 1.21,
            "reinvestment_rate": 282.26,
            "research_to_sale_ratio": 4.88,
            "price_fair": 133.9,
            "eps_avg_yearly": 3.83,
            "eps_latest_yearly": 3.2,
            "eps_growth_yearly": 134.96
        },
        "20173": {
            "year_quarter": 20173,
            "year": 2017,
            "quarter": 3,
            "eps": 1.11,
            "eps_growth_year": 24.72,
            "eps_4q": 3.69,
            "eps_4q_growth_year": -16.66,
            "roe": 4.04,
            "roe_4q": 13.64,
            "gross_profit": 132038,
            "gross_margin": 28.51,
            "gross_margin_4q_avg": 29.74,
            "net_income": 58504,
            "revenue": 463164,
            "common_shares": 526472,
            "book_valuer_per_share": 28.08,
            "book_valuer_per_share_4q_avg": 27.39,
            "equity": 1478227,
            "current_ratio": 90.48,
            "debt_ratio": 62.18,
            "inventory_turnover_ratio": 0.94,
            "account_receivable_turnover_ratio": 1.22,
            "reinvestment_rate": 261.98,
            "research_to_sale_ratio": 3.8,
            "price_fair": 142.3,
            "eps_avg_yearly": 4.07,
            "eps_latest_yearly": 4.44,
            "eps_growth_yearly": 156.66
        },
        "20174": {
            "year_quarter": 20174,
            "year": 2017,
            "quarter": 4,
            "eps": 1.01,
            "eps_growth_year": -15.04,
            "eps_4q": 3.52,
            "eps_4q_growth_year": -16.32,
            "roe": 3.52,
            "roe_4q": 12.71,
            "gross_profit": 121127,
            "gross_margin": 25.68,
            "gross_margin_4q_avg": 28.16,
            "net_income": 52914,
            "revenue": 471610,
            "common_shares": 526472,
            "book_valuer_per_share": 28.99,
            "book_valuer_per_share_4q_avg": 27.85,
            "equity": 1526505,
            "current_ratio": 118.25,
            "debt_ratio": 61.15,
            "inventory_turnover_ratio": 0.9,
            "account_receivable_turnover_ratio": 1.24,
            "reinvestment_rate": 255.78,
            "research_to_sale_ratio": 4.08,
            "price_fair": 144.9,
            "eps_avg_yearly": 4.14,
            "eps_latest_yearly": 4.04,
            "eps_growth_yearly": 103.29
        },
        "20181": {
            "year_quarter": 20181,
            "year": 2018,
            "quarter": 1,
            "eps": 1.12,
            "eps_growth_year": 86.67,
            "eps_4q": 4.03,
            "eps_4q_growth_year": 7.51,
            "roe": 3.77,
            "roe_4q": 14.280000000000001,
            "gross_profit": 146279,
            "gross_margin": 29.86,
            "gross_margin_4q_avg": 28.25,
            "net_income": 58771,
            "revenue": 489813,
            "common_shares": 526472,
            "book_valuer_per_share": 30.21,
            "book_valuer_per_share_4q_avg": 28.54,
            "equity": 1590613,
            "current_ratio": 102.76,
            "debt_ratio": 61.22,
            "inventory_turnover_ratio": 0.79,
            "account_receivable_turnover_ratio": 1.3,
            "reinvestment_rate": 262.99,
            "research_to_sale_ratio": 3.62,
            "price_fair": 141.8,
            "eps_avg_yearly": 4.05,
            "eps_latest_yearly": 4.48,
            "eps_growth_yearly": 80.5
        },
        "20182": {
            "year_quarter": 20182,
            "year": 2018,
            "quarter": 2,
            "eps": 1.38,
            "eps_growth_year": 72.5,
            "eps_4q": 4.61,
            "eps_4q_growth_year": 32.98,
            "roe": 4.63,
            "roe_4q": 15.96,
            "gross_profit": 163416,
            "gross_margin": 29.73,
            "gross_margin_4q_avg": 28.45,
            "net_income": 72770,
            "revenue": 549680,
            "common_shares": 526472,
            "book_valuer_per_share": 29.56,
            "book_valuer_per_share_4q_avg": 29.21,
            "equity": 1556124,
            "current_ratio": 98.83,
            "debt_ratio": 63.93,
            "inventory_turnover_ratio": 0.79,
            "account_receivable_turnover_ratio": 1.31,
            "reinvestment_rate": 257.8,
            "research_to_sale_ratio": 4.59,
            "price_fair": 147.4,
            "eps_avg_yearly": 4.21,
            "eps_latest_yearly": 5.52,
            "eps_growth_yearly": 99.32
        },
        "20183": {
            "year_quarter": 20183,
            "year": 2018,
            "quarter": 3,
            "eps": 1.48,
            "eps_growth_year": 33.33,
            "eps_4q": 4.99,
            "eps_4q_growth_year": 35,
            "roe": 4.92,
            "roe_4q": 16.84,
            "gross_profit": 182567,
            "gross_margin": 31.49,
            "gross_margin_4q_avg": 29.19,
            "net_income": 78137,
            "revenue": 579852,
            "common_shares": 526472,
            "book_valuer_per_share": 30.79,
            "book_valuer_per_share_4q_avg": 29.89,
            "equity": 1621249,
            "current_ratio": 115.91,
            "debt_ratio": 63.94,
            "inventory_turnover_ratio": 0.75,
            "account_receivable_turnover_ratio": 1.27,
            "reinvestment_rate": 193.19,
            "research_to_sale_ratio": 4.18,
            "price_fair": 151.39,
            "eps_avg_yearly": 4.33,
            "eps_latest_yearly": 5.92,
            "eps_growth_yearly": 94.63
        },
        "20184": {
            "year_quarter": 20184,
            "year": 2018,
            "quarter": 4,
            "eps": 1.73,
            "eps_growth_year": 72.59,
            "eps_4q": 5.72,
            "eps_4q_growth_year": 62.58,
            "roe": 5.48,
            "roe_4q": 18.8,
            "gross_profit": 212261,
            "gross_margin": 32.16,
            "gross_margin_4q_avg": 30.81,
            "net_income": 91326,
            "revenue": 660085,
            "common_shares": 526472,
            "book_valuer_per_share": 32.56,
            "book_valuer_per_share_4q_avg": 30.78,
            "equity": 1714342,
            "current_ratio": 126.37,
            "debt_ratio": 62.68,
            "inventory_turnover_ratio": 0.77,
            "account_receivable_turnover_ratio": 1.34,
            "reinvestment_rate": 179.22,
            "research_to_sale_ratio": 3.47,
            "price_fair": 157.06,
            "eps_avg_yearly": 4.49,
            "eps_latest_yearly": 6.92,
            "eps_growth_yearly": 92.94
        },
        "20191": {
            "year_quarter": 20191,
            "year": 2019,
            "quarter": 1,
            "eps": 1.45,
            "eps_growth_year": 29.46,
            "eps_4q": 6.06,
            "eps_4q_growth_year": 50.14,
            "roe": 4.36,
            "roe_4q": 19.39,
            "gross_profit": 189905,
            "gross_margin": 29.9,
            "gross_margin_4q_avg": 30.82,
            "net_income": 76572,
            "revenue": 635080,
            "common_shares": 526472,
            "book_valuer_per_share": 34.18,
            "book_valuer_per_share_4q_avg": 31.77,
            "equity": 1799309,
            "current_ratio": 124.16,
            "debt_ratio": 61.47,
            "inventory_turnover_ratio": 0.74,
            "account_receivable_turnover_ratio": 1.19,
            "reinvestment_rate": 178.75,
            "research_to_sale_ratio": 3.36,
            "price_fair": 162.05,
            "eps_avg_yearly": 4.63,
            "eps_latest_yearly": 5.8,
            "eps_growth_yearly": 25.89
        },
        "20192": {
            "year_quarter": 20192,
            "year": 2019,
            "quarter": 2,
            "eps": 1.75,
            "eps_growth_year": 26.81,
            "eps_4q": 6.42,
            "eps_4q_growth_year": 39.08,
            "roe": 5.17,
            "roe_4q": 19.93,
            "gross_profit": 218127,
            "gross_margin": 30.52,
            "gross_margin_4q_avg": 31.02,
            "net_income": 91870,
            "revenue": 714743,
            "common_shares": 526472,
            "book_valuer_per_share": 33.32,
            "book_valuer_per_share_4q_avg": 32.71,
            "equity": 1754241,
            "current_ratio": 118.61,
            "debt_ratio": 63.45,
            "inventory_turnover_ratio": 0.83,
            "account_receivable_turnover_ratio": 1.19,
            "reinvestment_rate": 172.76,
            "research_to_sale_ratio": 2.96,
            "price_fair": 169.4,
            "eps_avg_yearly": 4.84,
            "eps_latest_yearly": 7,
            "eps_growth_yearly": 30.22
        },
        "20193": {
            "year_quarter": 20193,
            "year": 2019,
            "quarter": 3,
            "eps": 1.94,
            "eps_growth_year": 31.08,
            "eps_4q": 6.88,
            "eps_4q_growth_year": 37.89,
            "roe": 5.69,
            "roe_4q": 20.7,
            "gross_profit": 234764,
            "gross_margin": 31.01,
            "gross_margin_4q_avg": 30.9,
            "net_income": 102327,
            "revenue": 757162,
            "common_shares": 526472,
            "book_valuer_per_share": 35.04,
            "book_valuer_per_share_4q_avg": 33.78,
            "equity": 1844562,
            "current_ratio": 121.09,
            "debt_ratio": 62.69,
            "inventory_turnover_ratio": 0.88,
            "account_receivable_turnover_ratio": 1.12,
            "reinvestment_rate": 169.42,
            "research_to_sale_ratio": 2.97,
            "price_fair": 158.17,
            "eps_avg_yearly": 5,
            "eps_latest_yearly": 7.76,
            "eps_growth_yearly": 21.67
        },
        "20194": {
            "year_quarter": 20194,
            "year": 2019,
            "quarter": 4,
            "eps": 1.52,
            "eps_growth_year": -12.34,
            "eps_4q": 6.66,
            "eps_4q_growth_year": 16.55,
            "roe": 4.26,
            "roe_4q": 19.48,
            "gross_profit": 205724,
            "gross_margin": 29.01,
            "gross_margin_4q_avg": 30.11,
            "net_income": 80055,
            "revenue": 709205,
            "common_shares": 526472,
            "book_valuer_per_share": 36.38,
            "book_valuer_per_share_4q_avg": 34.73,
            "equity": 1915302,
            "current_ratio": 127.71,
            "debt_ratio": 61.56,
            "inventory_turnover_ratio": 0.81,
            "account_receivable_turnover_ratio": 1.08,
            "reinvestment_rate": 173.12,
            "research_to_sale_ratio": 3.21,
            "price_fair": 123.3,
            "eps_avg_yearly": 5.02,
            "eps_latest_yearly": 6.08,
            "eps_growth_yearly": 14.55
        },
        "20201": {
            "year_quarter": 20201,
            "year": 2020,
            "quarter": 1,
            "eps": 1.4,
            "eps_growth_year": -3.45,
            "eps_4q": 6.61,
            "eps_4q_growth_year": 9.2,
            "roe": 3.92,
            "roe_4q": 19.04,
            "gross_profit": 189597,
            "gross_margin": 29.01,
            "gross_margin_4q_avg": 29.89,
            "net_income": 73871,
            "revenue": 653665,
            "common_shares": 526472,
            "book_valuer_per_share": 35.2,
            "book_valuer_per_share_4q_avg": 34.99,
            "equity": 1853358,
            "current_ratio": 133.28,
            "debt_ratio": 62.33,
            "inventory_turnover_ratio": 0.7,
            "account_receivable_turnover_ratio": 1.09,
            "reinvestment_rate": 170.94,
            "research_to_sale_ratio": 3.17,
            "price_fair": 147.98,
            "eps_avg_yearly": 5.11,
            "eps_latest_yearly": 5.6,
            "eps_growth_yearly": 18.96
        },
        "20202": {
            "year_quarter": 20202,
            "year": 2020,
            "quarter": 2,
            "eps": 0.27,
            "eps_growth_year": -84.57,
            "eps_4q": 5.14,
            "eps_4q_growth_year": -19.92,
            "roe": 0.77,
            "roe_4q": 14.64,
            "gross_profit": 74481,
            "gross_margin": 18.99,
            "gross_margin_4q_avg": 27.01,
            "net_income": 14333,
            "revenue": 392287,
            "common_shares": 526472,
            "book_valuer_per_share": 35.49,
            "book_valuer_per_share_4q_avg": 35.53,
            "equity": 1868297,
            "current_ratio": 177.56,
            "debt_ratio": 60.53,
            "inventory_turnover_ratio": 0.46,
            "account_receivable_turnover_ratio": 0.79,
            "reinvestment_rate": 177.67,
            "research_to_sale_ratio": 4.67,
            "price_fair": 14.72,
            "eps_avg_yearly": 4.91,
            "eps_latest_yearly": 1.08,
            "eps_growth_yearly": -1.93
        },
        "20203": {
            "year_quarter": 20203,
            "year": 2020,
            "quarter": 3,
            "eps": -0.22,
            "eps_growth_year": -111.34,
            "eps_4q": 2.97,
            "eps_4q_growth_year": -56.77,
            "roe": -0.63,
            "roe_4q": 8.32,
            "gross_profit": 19479,
            "gross_margin": 6.21,
            "gross_margin_4q_avg": 20.81,
            "net_income": -11726,
            "revenue": 313817,
            "common_shares": 526472,
            "book_valuer_per_share": 35.58,
            "book_valuer_per_share_4q_avg": 35.66,
            "equity": 1873235,
            "current_ratio": 190.69,
            "debt_ratio": 58.53,
            "inventory_turnover_ratio": 0.45,
            "account_receivable_turnover_ratio": 0.93,
            "reinvestment_rate": 171.13,
            "research_to_sale_ratio": 5.85,
            "price_fair": 63.1,
            "eps_avg_yearly": 5,
            "eps_latest_yearly": 1.08,
            "eps_growth_yearly": 2.63
        },
        "20204": {
            "year_quarter": 20204,
            "year": 2020,
            "quarter": 4,
            "eps": -0.32,
            "eps_growth_year": -120.79,
            "eps_4q": 1.14,
            "eps_4q_growth_year": -82.95,
            "roe": -0.89,
            "roe_4q": 3.17,
            "gross_profit": 42410,
            "gross_margin": 12.32,
            "gross_margin_4q_avg": 16.63,
            "net_income": -16646,
            "revenue": 344262,
            "common_shares": 526472,
            "book_valuer_per_share": 35.58,
            "book_valuer_per_share_4q_avg": 35.46,
            "equity": 1873149,
            "current_ratio": 184.39,
            "debt_ratio": 57.33,
            "inventory_turnover_ratio": 0.54,
            "account_receivable_turnover_ratio": 1.18,
            "reinvestment_rate": 56.68,
            "research_to_sale_ratio": 5.08,
            "price_fair": 15.05,
            "eps_avg_yearly": 5.02,
            "eps_latest_yearly": 1.08,
            "eps_growth_yearly": -6.49
        },
        "20211": {
            "year_quarter": 20211,
            "year": 2021,
            "quarter": 1,
            "eps": -0.47,
            "eps_growth_year": -133.57,
            "eps_4q": -0.73,
            "eps_4q_growth_year": -111.11,
            "roe": -1.33,
            "roe_4q": -2.08,
            "gross_profit": 33672,
            "gross_margin": 10.15,
            "gross_margin_4q_avg": 11.92,
            "net_income": -24633,
            "revenue": 331792,
            "common_shares": 526472,
            "book_valuer_per_share": 34.72,
            "book_valuer_per_share_4q_avg": 35.34,
            "equity": 1827969,
            "current_ratio": 203.39,
            "debt_ratio": 57.73,
            "inventory_turnover_ratio": 0.6,
            "account_receivable_turnover_ratio": 1.18,
            "reinvestment_rate": 48.89,
            "research_to_sale_ratio": 5.62,
            "price_fair": 94.61,
            "eps_avg_yearly": 5.22,
            "eps_latest_yearly": 1.08,
            "eps_growth_yearly": 8.13
        },
        "20212": {
            "year_quarter": 20212,
            "year": 2021,
            "quarter": 2,
            "eps": -0.84,
            "eps_growth_year": -411.11,
            "eps_4q": -1.85,
            "eps_4q_growth_year": -135.99,
            "roe": -2.46,
            "roe_4q": -5.31,
            "gross_profit": 9440,
            "gross_margin": 3.03,
            "gross_margin_4q_avg": 7.93,
            "net_income": -44374,
            "revenue": 311106,
            "common_shares": 526472,
            "book_valuer_per_share": 33.93,
            "book_valuer_per_share_4q_avg": 34.95,
            "equity": 1786400,
            "current_ratio": 177.66,
            "debt_ratio": 58.44,
            "inventory_turnover_ratio": 0.62,
            "account_receivable_turnover_ratio": 1.14,
            "reinvestment_rate": 45.21,
            "research_to_sale_ratio": 6.72,
            "price_fair": 16.16,
            "eps_avg_yearly": 5.39,
            "eps_latest_yearly": 1.08,
            "eps_growth_yearly": -2.3
        },
        "20213": {
            "year_quarter": 20213,
            "year": 2021,
            "quarter": 3,
            "eps": -0.62,
            "eps_growth_year": null,
            "eps_4q": -2.25,
            "eps_4q_growth_year": -175.65,
            "roe": -1.85,
            "roe_4q": -6.53,
            "gross_profit": 36415,
            "gross_margin": 10.16,
            "gross_margin_4q_avg": 8.92,
            "net_income": -32772,
            "revenue": 358576,
            "common_shares": 526472,
            "book_valuer_per_share": 33.41,
            "book_valuer_per_share_4q_avg": 34.41,
            "equity": 1758926,
            "current_ratio": 162.15,
            "debt_ratio": 58.64,
            "inventory_turnover_ratio": 0.63,
            "account_receivable_turnover_ratio": 1.17,
            "reinvestment_rate": 39.98,
            "research_to_sale_ratio": 5.85,
            "price_fair": 16.42,
            "eps_avg_yearly": 5.47,
            "eps_latest_yearly": 1.08,
            "eps_growth_yearly": -16.6
        },
        "20214": {
            "year_quarter": 20214,
            "year": 2021,
            "quarter": 4,
            "eps": 0.1,
            "eps_growth_year": null,
            "eps_4q": -1.84,
            "eps_4q_growth_year": -261.67,
            "roe": 0.29,
            "roe_4q": -5.35,
            "gross_profit": 86561,
            "gross_margin": 20.38,
            "gross_margin_4q_avg": 10.93,
            "net_income": 5050,
            "revenue": 424731,
            "common_shares": 526472,
            "book_valuer_per_share": 33.7,
            "book_valuer_per_share_4q_avg": 33.94,
            "equity": 1774199,
            "current_ratio": 163.48,
            "debt_ratio": 58.79,
            "inventory_turnover_ratio": 0.61,
            "account_receivable_turnover_ratio": 1.23,
            "reinvestment_rate": 31.96,
            "research_to_sale_ratio": 5.3,
            "price_fair": 16.85,
            "eps_avg_yearly": 5.62,
            "eps_latest_yearly": 1.08,
            "eps_growth_yearly": -14.66
        },
        "20221": {
            "year_quarter": 20221,
            "year": 2022,
            "quarter": 1,
            "eps": -0.44,
            "eps_growth_year": null,
            "eps_4q": -1.81,
            "eps_4q_growth_year": null,
            "roe": -1.32,
            "roe_4q": -5.34,
            "gross_profit": 74388,
            "gross_margin": 17.52,
            "gross_margin_4q_avg": 12.77,
            "net_income": -23342,
            "revenue": 424627,
            "common_shares": 526472,
            "book_valuer_per_share": 33.54,
            "book_valuer_per_share_4q_avg": 33.65,
            "equity": 1765877,
            "current_ratio": 159.07,
            "debt_ratio": 58.69,
            "inventory_turnover_ratio": 0.58,
            "account_receivable_turnover_ratio": 1.14,
            "reinvestment_rate": 15.5,
            "research_to_sale_ratio": 5.05,
            "price_fair": 17.23,
            "eps_avg_yearly": 5.74,
            "eps_latest_yearly": 1.08,
            "eps_growth_yearly": -21.13
        },
        "20222": {
            "year_quarter": 20222,
            "year": 2022,
            "quarter": 2,
            "eps": 0.94,
            "eps_growth_year": null,
            "eps_4q": -0.03,
            "eps_4q_growth_year": null,
            "roe": 2.77,
            "roe_4q": -0.1100000000000001,
            "gross_profit": 109728,
            "gross_margin": 22.07,
            "gross_margin_4q_avg": 17.53,
            "net_income": 49597,
            "revenue": 497171,
            "common_shares": 526472,
            "book_valuer_per_share": 34.44,
            "book_valuer_per_share_4q_avg": 33.77,
            "equity": 1813004,
            "current_ratio": 154.89,
            "debt_ratio": 57.81,
            "inventory_turnover_ratio": 0.64,
            "account_receivable_turnover_ratio": 1.18,
            "reinvestment_rate": -8.69,
            "research_to_sale_ratio": 3.82,
            "price_fair": 17.31,
            "eps_avg_yearly": 5.77,
            "eps_latest_yearly": 1.08,
            "eps_growth_yearly": -35.38
        },
        "20223": {
            "year_quarter": 20223,
            "year": 2022,
            "quarter": 3,
            "eps": 1.04,
            "eps_growth_year": null,
            "eps_4q": 1.64,
            "eps_4q_growth_year": null,
            "roe": 2.98,
            "roe_4q": 4.72,
            "gross_profit": 146703,
            "gross_margin": 24.93,
            "gross_margin_4q_avg": 21.23,
            "net_income": 54910,
            "revenue": 588494,
            "common_shares": 526472,
            "book_valuer_per_share": 35.59,
            "book_valuer_per_share_4q_avg": 34.32,
            "equity": 1873584,
            "current_ratio": 146.16,
            "debt_ratio": 57.75,
            "inventory_turnover_ratio": 0.69,
            "account_receivable_turnover_ratio": 1.19,
            "reinvestment_rate": -34.03,
            "research_to_sale_ratio": 4.2,
            "price_fair": 16.65,
            "eps_avg_yearly": 5.55,
            "eps_latest_yearly": 4.16,
            "eps_growth_yearly": -33.68
        },
        "20224": {
            "year_quarter": 20224,
            "year": 2022,
            "quarter": 4,
            "eps": 1.31,
            "eps_growth_year": 1262.57,
            "eps_4q": 2.85,
            "eps_4q_growth_year": null,
            "roe": 3.6,
            "roe_4q": 8.03,
            "gross_profit": 180815,
            "gross_margin": 26.49,
            "gross_margin_4q_avg": 22.75,
            "net_income": 68810,
            "revenue": 682629,
            "common_shares": 526472,
            "book_valuer_per_share": 36.99,
            "book_valuer_per_share_4q_avg": 35.14,
            "equity": 1947259,
            "current_ratio": 143.43,
            "debt_ratio": 57.42,
            "inventory_turnover_ratio": 0.7,
            "account_receivable_turnover_ratio": 1.23,
            "reinvestment_rate": -52.25,
            "research_to_sale_ratio": 7.76,
            "price_fair": 16.02,
            "eps_avg_yearly": 5.34,
            "eps_latest_yearly": 5.24,
            "eps_growth_yearly": -29.15
        },
        "20231": {
            "year_quarter": 20231,
            "year": 2023,
            "quarter": 1,
            "eps": 1.27,
            "eps_growth_year": null,
            "eps_4q": 4.56,
            "eps_4q_growth_year": null,
            "roe": 3.42,
            "roe_4q": 12.77,
            "gross_profit": 188670,
            "gross_margin": 27.09,
            "gross_margin_4q_avg": 25.15,
            "net_income": 66919,
            "revenue": 696479,
            "common_shares": 526592,
            "book_valuer_per_share": 37.38,
            "book_valuer_per_share_4q_avg": 36.1,
            "equity": 1968495,
            "current_ratio": 134.48,
            "debt_ratio": 57.21,
            "inventory_turnover_ratio": 0.64,
            "account_receivable_turnover_ratio": 1.19,
            "reinvestment_rate": -68.65,
            "research_to_sale_ratio": 3.46,
            "price_fair": 15.75,
            "eps_avg_yearly": 5.25,
            "eps_latest_yearly": 5.08,
            "eps_growth_yearly": -22.58
        }
    },
    "months": {
        "2002-02": {
            "month": "2002-02",
            "price": "40.17",
            "revenue": 56020
        },
        "2002-03": {
            "month": "2002-03",
            "price": "36.06",
            "revenue": 71214
        },
        "2002-04": {
            "month": "2002-04",
            "price": "31.37",
            "revenue": 74025
        },
        "2002-05": {
            "month": "2002-05",
            "price": "28.27",
            "revenue": 61841
        },
        "2002-06": {
            "month": "2002-06",
            "price": "24.48",
            "revenue": 70458
        },
        "2002-07": {
            "month": "2002-07",
            "price": "19.85",
            "revenue": 60538
        },
        "2002-08": {
            "month": "2002-08",
            "price": "16.64",
            "revenue": 84823
        },
        "2002-09": {
            "month": "2002-09",
            "price": "16.74",
            "revenue": 101368
        },
        "2002-10": {
            "month": "2002-10",
            "price": "17.60",
            "revenue": 127264
        },
        "2002-11": {
            "month": "2002-11",
            "price": "17.90",
            "revenue": 93581
        },
        "2002-12": {
            "month": "2002-12",
            "price": "23.46",
            "revenue": 136487
        },
        "2003-01": {
            "month": "2003-01",
            "price": "41.32",
            "revenue": 138352
        },
        "2003-02": {
            "month": "2003-02",
            "price": "39.92",
            "revenue": 90230
        },
        "2003-03": {
            "month": "2003-03",
            "price": "28.51",
            "revenue": 138210
        },
        "2003-04": {
            "month": "2003-04",
            "price": "23.63",
            "revenue": 109863
        },
        "2003-05": {
            "month": "2003-05",
            "price": "19.77",
            "revenue": 109881
        },
        "2003-06": {
            "month": "2003-06",
            "price": "23.98",
            "revenue": 108842
        },
        "2003-07": {
            "month": "2003-07",
            "price": "25.95",
            "revenue": 122087
        },
        "2003-08": {
            "month": "2003-08",
            "price": "26.88",
            "revenue": 125342
        },
        "2003-09": {
            "month": "2003-09",
            "price": "26.03",
            "revenue": 126425
        },
        "2003-10": {
            "month": "2003-10",
            "price": "28.22",
            "revenue": 122813
        },
        "2003-11": {
            "month": "2003-11",
            "price": "27.05",
            "revenue": 108117
        },
        "2003-12": {
            "month": "2003-12",
            "price": "27.04",
            "revenue": 174601
        },
        "2004-01": {
            "month": "2004-01",
            "price": "29.94",
            "revenue": 100029
        },
        "2004-02": {
            "month": "2004-02",
            "price": "35.74",
            "revenue": 132582
        },
        "2004-03": {
            "month": "2004-03",
            "price": "27.70",
            "revenue": 116755
        },
        "2004-04": {
            "month": "2004-04",
            "price": "24.82",
            "revenue": 111419
        },
        "2004-05": {
            "month": "2004-05",
            "price": "19.32",
            "revenue": 108598
        },
        "2004-06": {
            "month": "2004-06",
            "price": "22.58",
            "revenue": 92300
        },
        "2004-07": {
            "month": "2004-07",
            "price": "23.75",
            "revenue": 112697
        },
        "2004-08": {
            "month": "2004-08",
            "price": "20.07",
            "revenue": 95647
        },
        "2004-09": {
            "month": "2004-09",
            "price": "8.43",
            "revenue": 89855
        },
        "2004-10": {
            "month": "2004-10",
            "price": "3.05",
            "revenue": 72704
        },
        "2005-01": {
            "month": "2005-01",
            "price": "2.45",
            "revenue": 63715
        },
        "2005-02": {
            "month": "2005-02",
            "price": "2.72",
            "revenue": 51969
        },
        "2005-03": {
            "month": "2005-03",
            "price": "2.78",
            "revenue": 69942
        },
        "2005-04": {
            "month": "2005-04",
            "price": "2.59",
            "revenue": 62715
        },
        "2005-05": {
            "month": "2005-05",
            "price": "2.59",
            "revenue": 56798
        },
        "2005-06": {
            "month": "2005-06",
            "price": "2.59",
            "revenue": 47527
        },
        "2005-07": {
            "month": "2005-07",
            "price": "2.55",
            "revenue": 57669
        },
        "2005-08": {
            "month": "2005-08",
            "price": "2.50",
            "revenue": 50007
        },
        "2005-09": {
            "month": "2005-09",
            "price": "1.88",
            "revenue": 60336
        },
        "2005-10": {
            "month": "2005-10",
            "price": "1.72",
            "revenue": 63836
        },
        "2005-11": {
            "month": "2005-11",
            "price": "1.43",
            "revenue": 75354
        },
        "2005-12": {
            "month": "2005-12",
            "price": "1.90",
            "revenue": 72460
        },
        "2006-01": {
            "month": "2006-01",
            "price": "1.91",
            "revenue": 50813
        },
        "2006-02": {
            "month": "2006-02",
            "price": "1.94",
            "revenue": 59990
        },
        "2006-03": {
            "month": "2006-03",
            "price": "1.95",
            "revenue": 73780
        },
        "2006-04": {
            "month": "2006-04",
            "price": "1.85",
            "revenue": 47342
        },
        "2006-05": {
            "month": "2006-05",
            "price": "1.94",
            "revenue": 52061
        },
        "2006-06": {
            "month": "2006-06",
            "price": "1.77",
            "revenue": 54409
        },
        "2006-07": {
            "month": "2006-07",
            "price": "1.83",
            "revenue": 50019
        },
        "2006-08": {
            "month": "2006-08",
            "price": "1.76",
            "revenue": 60817
        },
        "2006-09": {
            "month": "2006-09",
            "price": "1.84",
            "revenue": 57207
        },
        "2006-10": {
            "month": "2006-10",
            "price": "1.70",
            "revenue": 56360
        },
        "2006-11": {
            "month": "2006-11",
            "price": "1.58",
            "revenue": 52351
        },
        "2006-12": {
            "month": "2006-12",
            "price": "1.94",
            "revenue": 59530
        },
        "2007-01": {
            "month": "2007-01",
            "price": "2.16",
            "revenue": 66013
        },
        "2007-02": {
            "month": "2007-02",
            "price": "2.05",
            "revenue": 53222
        },
        "2007-03": {
            "month": "2007-03",
            "price": "2.98",
            "revenue": 61338
        },
        "2007-04": {
            "month": "2007-04",
            "price": "3.45",
            "revenue": 57900
        },
        "2007-05": {
            "month": "2007-05",
            "price": "3.20",
            "revenue": 58946
        },
        "2007-06": {
            "month": "2007-06",
            "price": "3.06",
            "revenue": 75563
        },
        "2007-07": {
            "month": "2007-07",
            "price": "3.57",
            "revenue": 53392
        },
        "2007-08": {
            "month": "2007-08",
            "price": "3.26",
            "revenue": 56767
        },
        "2007-09": {
            "month": "2007-09",
            "price": "3.06",
            "revenue": 60547
        },
        "2007-10": {
            "month": "2007-10",
            "price": "3.04",
            "revenue": 65190
        },
        "2007-11": {
            "month": "2007-11",
            "price": "2.83",
            "revenue": 66900
        },
        "2007-12": {
            "month": "2007-12",
            "price": "2.66",
            "revenue": 92061
        },
        "2008-01": {
            "month": "2008-01",
            "price": "2.77",
            "revenue": 45853
        },
        "2008-02": {
            "month": "2008-02",
            "price": "2.48",
            "revenue": 51302
        },
        "2008-03": {
            "month": "2008-03",
            "price": "2.32",
            "revenue": 65857
        },
        "2008-04": {
            "month": "2008-04",
            "price": "2.51",
            "revenue": 69842
        },
        "2008-05": {
            "month": "2008-05",
            "price": "2.50",
            "revenue": 63653
        },
        "2008-06": {
            "month": "2008-06",
            "price": "2.44",
            "revenue": 99576
        },
        "2008-07": {
            "month": "2008-07",
            "price": "2.08",
            "revenue": 70834
        },
        "2008-08": {
            "month": "2008-08",
            "price": "2.01",
            "revenue": 47665
        },
        "2008-09": {
            "month": "2008-09",
            "price": "1.58",
            "revenue": 104290
        },
        "2008-10": {
            "month": "2008-10",
            "price": "13.52",
            "revenue": 41343
        },
        "2008-11": {
            "month": "2008-11",
            "price": "10.51",
            "revenue": 40578
        },
        "2008-12": {
            "month": "2008-12",
            "price": "7.52",
            "revenue": 96465
        },
        "2009-01": {
            "month": "2009-01",
            "price": "5.16",
            "revenue": 45370
        },
        "2009-02": {
            "month": "2009-02",
            "price": "6.67",
            "revenue": 37227
        },
        "2009-03": {
            "month": "2009-03",
            "price": "9.24",
            "revenue": 84315
        },
        "2009-04": {
            "month": "2009-04",
            "price": "7.07",
            "revenue": 72299
        },
        "2009-05": {
            "month": "2009-05",
            "price": "5.68",
            "revenue": 42457
        },
        "2009-06": {
            "month": "2009-06",
            "price": "5.57",
            "revenue": 79656
        },
        "2009-07": {
            "month": "2009-07",
            "price": "5.61",
            "revenue": 46267
        },
        "2009-08": {
            "month": "2009-08",
            "price": "6.87",
            "revenue": 44950
        },
        "2009-09": {
            "month": "2009-09",
            "price": "7.30",
            "revenue": 95036
        },
        "2009-10": {
            "month": "2009-10",
            "price": "8.22",
            "revenue": 35773
        },
        "2009-11": {
            "month": "2009-11",
            "price": "7.77",
            "revenue": 43624
        },
        "2009-12": {
            "month": "2009-12",
            "price": "8.15",
            "revenue": 105930
        },
        "2010-01": {
            "month": "2010-01",
            "price": "7.62",
            "revenue": 55312
        },
        "2010-02": {
            "month": "2010-02",
            "price": "7.19",
            "revenue": 49886
        },
        "2010-03": {
            "month": "2010-03",
            "price": "9.12",
            "revenue": 104842
        },
        "2010-04": {
            "month": "2010-04",
            "price": "11.47",
            "revenue": 45478
        },
        "2010-05": {
            "month": "2010-05",
            "price": "15.55",
            "revenue": 45872
        },
        "2010-06": {
            "month": "2010-06",
            "price": "14.42",
            "revenue": 103791
        },
        "2010-07": {
            "month": "2010-07",
            "price": "14.51",
            "revenue": 56869
        },
        "2010-08": {
            "month": "2010-08",
            "price": "15.13",
            "revenue": 45309
        },
        "2010-09": {
            "month": "2010-09",
            "price": "15.44",
            "revenue": 120508
        },
        "2010-10": {
            "month": "2010-10",
            "price": "17.54",
            "revenue": 38697
        },
        "2010-11": {
            "month": "2010-11",
            "price": "21.13",
            "revenue": 45721
        },
        "2010-12": {
            "month": "2010-12",
            "price": "20.39",
            "revenue": 137289
        },
        "2011-01": {
            "month": "2011-01",
            "price": "20.20",
            "revenue": 47051
        },
        "2011-02": {
            "month": "2011-02",
            "price": "19.94",
            "revenue": 46364
        },
        "2011-03": {
            "month": "2011-03",
            "price": "20.85",
            "revenue": 114606
        },
        "2011-04": {
            "month": "2011-04",
            "price": "21.80",
            "revenue": 47590
        },
        "2011-05": {
            "month": "2011-05",
            "price": "21.76",
            "revenue": 52451
        },
        "2011-06": {
            "month": "2011-06",
            "price": "20.22",
            "revenue": 130463
        },
        "2011-07": {
            "month": "2011-07",
            "price": "21.61",
            "revenue": 51334
        },
        "2011-08": {
            "month": "2011-08",
            "price": "26.02",
            "revenue": 48742
        },
        "2011-09": {
            "month": "2011-09",
            "price": "26.75",
            "revenue": 130953
        },
        "2011-10": {
            "month": "2011-10",
            "price": "29.45",
            "revenue": 58149
        },
        "2011-11": {
            "month": "2011-11",
            "price": "29.67",
            "revenue": 55269
        },
        "2011-12": {
            "month": "2011-12",
            "price": "27.52",
            "revenue": 181753
        },
        "2012-01": {
            "month": "2012-01",
            "price": "29.20",
            "revenue": 74444
        },
        "2012-02": {
            "month": "2012-02",
            "price": "35.39",
            "revenue": 86584
        },
        "2012-03": {
            "month": "2012-03",
            "price": "50.08",
            "revenue": 163371
        },
        "2012-04": {
            "month": "2012-04",
            "price": "52.08",
            "revenue": 74120
        },
        "2012-05": {
            "month": "2012-05",
            "price": "44.23",
            "revenue": 66871
        },
        "2012-06": {
            "month": "2012-06",
            "price": "38.28",
            "revenue": 161885
        },
        "2012-07": {
            "month": "2012-07",
            "price": "44.60",
            "revenue": 69241
        },
        "2012-08": {
            "month": "2012-08",
            "price": "47.23",
            "revenue": 75987
        },
        "2012-09": {
            "month": "2012-09",
            "price": "46.10",
            "revenue": 166234
        },
        "2012-10": {
            "month": "2012-10",
            "price": "43.02",
            "revenue": 61686
        },
        "2012-11": {
            "month": "2012-11",
            "price": "39.92",
            "revenue": 57054
        },
        "2012-12": {
            "month": "2012-12",
            "price": "40.54",
            "revenue": 197228
        },
        "2013-01": {
            "month": "2013-01",
            "price": "42.56",
            "revenue": 55920
        },
        "2013-02": {
            "month": "2013-02",
            "price": "40.56",
            "revenue": 53787
        },
        "2013-03": {
            "month": "2013-03",
            "price": "42.11",
            "revenue": 189994
        },
        "2013-04": {
            "month": "2013-04",
            "price": "41.35",
            "revenue": 59283
        },
        "2013-05": {
            "month": "2013-05",
            "price": "41.07",
            "revenue": 55826
        },
        "2013-06": {
            "month": "2013-06",
            "price": "40.07",
            "revenue": 135156
        },
        "2013-07": {
            "month": "2013-07",
            "price": "39.37",
            "revenue": 68833
        },
        "2013-08": {
            "month": "2013-08",
            "price": "38.70",
            "revenue": 87895
        },
        "2013-09": {
            "month": "2013-09",
            "price": "38.88",
            "revenue": 81462
        },
        "2013-10": {
            "month": "2013-10",
            "price": "39.49",
            "revenue": 100622
        },
        "2013-11": {
            "month": "2013-11",
            "price": "37.25",
            "revenue": 67939
        },
        "2013-12": {
            "month": "2013-12",
            "price": "38.24",
            "revenue": 107708
        },
        "2014-01": {
            "month": "2014-01",
            "price": "36.48",
            "revenue": 84830
        },
        "2014-02": {
            "month": "2014-02",
            "price": "36.22",
            "revenue": 126409
        },
        "2014-03": {
            "month": "2014-03",
            "price": "49.70",
            "revenue": 136922
        },
        "2014-04": {
            "month": "2014-04",
            "price": "63.08",
            "revenue": 104549
        },
        "2014-05": {
            "month": "2014-05",
            "price": "66.73",
            "revenue": 98039
        },
        "2014-06": {
            "month": "2014-06",
            "price": "81.86",
            "revenue": 132058
        },
        "2014-07": {
            "month": "2014-07",
            "price": "76.95",
            "revenue": 100692
        },
        "2014-08": {
            "month": "2014-08",
            "price": "67.73",
            "revenue": 101702
        },
        "2014-09": {
            "month": "2014-09",
            "price": "65.26",
            "revenue": 145425
        },
        "2014-10": {
            "month": "2014-10",
            "price": "56.72",
            "revenue": 109219
        },
        "2014-11": {
            "month": "2014-11",
            "price": "50.06",
            "revenue": 87347
        },
        "2014-12": {
            "month": "2014-12",
            "price": "48.43",
            "revenue": 149343
        },
        "2015-01": {
            "month": "2015-01",
            "price": "49.09",
            "revenue": 108600
        },
        "2015-02": {
            "month": "2015-02",
            "price": "43.42",
            "revenue": 103588
        },
        "2015-03": {
            "month": "2015-03",
            "price": "47.67",
            "revenue": 142847
        },
        "2015-04": {
            "month": "2015-04",
            "price": "44.54",
            "revenue": 131510
        },
        "2015-05": {
            "month": "2015-05",
            "price": "47.17",
            "revenue": 112266
        },
        "2015-06": {
            "month": "2015-06",
            "price": "44.21",
            "revenue": 126720
        },
        "2015-07": {
            "month": "2015-07",
            "price": "43.11",
            "revenue": 140574
        },
        "2015-08": {
            "month": "2015-08",
            "price": "38.89",
            "revenue": 109187
        },
        "2015-09": {
            "month": "2015-09",
            "price": "40.28",
            "revenue": 124159
        },
        "2015-10": {
            "month": "2015-10",
            "price": "43.88",
            "revenue": 142855
        },
        "2015-11": {
            "month": "2015-11",
            "price": "52.94",
            "revenue": 146125
        },
        "2015-12": {
            "month": "2015-12",
            "price": "57.04",
            "revenue": 154164
        },
        "2016-01": {
            "month": "2016-01",
            "price": "52.31",
            "revenue": 131372
        },
        "2016-02": {
            "month": "2016-02",
            "price": "58.59",
            "revenue": 118255
        },
        "2016-03": {
            "month": "2016-03",
            "price": "60.99",
            "revenue": 164144
        },
        "2016-04": {
            "month": "2016-04",
            "price": "65.34",
            "revenue": 141603
        },
        "2016-05": {
            "month": "2016-05",
            "price": "62.75",
            "revenue": 131475
        },
        "2016-06": {
            "month": "2016-06",
            "price": "62.88",
            "revenue": 128197
        },
        "2016-07": {
            "month": "2016-07",
            "price": "59.54",
            "revenue": 123713
        },
        "2016-08": {
            "month": "2016-08",
            "price": "57.87",
            "revenue": 143986
        },
        "2016-09": {
            "month": "2016-09",
            "price": "58.46",
            "revenue": 143897
        },
        "2016-10": {
            "month": "2016-10",
            "price": "57.68",
            "revenue": 136046
        },
        "2016-11": {
            "month": "2016-11",
            "price": "51.61",
            "revenue": 133360
        },
        "2016-12": {
            "month": "2016-12",
            "price": "49.76",
            "revenue": 141888
        },
        "2017-01": {
            "month": "2017-01",
            "price": "50.58",
            "revenue": 117853
        },
        "2017-02": {
            "month": "2017-02",
            "price": "52.62",
            "revenue": 119706
        },
        "2017-03": {
            "month": "2017-03",
            "price": "51.09",
            "revenue": 161312
        },
        "2017-04": {
            "month": "2017-04",
            "price": "49.14",
            "revenue": 137193
        },
        "2017-05": {
            "month": "2017-05",
            "price": "49.24",
            "revenue": 125604
        },
        "2017-06": {
            "month": "2017-06",
            "price": "51.46",
            "revenue": 151606
        },
        "2017-07": {
            "month": "2017-07",
            "price": "49.92",
            "revenue": 144491
        },
        "2017-08": {
            "month": "2017-08",
            "price": "48.46",
            "revenue": 162230
        },
        "2017-09": {
            "month": "2017-09",
            "price": "47.97",
            "revenue": 156443
        },
        "2017-10": {
            "month": "2017-10",
            "price": "47.06",
            "revenue": 144340
        },
        "2017-11": {
            "month": "2017-11",
            "price": "47.43",
            "revenue": 150502
        },
        "2017-12": {
            "month": "2017-12",
            "price": "51.29",
            "revenue": 176767
        },
        "2018-01": {
            "month": "2018-01",
            "price": "51.65",
            "revenue": 141536
        },
        "2018-02": {
            "month": "2018-02",
            "price": "48.27",
            "revenue": 152643
        },
        "2018-03": {
            "month": "2018-03",
            "price": "52.18",
            "revenue": 195634
        },
        "2018-04": {
            "month": "2018-04",
            "price": "55.07",
            "revenue": 175488
        },
        "2018-05": {
            "month": "2018-05",
            "price": "55.86",
            "revenue": 179745
        },
        "2018-06": {
            "month": "2018-06",
            "price": "58.55",
            "revenue": 194447
        },
        "2018-07": {
            "month": "2018-07",
            "price": "61.44",
            "revenue": 177200
        },
        "2018-08": {
            "month": "2018-08",
            "price": "58.93",
            "revenue": 202886
        },
        "2018-09": {
            "month": "2018-09",
            "price": "55.58",
            "revenue": 199766
        },
        "2018-10": {
            "month": "2018-10",
            "price": "55.04",
            "revenue": 214601
        },
        "2018-11": {
            "month": "2018-11",
            "price": "57.91",
            "revenue": 213841
        },
        "2018-12": {
            "month": "2018-12",
            "price": "60.13",
            "revenue": 231644
        },
        "2019-01": {
            "month": "2019-01",
            "price": "74.14",
            "revenue": 215570
        },
        "2019-02": {
            "month": "2019-02",
            "price": "79.63",
            "revenue": 211714
        },
        "2019-03": {
            "month": "2019-03",
            "price": "99.62",
            "revenue": 207796
        },
        "2019-04": {
            "month": "2019-04",
            "price": "85.40",
            "revenue": 225153
        },
        "2019-05": {
            "month": "2019-05",
            "price": "82.54",
            "revenue": 255046
        },
        "2019-06": {
            "month": "2019-06",
            "price": "87.51",
            "revenue": 234543
        },
        "2019-07": {
            "month": "2019-07",
            "price": "90.67",
            "revenue": 254444
        },
        "2019-08": {
            "month": "2019-08",
            "price": "95.96",
            "revenue": 246918
        },
        "2019-09": {
            "month": "2019-09",
            "price": "97.92",
            "revenue": 255799
        },
        "2019-10": {
            "month": "2019-10",
            "price": "98.73",
            "revenue": 245370
        },
        "2019-11": {
            "month": "2019-11",
            "price": "97.86",
            "revenue": 235286
        },
        "2019-12": {
            "month": "2019-12",
            "price": "91.89",
            "revenue": 228549
        },
        "2020-01": {
            "month": "2020-01",
            "price": "85.13",
            "revenue": 223618
        },
        "2020-02": {
            "month": "2020-02",
            "price": "79.76",
            "revenue": 214325
        },
        "2020-03": {
            "month": "2020-03",
            "price": "57.94",
            "revenue": 215721
        },
        "2020-04": {
            "month": "2020-04",
            "price": "55.08",
            "revenue": 145974
        },
        "2020-05": {
            "month": "2020-05",
            "price": "55.86",
            "revenue": 115790
        },
        "2020-06": {
            "month": "2020-06",
            "price": "59.69",
            "revenue": 130524
        },
        "2020-07": {
            "month": "2020-07",
            "price": "55.63",
            "revenue": 110750
        },
        "2020-08": {
            "month": "2020-08",
            "price": "53.24",
            "revenue": 117802
        },
        "2020-09": {
            "month": "2020-09",
            "price": "52.41",
            "revenue": 85263
        },
        "2020-10": {
            "month": "2020-10",
            "price": "49.83",
            "revenue": 82026
        },
        "2020-11": {
            "month": "2020-11",
            "price": "53.09",
            "revenue": 102561
        },
        "2020-12": {
            "month": "2020-12",
            "price": "57.14",
            "revenue": 159675
        },
        "2021-01": {
            "month": "2021-01",
            "price": "54.38",
            "revenue": 105170
        },
        "2021-02": {
            "month": "2021-02",
            "price": "53.97",
            "revenue": 99727
        },
        "2021-03": {
            "month": "2021-03",
            "price": "62.03",
            "revenue": 126895
        },
        "2021-04": {
            "month": "2021-04",
            "price": "61.43",
            "revenue": 89725
        },
        "2021-05": {
            "month": "2021-05",
            "price": "52.28",
            "revenue": 107407
        },
        "2021-06": {
            "month": "2021-06",
            "price": "62.15",
            "revenue": 113975
        },
        "2021-07": {
            "month": "2021-07",
            "price": "60.20",
            "revenue": 107263
        },
        "2021-08": {
            "month": "2021-08",
            "price": "56.19",
            "revenue": 118411
        },
        "2021-09": {
            "month": "2021-09",
            "price": "55.32",
            "revenue": 132902
        },
        "2021-10": {
            "month": "2021-10",
            "price": "58.56",
            "revenue": 135361
        },
        "2021-11": {
            "month": "2021-11",
            "price": "60.92",
            "revenue": 113771
        },
        "2021-12": {
            "month": "2021-12",
            "price": "57.81",
            "revenue": 175598
        },
        "2022-01": {
            "month": "2022-01",
            "price": "59.01",
            "revenue": 142391
        },
        "2022-02": {
            "month": "2022-02",
            "price": "61.03",
            "revenue": 135038
        },
        "2022-03": {
            "month": "2022-03",
            "price": "58.31",
            "revenue": 147198
        },
        "2022-04": {
            "month": "2022-04",
            "price": "57.72",
            "revenue": 121758
        },
        "2022-05": {
            "month": "2022-05",
            "price": "53.21",
            "revenue": 194937
        },
        "2022-06": {
            "month": "2022-06",
            "price": "59.82",
            "revenue": 180475
        },
        "2022-07": {
            "month": "2022-07",
            "price": "60.42",
            "revenue": 181311
        },
        "2022-08": {
            "month": "2022-08",
            "price": "63.20",
            "revenue": 209199
        },
        "2022-09": {
            "month": "2022-09",
            "price": "72.85",
            "revenue": 197985
        },
        "2022-10": {
            "month": "2022-10",
            "price": "63.46",
            "revenue": 214330
        },
        "2022-11": {
            "month": "2022-11",
            "price": "64.93",
            "revenue": 214410
        },
        "2022-12": {
            "month": "2022-12",
            "price": "72.23",
            "revenue": 253889
        },
        "2023-01": {
            "month": "2023-01",
            "price": "77.16",
            "revenue": 207402
        },
        "2023-02": {
            "month": "2023-02",
            "price": "82.17",
            "revenue": 225892
        },
        "2023-03": {
            "month": "2023-03",
            "price": "86.64",
            "revenue": 263184
        },
        "2023-04": {
            "month": "2023-04",
            "price": "101.89",
            "revenue": 231592
        },
        "2023-05": {
            "month": "2023-05",
            "price": "100.16",
            "revenue": 234238
        }
    }
}
