{
    "summary": {
        "stock_name": "神基",
        "stock_id": "3005",
        "category": "電腦及週邊設備",
        "main_business": "一般投資業",
        "website_url": "https://www.getacgroup.com",
        "ceo": "黃明漢",
        "pe_ratio": 17,
        "report_year_from": 2001,
        "report_year_to": 2023,
        "age": 23,
        "eps_negative_percentage": 0,
        "eps_growth_avg": {
            "last_all": 12.55,
            "last_2y": 11.51,
            "last_4y": 10.06,
            "last_8y": 18.74,
            "last_12y": 16.8,
            "last_16y": 14.21,
            "last_20y": 12.69,
            "at_2006_last_3y": 6.22,
            "at_2007_last_3y": 52.98,
            "at_2008_last_3y": 18.08,
            "at_2009_last_3y": 3.48,
            "at_2010_last_3y": 5.8,
            "at_2011_last_3y": -28.81,
            "at_2012_last_3y": -24.22,
            "at_2013_last_3y": -24.7,
            "at_2014_last_3y": 12.45,
            "at_2015_last_3y": 33.33,
            "at_2016_last_3y": 55.65,
            "at_2017_last_3y": 51.16,
            "at_2018_last_3y": 29.57,
            "at_2019_last_3y": 17.21,
            "at_2020_last_3y": 5.25,
            "at_2021_last_3y": 23.27,
            "at_2022_last_3y": 9.65,
            "at_2023_last_3y": 13.69,
            "at_2024_last_3y": 13.69,
            "at_2006_last_all": 6.89,
            "at_2007_last_all": 22.41,
            "at_2008_last_all": 13.55,
            "at_2009_last_all": 13.29,
            "at_2010_last_all": 6.41,
            "at_2011_last_all": 1.92,
            "at_2012_last_all": -0.19,
            "at_2013_last_all": 0.62,
            "at_2014_last_all": 8.27,
            "at_2015_last_all": 10.89,
            "at_2016_last_all": 14.7,
            "at_2017_last_all": 13.26,
            "at_2018_last_all": 13.28,
            "at_2019_last_all": 12.3,
            "at_2020_last_all": 12.71,
            "at_2021_last_all": 15.26,
            "at_2022_last_all": 12.59,
            "at_2023_last_all": 12.55,
            "at_2024_last_all": 12.55
        },
        "latest_eps": 6.48,
        "latest_price": 111,
        "latest_roe": 18.65,
        "latest_gross_margin": 29.4,
        "latest_equity": 23411720,
        "latest_revenue": 9036279,
        "latest_gross_profit": 2656698,
        "latest_net_income": 1160775,
        "latest_debt_ratio": 42.33,
        "latest_current_ratio": 193.38,
        "latest_account_receivable_turnover_ratio": 1.08,
        "latest_inventory_turnover_ratio": 1.13,
        "latest_reinvestment_rate": 18.15,
        "latest_research_to_sale_ratio": 4.98
    },
    "eps_dividends": {
        "2001": {
            "cash": 0,
            "stock": 0.5,
            "eps": 3.03
        },
        "2002": {
            "cash": 1,
            "stock": 1,
            "eps": 3.32
        },
        "2003": {
            "cash": 1,
            "stock": 1,
            "eps": 0.43
        },
        "2004": {
            "cash": 0.2,
            "stock": 0,
            "eps": 1.79
        },
        "2005": {
            "cash": 0.47,
            "stock": 0.28,
            "eps": 3.04
        },
        "2006": {
            "cash": 0.84,
            "stock": 0.42,
            "eps": 1.28
        },
        "2007": {
            "cash": 0.6,
            "stock": 0,
            "eps": 3.76
        },
        "2008": {
            "cash": 1.4,
            "stock": 0,
            "eps": 2.27
        },
        "2009": {
            "cash": 1,
            "stock": 0,
            "eps": 2.53
        },
        "2010": {
            "cash": 1.18,
            "stock": 0,
            "eps": 1.3
        },
        "2011": {
            "cash": 1.1,
            "stock": 0,
            "eps": 0.8
        },
        "2012": {
            "cash": 0,
            "stock": 0,
            "eps": 0.63
        },
        "2013": {
            "cash": 0.5,
            "stock": 0,
            "eps": 0.69
        },
        "2014": {
            "cash": 1,
            "stock": 0,
            "eps": 1.51
        },
        "2015": {
            "cash": 1.3,
            "stock": 0,
            "eps": 2.19
        },
        "2016": {
            "cash": 2,
            "stock": 0,
            "eps": 3.68
        },
        "2017": {
            "cash": 3,
            "stock": 0,
            "eps": 3.37
        },
        "2018": {
            "cash": 2.5,
            "stock": 0,
            "eps": 3.83
        },
        "2019": {
            "cash": 3,
            "stock": 0,
            "eps": 3.66
        },
        "2020": {
            "cash": 2.8,
            "stock": 0,
            "eps": 4.4
        },
        "2021": {
            "cash": 3.6,
            "stock": 0,
            "eps": 7.2
        },
        "2022": {
            "cash": 3.6,
            "stock": 0,
            "eps": 4.26
        },
        "2023": {
            "cash": 7.6,
            "stock": 0,
            "eps": 4.76
        }
    },
    "dividends": {
        "2001-05-10": {
            "cash": 0,
            "stock": 0.5
        },
        "2002-05-10": {
            "cash": 1,
            "stock": 1
        },
        "2003-04-07": {
            "cash": 1,
            "stock": 1
        },
        "2004-04-01": {
            "cash": 0.2,
            "stock": 0
        },
        "2005-04-01": {
            "cash": 0.47,
            "stock": 0.28
        },
        "2006-03-06": {
            "cash": 0.84,
            "stock": 0.42
        },
        "2007-03-13": {
            "cash": 0.6,
            "stock": 0
        },
        "2008-04-21": {
            "cash": 1.4,
            "stock": 0
        },
        "2009-04-23": {
            "cash": 1,
            "stock": 0
        },
        "2010-04-26": {
            "cash": 1.18,
            "stock": 0
        },
        "2011-01-01": {
            "cash": 0.7,
            "stock": 0
        },
        "2011-04-20": {
            "cash": 0.4,
            "stock": 0
        },
        "2013-05-06": {
            "cash": 0.5,
            "stock": 0
        },
        "2014-09-26": {
            "cash": 1,
            "stock": 0
        },
        "2015-09-18": {
            "cash": 1.3,
            "stock": 0
        },
        "2016-08-19": {
            "cash": 2,
            "stock": 0
        },
        "2017-08-23": {
            "cash": 3,
            "stock": 0
        },
        "2018-08-29": {
            "cash": 2.5,
            "stock": 0
        },
        "2019-07-31": {
            "cash": 3,
            "stock": 0
        },
        "2020-04-24": {
            "cash": 2.8,
            "stock": 0
        },
        "2021-04-28": {
            "cash": 3.6,
            "stock": 0
        },
        "2022-04-27": {
            "cash": 3.6,
            "stock": 0
        },
        "2023-02-24": {
            "cash": 3.8,
            "stock": 0
        },
        "2023-04-27": {
            "cash": 3.8,
            "stock": 0
        }
    },
    "prices": {
        "200101": "無",
        "200102": "無",
        "200103": "無",
        "200104": "無",
        "200105": "無",
        "200106": "無",
        "200107": "無",
        "200108": "無",
        "200109": "無",
        "200110": "無",
        "200111": "無",
        "200112": "無",
        "200201": "無",
        "200202": "40.07",
        "200203": "50.30",
        "200204": "54.14",
        "200205": "46.99",
        "200206": "38.82",
        "200207": "32.78",
        "200208": "36.10",
        "200209": "38.00",
        "200210": "32.90",
        "200211": "33.01",
        "200212": "29.19",
        "200301": "27.86",
        "200302": "25.98",
        "200303": "22.45",
        "200304": "21.25",
        "200305": "17.86",
        "200306": "20.58",
        "200307": "19.85",
        "200308": "17.71",
        "200309": "16.57",
        "200310": "15.07",
        "200311": "15.69",
        "200312": "15.97",
        "200401": "16.75",
        "200402": "17.01",
        "200403": "16.35",
        "200404": "15.83",
        "200405": "14.18",
        "200406": "13.98",
        "200407": "13.26",
        "200408": "13.01",
        "200409": "14.49",
        "200410": "14.00",
        "200411": "13.95",
        "200412": "14.25",
        "200501": "15.97",
        "200502": "17.45",
        "200503": "19.50",
        "200504": "23.40",
        "200505": "23.59",
        "200506": "25.26",
        "200507": "25.39",
        "200508": "24.51",
        "200509": "26.32",
        "200510": "26.95",
        "200511": "23.98",
        "200512": "24.89",
        "200601": "24.89",
        "200602": "24.93",
        "200603": "20.19",
        "200604": "17.15",
        "200605": "16.31",
        "200606": "13.38",
        "200607": "12.21",
        "200608": "11.92",
        "200609": "10.89",
        "200610": "11.96",
        "200611": "13.06",
        "200612": "14.62",
        "200701": "14.85",
        "200702": "14.32",
        "200703": "16.63",
        "200704": "28.05",
        "200705": "33.70",
        "200706": "39.81",
        "200707": "42.40",
        "200708": "38.03",
        "200709": "38.58",
        "200710": "42.04",
        "200711": "30.99",
        "200712": "24.88",
        "200801": "22.36",
        "200802": "21.96",
        "200803": "23.78",
        "200804": "25.45",
        "200805": "25.62",
        "200806": "21.33",
        "200807": "18.46",
        "200808": "17.20",
        "200809": "13.21",
        "200810": "13.25",
        "200811": "11.81",
        "200812": "12.80",
        "200901": "13.85",
        "200902": "13.41",
        "200903": "14.46",
        "200904": "16.23",
        "200905": "20.07",
        "200906": "18.37",
        "200907": "23.03",
        "200908": "29.28",
        "200909": "29.93",
        "200910": "31.73",
        "200911": "29.89",
        "200912": "29.59",
        "201001": "28.21",
        "201002": "24.54",
        "201003": "25.67",
        "201004": "25.56",
        "201005": "20.86",
        "201006": "19.68",
        "201007": "19.63",
        "201008": "19.55",
        "201009": "17.96",
        "201010": "18.44",
        "201011": "17.36",
        "201012": "18.56",
        "201101": "18.46",
        "201102": "17.47",
        "201103": "16.29",
        "201104": "15.34",
        "201105": "13.88",
        "201106": "13.91",
        "201107": "13.43",
        "201108": "16.64",
        "201109": "18.52",
        "201110": "17.42",
        "201111": "15.78",
        "201112": "14.08",
        "201201": "14.11",
        "201202": "16.66",
        "201203": "23.96",
        "201204": "24.02",
        "201205": "22.45",
        "201206": "23.60",
        "201207": "23.06",
        "201208": "22.11",
        "201209": "21.53",
        "201210": "18.00",
        "201211": "14.27",
        "201212": "15.65",
        "201301": "15.70",
        "201302": "14.82",
        "201303": "15.05",
        "201304": "14.25",
        "201305": "15.81",
        "201306": "15.38",
        "201307": "15.37",
        "201308": "14.74",
        "201309": "14.76",
        "201310": "15.98",
        "201311": "14.68",
        "201312": "14.90",
        "201401": "15.51",
        "201402": "15.28",
        "201403": "16.78",
        "201404": "16.96",
        "201405": "16.29",
        "201406": "16.83",
        "201407": "17.00",
        "201408": "16.78",
        "201409": "15.98",
        "201410": "15.10",
        "201411": "15.64",
        "201412": "16.68",
        "201501": "18.84",
        "201502": "18.58",
        "201503": "18.89",
        "201504": "19.05",
        "201505": "20.30",
        "201506": "23.04",
        "201507": "22.60",
        "201508": "20.07",
        "201509": "20.18",
        "201510": "21.82",
        "201511": "21.88",
        "201512": "20.57",
        "201601": "19.32",
        "201602": "20.60",
        "201603": "21.81",
        "201604": "22.24",
        "201605": "22.12",
        "201606": "22.72",
        "201607": "23.83",
        "201608": "25.82",
        "201609": "33.42",
        "201610": "39.83",
        "201611": "38.82",
        "201612": "37.88",
        "201701": "43.14",
        "201702": "45.44",
        "201703": "44.15",
        "201704": "39.99",
        "201705": "40.12",
        "201706": "40.21",
        "201707": "41.19",
        "201708": "41.00",
        "201709": "42.16",
        "201710": "42.55",
        "201711": "41.24",
        "201712": "42.69",
        "201801": "44.16",
        "201802": "42.55",
        "201803": "43.22",
        "201804": "43.71",
        "201805": "42.55",
        "201806": "44.60",
        "201807": "45.61",
        "201808": "41.87",
        "201809": "40.14",
        "201810": "37.84",
        "201811": "37.50",
        "201812": "39.70",
        "201901": "42.93",
        "201902": "46.01",
        "201903": "50.72",
        "201904": "47.66",
        "201905": "43.29",
        "201906": "45.32",
        "201907": "44.79",
        "201908": "47.46",
        "201909": "47.37",
        "201910": "48.76",
        "201911": "47.71",
        "201912": "46.73",
        "202001": "47.54",
        "202002": "50.45",
        "202003": "45.78",
        "202004": "43.18",
        "202005": "44.98",
        "202006": "43.42",
        "202007": "42.93",
        "202008": "44.66",
        "202009": "46.81",
        "202010": "47.10",
        "202011": "47.89",
        "202012": "48.50",
        "202101": "48.42",
        "202102": "49.89",
        "202103": "61.80",
        "202104": "57.74",
        "202105": "51.88",
        "202106": "52.31",
        "202107": "55.45",
        "202108": "53.36",
        "202109": "52.65",
        "202110": "51.06",
        "202111": "54.04",
        "202112": "54.09",
        "202201": "54.89",
        "202202": "57.52",
        "202203": "55.34",
        "202204": "46.91",
        "202205": "45.14",
        "202206": "43.32",
        "202207": "42.85",
        "202208": "46.45",
        "202209": "44.75",
        "202210": "40.64",
        "202211": "40.76",
        "202212": "43.34",
        "202301": "44.61",
        "202302": "47.39",
        "202303": "55.57",
        "202304": "57.64",
        "202305": "63.95",
        "202306": "71.08",
        "202307": "68.02",
        "202308": "67.85",
        "202309": "74.87",
        "202310": "76.36",
        "202311": "88.87",
        "202312": "105.62"
    },
    "quarters": {
        "20011": {
            "year_quarter": 20011,
            "year": 2001,
            "quarter": 1,
            "eps": 0.42,
            "eps_growth_year": null,
            "eps_4q": null,
            "eps_4q_growth_year": null,
            "roe": 3.02,
            "roe_4q": 3.02,
            "gross_profit": 295336,
            "gross_margin": 7.77,
            "gross_margin_4q_avg": 7.77,
            "net_income": 76946,
            "net_income_4q": null,
            "revenue": 3801311,
            "revenue_4q": null,
            "common_shares": 1833000,
            "book_valuer_per_share": 14.1,
            "book_valuer_per_share_4q_avg": 14.1,
            "equity": 2584797,
            "current_ratio": 155.28,
            "debt_ratio": 52.71,
            "inventory_turnover_ratio": 1.61,
            "account_receivable_turnover_ratio": null,
            "reinvestment_rate": null,
            "research_to_sale_ratio": null,
            "price_fair": 0,
            "eps_avg_yearly": 0,
            "eps_latest_yearly": 0,
            "eps_growth_yearly": 0
        },
        "20012": {
            "year_quarter": 20012,
            "year": 2001,
            "quarter": 2,
            "eps": 0.67,
            "eps_growth_year": null,
            "eps_4q": null,
            "eps_4q_growth_year": null,
            "roe": 4.89,
            "roe_4q": 7.91,
            "gross_profit": 349398,
            "gross_margin": 10.04,
            "gross_margin_4q_avg": 8.91,
            "net_income": 130030,
            "net_income_4q": null,
            "revenue": 3479967,
            "revenue_4q": null,
            "common_shares": 1833000,
            "book_valuer_per_share": 14.89,
            "book_valuer_per_share_4q_avg": 14.5,
            "equity": 2728575,
            "current_ratio": 170.31,
            "debt_ratio": 47.16,
            "inventory_turnover_ratio": 1.64,
            "account_receivable_turnover_ratio": null,
            "reinvestment_rate": null,
            "research_to_sale_ratio": null,
            "price_fair": 0,
            "eps_avg_yearly": 0,
            "eps_latest_yearly": 0,
            "eps_growth_yearly": 0
        },
        "20013": {
            "year_quarter": 20013,
            "year": 2001,
            "quarter": 3,
            "eps": 0.9,
            "eps_growth_year": null,
            "eps_4q": null,
            "eps_4q_growth_year": null,
            "roe": 6.24,
            "roe_4q": 14.149999999999999,
            "gross_profit": 406836,
            "gross_margin": 9.6,
            "gross_margin_4q_avg": 9.14,
            "net_income": 174961,
            "net_income_4q": null,
            "revenue": 4237280,
            "revenue_4q": null,
            "common_shares": 1833000,
            "book_valuer_per_share": 15.68,
            "book_valuer_per_share_4q_avg": 14.89,
            "equity": 2874755,
            "current_ratio": 167.93,
            "debt_ratio": 48.08,
            "inventory_turnover_ratio": 2.45,
            "account_receivable_turnover_ratio": null,
            "reinvestment_rate": null,
            "research_to_sale_ratio": null,
            "price_fair": 0,
            "eps_avg_yearly": 0,
            "eps_latest_yearly": 0,
            "eps_growth_yearly": 0
        },
        "20014": {
            "year_quarter": 20014,
            "year": 2001,
            "quarter": 4,
            "eps": 1.04,
            "eps_growth_year": null,
            "eps_4q": 3,
            "eps_4q_growth_year": null,
            "roe": 6.77,
            "roe_4q": 20.919999999999998,
            "gross_profit": 478458,
            "gross_margin": 8.48,
            "gross_margin_4q_avg": 8.97,
            "net_income": 202655,
            "net_income_4q": null,
            "revenue": 5644003,
            "revenue_4q": null,
            "common_shares": 1943321,
            "book_valuer_per_share": 16.01,
            "book_valuer_per_share_4q_avg": 15.17,
            "equity": 3111624,
            "current_ratio": 166.76,
            "debt_ratio": 49.85,
            "inventory_turnover_ratio": 3.36,
            "account_receivable_turnover_ratio": null,
            "reinvestment_rate": null,
            "research_to_sale_ratio": null,
            "price_fair": 0,
            "eps_avg_yearly": 0,
            "eps_latest_yearly": 0,
            "eps_growth_yearly": 0
        },
        "20021": {
            "year_quarter": 20021,
            "year": 2002,
            "quarter": 1,
            "eps": 0.97,
            "eps_growth_year": 130.95,
            "eps_4q": 3.59,
            "eps_4q_growth_year": null,
            "roe": 5.86,
            "roe_4q": 23.759999999999998,
            "gross_profit": 520012,
            "gross_margin": 8.01,
            "gross_margin_4q_avg": 9.03,
            "net_income": 188003,
            "net_income_4q": null,
            "revenue": 6488794,
            "revenue_4q": null,
            "common_shares": 1943321,
            "book_valuer_per_share": 16.98,
            "book_valuer_per_share_4q_avg": 15.89,
            "equity": 3299653,
            "current_ratio": 181.6,
            "debt_ratio": 46.98,
            "inventory_turnover_ratio": 4.17,
            "account_receivable_turnover_ratio": null,
            "reinvestment_rate": null,
            "research_to_sale_ratio": null,
            "price_fair": 11.64,
            "eps_avg_yearly": 3.88,
            "eps_latest_yearly": 3.88,
            "eps_growth_yearly": -26.92
        },
        "20022": {
            "year_quarter": 20022,
            "year": 2002,
            "quarter": 2,
            "eps": 1.35,
            "eps_growth_year": 101.49,
            "eps_4q": 3.93,
            "eps_4q_growth_year": null,
            "roe": 8.87,
            "roe_4q": 27.740000000000002,
            "gross_profit": 419452,
            "gross_margin": 9.08,
            "gross_margin_4q_avg": 8.79,
            "net_income": 296496,
            "net_income_4q": null,
            "revenue": 4618397,
            "revenue_4q": null,
            "common_shares": 1943321,
            "book_valuer_per_share": 17.44,
            "book_valuer_per_share_4q_avg": 16.53,
            "equity": 3388966,
            "current_ratio": 184.21,
            "debt_ratio": 49.86,
            "inventory_turnover_ratio": 2.65,
            "account_receivable_turnover_ratio": null,
            "reinvestment_rate": null,
            "research_to_sale_ratio": null,
            "price_fair": 162.4,
            "eps_avg_yearly": 4.64,
            "eps_latest_yearly": 5.4,
            "eps_growth_yearly": 64.89
        },
        "20023": {
            "year_quarter": 20023,
            "year": 2002,
            "quarter": 3,
            "eps": 0.36,
            "eps_growth_year": -60,
            "eps_4q": 3.51,
            "eps_4q_growth_year": null,
            "roe": 2.28,
            "roe_4q": 23.779999999999998,
            "gross_profit": 374785,
            "gross_margin": 7.87,
            "gross_margin_4q_avg": 8.36,
            "net_income": 78454,
            "net_income_4q": null,
            "revenue": 4760885,
            "revenue_4q": null,
            "common_shares": 2190266,
            "book_valuer_per_share": 15.91,
            "book_valuer_per_share_4q_avg": 16.59,
            "equity": 3485338,
            "current_ratio": 175.96,
            "debt_ratio": 50.04,
            "inventory_turnover_ratio": 2.09,
            "account_receivable_turnover_ratio": null,
            "reinvestment_rate": null,
            "research_to_sale_ratio": null,
            "price_fair": 10.72,
            "eps_avg_yearly": 3.57,
            "eps_latest_yearly": 1.44,
            "eps_growth_yearly": -54.52
        },
        "20024": {
            "year_quarter": 20024,
            "year": 2002,
            "quarter": 4,
            "eps": 0.64,
            "eps_growth_year": -38.46,
            "eps_4q": 3.22,
            "eps_4q_growth_year": 7.45,
            "roe": 3.92,
            "roe_4q": 20.93,
            "gross_profit": 599678,
            "gross_margin": 9.25,
            "gross_margin_4q_avg": 8.55,
            "net_income": 139455,
            "net_income_4q": null,
            "revenue": 6480220,
            "revenue_4q": null,
            "common_shares": 2190266,
            "book_valuer_per_share": 16.54,
            "book_valuer_per_share_4q_avg": 16.72,
            "equity": 3622669,
            "current_ratio": 176.25,
            "debt_ratio": 49.57,
            "inventory_turnover_ratio": 2.81,
            "account_receivable_turnover_ratio": null,
            "reinvestment_rate": null,
            "research_to_sale_ratio": null,
            "price_fair": 116.2,
            "eps_avg_yearly": 3.32,
            "eps_latest_yearly": 2.56,
            "eps_growth_yearly": 36.89
        },
        "20031": {
            "year_quarter": 20031,
            "year": 2003,
            "quarter": 1,
            "eps": 0,
            "eps_growth_year": -100,
            "eps_4q": 2.35,
            "eps_4q_growth_year": -34.43,
            "roe": 0.03,
            "roe_4q": 15.099999999999998,
            "gross_profit": 325950,
            "gross_margin": 7.94,
            "gross_margin_4q_avg": 8.54,
            "net_income": 1036,
            "net_income_4q": null,
            "revenue": 4102832,
            "revenue_4q": null,
            "common_shares": 2190266,
            "book_valuer_per_share": 16.54,
            "book_valuer_per_share_4q_avg": 16.61,
            "equity": 3623644,
            "current_ratio": 242,
            "debt_ratio": 50.19,
            "inventory_turnover_ratio": 2.11,
            "account_receivable_turnover_ratio": null,
            "reinvestment_rate": null,
            "research_to_sale_ratio": null,
            "price_fair": 116.2,
            "eps_avg_yearly": 3.32,
            "eps_latest_yearly": 2.56,
            "eps_growth_yearly": 36.89
        },
        "20032": {
            "year_quarter": 20032,
            "year": 2003,
            "quarter": 2,
            "eps": 0.02,
            "eps_growth_year": -98.52,
            "eps_4q": 0.89,
            "eps_4q_growth_year": -77.43,
            "roe": 0.14,
            "roe_4q": 6.369999999999999,
            "gross_profit": 333539,
            "gross_margin": 7.2,
            "gross_margin_4q_avg": 8.07,
            "net_income": 5056,
            "net_income_4q": null,
            "revenue": 4634205,
            "revenue_4q": null,
            "common_shares": 2190266,
            "book_valuer_per_share": 15.55,
            "book_valuer_per_share_4q_avg": 16.14,
            "equity": 3406226,
            "current_ratio": 199.54,
            "debt_ratio": 57.04,
            "inventory_turnover_ratio": 2.15,
            "account_receivable_turnover_ratio": null,
            "reinvestment_rate": null,
            "research_to_sale_ratio": null,
            "price_fair": 116.2,
            "eps_avg_yearly": 3.32,
            "eps_latest_yearly": 2.56,
            "eps_growth_yearly": 36.89
        },
        "20033": {
            "year_quarter": 20033,
            "year": 2003,
            "quarter": 3,
            "eps": 0.17,
            "eps_growth_year": -52.78,
            "eps_4q": 0.75,
            "eps_4q_growth_year": -78.65,
            "roe": 1.25,
            "roe_4q": 5.34,
            "gross_profit": 521473,
            "gross_margin": 7.47,
            "gross_margin_4q_avg": 7.97,
            "net_income": 42649,
            "net_income_4q": null,
            "revenue": 6982369,
            "revenue_4q": null,
            "common_shares": 2472509,
            "book_valuer_per_share": 13.91,
            "book_valuer_per_share_4q_avg": 15.64,
            "equity": 3439062,
            "current_ratio": 148.53,
            "debt_ratio": 69.69,
            "inventory_turnover_ratio": 1.99,
            "account_receivable_turnover_ratio": null,
            "reinvestment_rate": null,
            "research_to_sale_ratio": null,
            "price_fair": 97.72,
            "eps_avg_yearly": 2.79,
            "eps_latest_yearly": 0.68,
            "eps_growth_yearly": 629.51
        },
        "20034": {
            "year_quarter": 20034,
            "year": 2003,
            "quarter": 4,
            "eps": 0.24,
            "eps_growth_year": -62.5,
            "eps_4q": 0.43,
            "eps_4q_growth_year": -86.56,
            "roe": 1.75,
            "roe_4q": 3.17,
            "gross_profit": 621857,
            "gross_margin": 6.74,
            "gross_margin_4q_avg": 7.34,
            "net_income": 60560,
            "net_income_4q": null,
            "revenue": 9220835,
            "revenue_4q": null,
            "common_shares": 2472509,
            "book_valuer_per_share": 14.16,
            "book_valuer_per_share_4q_avg": 15.04,
            "equity": 3500460,
            "current_ratio": 144.64,
            "debt_ratio": 70.84,
            "inventory_turnover_ratio": 2.24,
            "account_receivable_turnover_ratio": null,
            "reinvestment_rate": null,
            "research_to_sale_ratio": null,
            "price_fair": 87.03,
            "eps_avg_yearly": 2.49,
            "eps_latest_yearly": 0.96,
            "eps_growth_yearly": 552.04
        },
        "20041": {
            "year_quarter": 20041,
            "year": 2004,
            "quarter": 1,
            "eps": 0.35,
            "eps_growth_year": null,
            "eps_4q": 0.79,
            "eps_4q_growth_year": -66.54,
            "roe": 2.48,
            "roe_4q": 5.62,
            "gross_profit": 483894,
            "gross_margin": 7.25,
            "gross_margin_4q_avg": 7.17,
            "net_income": 86619,
            "net_income_4q": null,
            "revenue": 6674036,
            "revenue_4q": null,
            "common_shares": 2472509,
            "book_valuer_per_share": 14.13,
            "book_valuer_per_share_4q_avg": 14.44,
            "equity": 3492731,
            "current_ratio": 145.59,
            "debt_ratio": 70.41,
            "inventory_turnover_ratio": 1.91,
            "account_receivable_turnover_ratio": null,
            "reinvestment_rate": null,
            "research_to_sale_ratio": null,
            "price_fair": 81.6,
            "eps_avg_yearly": 2.33,
            "eps_latest_yearly": 1.4,
            "eps_growth_yearly": 499.37
        },
        "20042": {
            "year_quarter": 20042,
            "year": 2004,
            "quarter": 2,
            "eps": 0.47,
            "eps_growth_year": 2250,
            "eps_4q": 1.26,
            "eps_4q_growth_year": 41.79,
            "roe": 3.24,
            "roe_4q": 8.72,
            "gross_profit": 550128,
            "gross_margin": 7.24,
            "gross_margin_4q_avg": 7.18,
            "net_income": 113458,
            "net_income_4q": null,
            "revenue": 7600780,
            "revenue_4q": null,
            "common_shares": 2472509,
            "book_valuer_per_share": 14.23,
            "book_valuer_per_share_4q_avg": 14.11,
            "equity": 3519301,
            "current_ratio": 198.53,
            "debt_ratio": 60.84,
            "inventory_turnover_ratio": 2.22,
            "account_receivable_turnover_ratio": null,
            "reinvestment_rate": null,
            "research_to_sale_ratio": null,
            "price_fair": 79.63,
            "eps_avg_yearly": 2.28,
            "eps_latest_yearly": 1.88,
            "eps_growth_yearly": 454.09
        },
        "20043": {
            "year_quarter": 20043,
            "year": 2004,
            "quarter": 3,
            "eps": 0.47,
            "eps_growth_year": 176.47,
            "eps_4q": 1.54,
            "eps_4q_growth_year": 105.92,
            "roe": 3.2,
            "roe_4q": 10.67,
            "gross_profit": 601681,
            "gross_margin": 6.16,
            "gross_margin_4q_avg": 6.85,
            "net_income": 113983,
            "net_income_4q": null,
            "revenue": 9769329,
            "revenue_4q": null,
            "common_shares": 2472509,
            "book_valuer_per_share": 14.56,
            "book_valuer_per_share_4q_avg": 14.27,
            "equity": 3599463,
            "current_ratio": 176.42,
            "debt_ratio": 65.07,
            "inventory_turnover_ratio": 2.75,
            "account_receivable_turnover_ratio": null,
            "reinvestment_rate": null,
            "research_to_sale_ratio": null,
            "price_fair": 78.09,
            "eps_avg_yearly": 2.23,
            "eps_latest_yearly": 1.88,
            "eps_growth_yearly": 403.64
        },
        "20044": {
            "year_quarter": 20044,
            "year": 2004,
            "quarter": 4,
            "eps": 0.5,
            "eps_growth_year": 108.33,
            "eps_4q": 1.79,
            "eps_4q_growth_year": 312.9,
            "roe": 3.33,
            "roe_4q": 12.25,
            "gross_profit": 806000,
            "gross_margin": 8.68,
            "gross_margin_4q_avg": 7.33,
            "net_income": 121867,
            "net_income_4q": null,
            "revenue": 9281551,
            "revenue_4q": null,
            "common_shares": 2472509,
            "book_valuer_per_share": 15.06,
            "book_valuer_per_share_4q_avg": 14.5,
            "equity": 3724027,
            "current_ratio": 171.46,
            "debt_ratio": 65.31,
            "inventory_turnover_ratio": 2.65,
            "account_receivable_turnover_ratio": null,
            "reinvestment_rate": -28.14,
            "research_to_sale_ratio": null,
            "price_fair": 77.28,
            "eps_avg_yearly": 2.21,
            "eps_latest_yearly": 2,
            "eps_growth_yearly": 365.83
        },
        "20051": {
            "year_quarter": 20051,
            "year": 2005,
            "quarter": 1,
            "eps": 0.53,
            "eps_growth_year": 51.43,
            "eps_4q": 1.99,
            "eps_4q_growth_year": 153.32,
            "roe": 3.34,
            "roe_4q": 13.110000000000001,
            "gross_profit": 665248,
            "gross_margin": 7.88,
            "gross_margin_4q_avg": 7.49,
            "net_income": 126388,
            "net_income_4q": null,
            "revenue": 8442808,
            "revenue_4q": null,
            "common_shares": 2472509,
            "book_valuer_per_share": 15.51,
            "book_valuer_per_share_4q_avg": 14.84,
            "equity": 3835852,
            "current_ratio": 186.25,
            "debt_ratio": 61.86,
            "inventory_turnover_ratio": 2.67,
            "account_receivable_turnover_ratio": null,
            "reinvestment_rate": -25.63,
            "research_to_sale_ratio": null,
            "price_fair": 77,
            "eps_avg_yearly": 2.2,
            "eps_latest_yearly": 2.12,
            "eps_growth_yearly": 334.75
        },
        "20052": {
            "year_quarter": 20052,
            "year": 2005,
            "quarter": 2,
            "eps": 0.58,
            "eps_growth_year": 23.4,
            "eps_4q": 2.03,
            "eps_4q_growth_year": 61.59,
            "roe": 3.6,
            "roe_4q": 13.469999999999999,
            "gross_profit": 705568,
            "gross_margin": 8.59,
            "gross_margin_4q_avg": 7.83,
            "net_income": 144881,
            "net_income_4q": null,
            "revenue": 8212620,
            "revenue_4q": null,
            "common_shares": 2636411,
            "book_valuer_per_share": 15.96,
            "book_valuer_per_share_4q_avg": 15.27,
            "equity": 4206837,
            "current_ratio": 174.97,
            "debt_ratio": 58.07,
            "inventory_turnover_ratio": 2.7,
            "account_receivable_turnover_ratio": null,
            "reinvestment_rate": -24.6,
            "research_to_sale_ratio": null,
            "price_fair": 77.35,
            "eps_avg_yearly": 2.21,
            "eps_latest_yearly": 2.32,
            "eps_growth_yearly": 310
        },
        "20053": {
            "year_quarter": 20053,
            "year": 2005,
            "quarter": 3,
            "eps": 0.75,
            "eps_growth_year": 59.57,
            "eps_4q": 2.26,
            "eps_4q_growth_year": 46.3,
            "roe": 4.28,
            "roe_4q": 14.55,
            "gross_profit": 698837,
            "gross_margin": 7.79,
            "gross_margin_4q_avg": 8.24,
            "net_income": 195282,
            "net_income_4q": null,
            "revenue": 8976399,
            "revenue_4q": null,
            "common_shares": 2911359,
            "book_valuer_per_share": 16.92,
            "book_valuer_per_share_4q_avg": 15.86,
            "equity": 4925663,
            "current_ratio": 178.22,
            "debt_ratio": 54.73,
            "inventory_turnover_ratio": 2.5,
            "account_receivable_turnover_ratio": null,
            "reinvestment_rate": -22.31,
            "research_to_sale_ratio": null,
            "price_fair": 79.48,
            "eps_avg_yearly": 2.27,
            "eps_latest_yearly": 3,
            "eps_growth_yearly": 295.17
        },
        "20054": {
            "year_quarter": 20054,
            "year": 2005,
            "quarter": 4,
            "eps": 1.18,
            "eps_growth_year": 136,
            "eps_4q": 2.93,
            "eps_4q_growth_year": 63.86,
            "roe": 6.07,
            "roe_4q": 17.29,
            "gross_profit": 954822,
            "gross_margin": 7.58,
            "gross_margin_4q_avg": 7.96,
            "net_income": 314477,
            "net_income_4q": null,
            "revenue": 12590095,
            "revenue_4q": null,
            "common_shares": 3016639,
            "book_valuer_per_share": 17.99,
            "book_valuer_per_share_4q_avg": 16.6,
            "equity": 5428260,
            "current_ratio": 149.47,
            "debt_ratio": 59.5,
            "inventory_turnover_ratio": 2.96,
            "account_receivable_turnover_ratio": null,
            "reinvestment_rate": 38.56,
            "research_to_sale_ratio": null,
            "price_fair": 85.6,
            "eps_avg_yearly": 2.45,
            "eps_latest_yearly": 4.72,
            "eps_growth_yearly": 290.47
        },
        "20061": {
            "year_quarter": 20061,
            "year": 2006,
            "quarter": 1,
            "eps": 0.16,
            "eps_growth_year": -69.81,
            "eps_4q": 2.38,
            "eps_4q_growth_year": 19.43,
            "roe": 0.84,
            "roe_4q": 14.790000000000001,
            "gross_profit": 505461,
            "gross_margin": 6.17,
            "gross_margin_4q_avg": 7.53,
            "net_income": 47132,
            "net_income_4q": null,
            "revenue": 8197090,
            "revenue_4q": null,
            "common_shares": 3053784,
            "book_valuer_per_share": 18.82,
            "book_valuer_per_share_4q_avg": 17.42,
            "equity": 5746028,
            "current_ratio": 191.5,
            "debt_ratio": 49.38,
            "inventory_turnover_ratio": 2.44,
            "account_receivable_turnover_ratio": null,
            "reinvestment_rate": -18.68,
            "research_to_sale_ratio": null,
            "price_fair": 77.5,
            "eps_avg_yearly": 2.21,
            "eps_latest_yearly": 0.64,
            "eps_growth_yearly": 267.7
        },
        "20062": {
            "year_quarter": 20062,
            "year": 2006,
            "quarter": 2,
            "eps": 0.21,
            "eps_growth_year": -63.79,
            "eps_4q": 1.98,
            "eps_4q_growth_year": -2.29,
            "roe": 1.2,
            "roe_4q": 12.39,
            "gross_profit": 499104,
            "gross_margin": 5.69,
            "gross_margin_4q_avg": 6.81,
            "net_income": 65936,
            "net_income_4q": null,
            "revenue": 8774209,
            "revenue_4q": null,
            "common_shares": 3054979,
            "book_valuer_per_share": 17.16,
            "book_valuer_per_share_4q_avg": 17.72,
            "equity": 5243180,
            "current_ratio": 180.87,
            "debt_ratio": 52.34,
            "inventory_turnover_ratio": 3.74,
            "account_receivable_turnover_ratio": null,
            "reinvestment_rate": 0.81,
            "research_to_sale_ratio": null,
            "price_fair": 66.1,
            "eps_avg_yearly": 1.89,
            "eps_latest_yearly": 0.84,
            "eps_growth_yearly": 265.43
        },
        "20063": {
            "year_quarter": 20063,
            "year": 2006,
            "quarter": 3,
            "eps": 0.39,
            "eps_growth_year": -48,
            "eps_4q": 1.77,
            "eps_4q_growth_year": -21.75,
            "roe": 2.27,
            "roe_4q": 10.379999999999999,
            "gross_profit": 610132,
            "gross_margin": 10.25,
            "gross_margin_4q_avg": 7.42,
            "net_income": 120976,
            "net_income_4q": null,
            "revenue": 5952662,
            "revenue_4q": null,
            "common_shares": 3200383,
            "book_valuer_per_share": 16.96,
            "book_valuer_per_share_4q_avg": 17.73,
            "equity": 5428404,
            "current_ratio": 214.43,
            "debt_ratio": 45.54,
            "inventory_turnover_ratio": 2.46,
            "account_receivable_turnover_ratio": null,
            "reinvestment_rate": 0.66,
            "research_to_sale_ratio": null,
            "price_fair": 66.4,
            "eps_avg_yearly": 1.9,
            "eps_latest_yearly": 1.56,
            "eps_growth_yearly": 310.87
        },
        "20064": {
            "year_quarter": 20064,
            "year": 2006,
            "quarter": 4,
            "eps": 0.52,
            "eps_growth_year": -55.93,
            "eps_4q": 1.28,
            "eps_4q_growth_year": -56.33,
            "roe": 2.88,
            "roe_4q": 7.19,
            "gross_profit": 370304,
            "gross_margin": 7.22,
            "gross_margin_4q_avg": 7.33,
            "net_income": 160167,
            "net_income_4q": null,
            "revenue": 5127706,
            "revenue_4q": null,
            "common_shares": 3205015,
            "book_valuer_per_share": 17.73,
            "book_valuer_per_share_4q_avg": 17.67,
            "equity": 5682701,
            "current_ratio": 170.04,
            "debt_ratio": 49.85,
            "inventory_turnover_ratio": 2.27,
            "account_receivable_turnover_ratio": null,
            "reinvestment_rate": 81.16,
            "research_to_sale_ratio": null,
            "price_fair": 65.2,
            "eps_avg_yearly": 1.86,
            "eps_latest_yearly": 2.08,
            "eps_growth_yearly": 298.18
        },
        "20071": {
            "year_quarter": 20071,
            "year": 2007,
            "quarter": 1,
            "eps": 0.81,
            "eps_growth_year": 406.25,
            "eps_4q": 1.96,
            "eps_4q_growth_year": -17.79,
            "roe": 4.2,
            "roe_4q": 10.549999999999999,
            "gross_profit": 515425,
            "gross_margin": 14.77,
            "gross_margin_4q_avg": 9.48,
            "net_income": 244765,
            "net_income_4q": null,
            "revenue": 3488806,
            "revenue_4q": null,
            "common_shares": 3236898,
            "book_valuer_per_share": 18.48,
            "book_valuer_per_share_4q_avg": 17.58,
            "equity": 5983322,
            "current_ratio": 299.02,
            "debt_ratio": 35.2,
            "inventory_turnover_ratio": 1.86,
            "account_receivable_turnover_ratio": null,
            "reinvestment_rate": 0.46,
            "research_to_sale_ratio": null,
            "price_fair": 68.41,
            "eps_avg_yearly": 1.95,
            "eps_latest_yearly": 3.24,
            "eps_growth_yearly": 293.17
        },
        "20072": {
            "year_quarter": 20072,
            "year": 2007,
            "quarter": 2,
            "eps": 0.82,
            "eps_growth_year": 290.48,
            "eps_4q": 2.55,
            "eps_4q_growth_year": 28.34,
            "roe": 4.06,
            "roe_4q": 13.41,
            "gross_profit": 448759,
            "gross_margin": 18.1,
            "gross_margin_4q_avg": 12.59,
            "net_income": 249886,
            "net_income_4q": null,
            "revenue": 2479584,
            "revenue_4q": null,
            "common_shares": 3341277,
            "book_valuer_per_share": 18.95,
            "book_valuer_per_share_4q_avg": 18.03,
            "equity": 6333147,
            "current_ratio": 275.81,
            "debt_ratio": 34.72,
            "inventory_turnover_ratio": 1.7,
            "account_receivable_turnover_ratio": null,
            "reinvestment_rate": 0.18,
            "research_to_sale_ratio": null,
            "price_fair": 71.31,
            "eps_avg_yearly": 2.04,
            "eps_latest_yearly": 3.28,
            "eps_growth_yearly": 275.15
        },
        "20073": {
            "year_quarter": 20073,
            "year": 2007,
            "quarter": 3,
            "eps": 0.92,
            "eps_growth_year": 135.9,
            "eps_4q": 2.92,
            "eps_4q_growth_year": 64.93,
            "roe": 3.79,
            "roe_4q": 14.93,
            "gross_profit": 369929,
            "gross_margin": 17.07,
            "gross_margin_4q_avg": 14.29,
            "net_income": 301760,
            "net_income_4q": null,
            "revenue": 2167722,
            "revenue_4q": null,
            "common_shares": 5198276,
            "book_valuer_per_share": 18.41,
            "book_valuer_per_share_4q_avg": 18.39,
            "equity": 9572435,
            "current_ratio": 222.14,
            "debt_ratio": 28.08,
            "inventory_turnover_ratio": 1.43,
            "account_receivable_turnover_ratio": null,
            "reinvestment_rate": 0.74,
            "research_to_sale_ratio": null,
            "price_fair": 77.88,
            "eps_avg_yearly": 2.23,
            "eps_latest_yearly": 3.68,
            "eps_growth_yearly": 90.7
        },
        "20074": {
            "year_quarter": 20074,
            "year": 2007,
            "quarter": 4,
            "eps": 1.21,
            "eps_growth_year": 132.69,
            "eps_4q": 3.34,
            "eps_4q_growth_year": 161.05,
            "roe": 4.41,
            "roe_4q": 16.459999999999997,
            "gross_profit": 572368,
            "gross_margin": 21.28,
            "gross_margin_4q_avg": 17.81,
            "net_income": 452195,
            "net_income_4q": null,
            "revenue": 2690174,
            "revenue_4q": null,
            "common_shares": 5332756,
            "book_valuer_per_share": 19.44,
            "book_valuer_per_share_4q_avg": 18.82,
            "equity": 10944068,
            "current_ratio": 139.42,
            "debt_ratio": 42.8,
            "inventory_turnover_ratio": 1.14,
            "account_receivable_turnover_ratio": null,
            "reinvestment_rate": 230.87,
            "research_to_sale_ratio": null,
            "price_fair": 86.36,
            "eps_avg_yearly": 2.47,
            "eps_latest_yearly": 4.84,
            "eps_growth_yearly": 88.29
        },
        "20081": {
            "year_quarter": 20081,
            "year": 2008,
            "quarter": 1,
            "eps": 0.51,
            "eps_growth_year": -37.04,
            "eps_4q": 2.5,
            "eps_4q_growth_year": 27.59,
            "roe": 2.41,
            "roe_4q": 14.669999999999998,
            "gross_profit": 644464,
            "gross_margin": 15.68,
            "gross_margin_4q_avg": 18.03,
            "net_income": 260696,
            "net_income_4q": null,
            "revenue": 4110232,
            "revenue_4q": null,
            "common_shares": 5358227,
            "book_valuer_per_share": 19.2,
            "book_valuer_per_share_4q_avg": 19,
            "equity": 10671239,
            "current_ratio": 145.98,
            "debt_ratio": 40.01,
            "inventory_turnover_ratio": 1.55,
            "account_receivable_turnover_ratio": null,
            "reinvestment_rate": 212.11,
            "research_to_sale_ratio": null,
            "price_fair": 87.76,
            "eps_avg_yearly": 2.51,
            "eps_latest_yearly": 2.04,
            "eps_growth_yearly": 62.37
        },
        "20082": {
            "year_quarter": 20082,
            "year": 2008,
            "quarter": 2,
            "eps": 0.35,
            "eps_growth_year": -57.32,
            "eps_4q": 2.35,
            "eps_4q_growth_year": -7.71,
            "roe": 1.76,
            "roe_4q": 12.370000000000001,
            "gross_profit": 533803,
            "gross_margin": 15.45,
            "gross_margin_4q_avg": 17.37,
            "net_income": 180811,
            "net_income_4q": null,
            "revenue": 3454773,
            "revenue_4q": null,
            "common_shares": 5360023,
            "book_valuer_per_share": 17.77,
            "book_valuer_per_share_4q_avg": 18.71,
            "equity": 9899544,
            "current_ratio": 130.84,
            "debt_ratio": 43.57,
            "inventory_turnover_ratio": 1.34,
            "account_receivable_turnover_ratio": null,
            "reinvestment_rate": 210.81,
            "research_to_sale_ratio": null,
            "price_fair": 86.71,
            "eps_avg_yearly": 2.48,
            "eps_latest_yearly": 1.4,
            "eps_growth_yearly": 45.95
        },
        "20083": {
            "year_quarter": 20083,
            "year": 2008,
            "quarter": 3,
            "eps": 0.7,
            "eps_growth_year": -23.91,
            "eps_4q": 2.37,
            "eps_4q_growth_year": -18.81,
            "roe": 3.73,
            "roe_4q": 12.31,
            "gross_profit": 825044,
            "gross_margin": 18.75,
            "gross_margin_4q_avg": 17.79,
            "net_income": 379745,
            "net_income_4q": null,
            "revenue": 4401384,
            "revenue_4q": null,
            "common_shares": 5370495,
            "book_valuer_per_share": 18.74,
            "book_valuer_per_share_4q_avg": 18.79,
            "equity": 10470887,
            "current_ratio": 126.54,
            "debt_ratio": 43.65,
            "inventory_turnover_ratio": 1.53,
            "account_receivable_turnover_ratio": null,
            "reinvestment_rate": 213.67,
            "research_to_sale_ratio": null,
            "price_fair": 88.73,
            "eps_avg_yearly": 2.54,
            "eps_latest_yearly": 2.8,
            "eps_growth_yearly": 70.95
        },
        "20084": {
            "year_quarter": 20084,
            "year": 2008,
            "quarter": 4,
            "eps": 0.71,
            "eps_growth_year": -41.32,
            "eps_4q": 2.24,
            "eps_4q_growth_year": -33.08,
            "roe": 3.58,
            "roe_4q": 11.48,
            "gross_profit": 888732,
            "gross_margin": 17.7,
            "gross_margin_4q_avg": 16.9,
            "net_income": 382933,
            "net_income_4q": null,
            "revenue": 5021749,
            "revenue_4q": null,
            "common_shares": 5371585,
            "book_valuer_per_share": 19.52,
            "book_valuer_per_share_4q_avg": 18.81,
            "equity": 10906095,
            "current_ratio": 133.18,
            "debt_ratio": 40.4,
            "inventory_turnover_ratio": 1.79,
            "account_receivable_turnover_ratio": 3.07,
            "reinvestment_rate": 202.47,
            "research_to_sale_ratio": null,
            "price_fair": 90.56,
            "eps_avg_yearly": 2.59,
            "eps_latest_yearly": 2.84,
            "eps_growth_yearly": 69.72
        },
        "20091": {
            "year_quarter": 20091,
            "year": 2009,
            "quarter": 1,
            "eps": 0.41,
            "eps_growth_year": -19.61,
            "eps_4q": 2.15,
            "eps_4q_growth_year": -13.82,
            "roe": 1.94,
            "roe_4q": 11.01,
            "gross_profit": 595627,
            "gross_margin": 16.72,
            "gross_margin_4q_avg": 17.16,
            "net_income": 218986,
            "net_income_4q": null,
            "revenue": 3563323,
            "revenue_4q": null,
            "common_shares": 5388045,
            "book_valuer_per_share": 20.79,
            "book_valuer_per_share_4q_avg": 19.21,
            "equity": 11639584,
            "current_ratio": 141.35,
            "debt_ratio": 34.4,
            "inventory_turnover_ratio": 1.49,
            "account_receivable_turnover_ratio": 1.21,
            "reinvestment_rate": 202.55,
            "research_to_sale_ratio": null,
            "price_fair": 89.51,
            "eps_avg_yearly": 2.56,
            "eps_latest_yearly": 1.64,
            "eps_growth_yearly": 57.65
        },
        "20092": {
            "year_quarter": 20092,
            "year": 2009,
            "quarter": 2,
            "eps": 0.61,
            "eps_growth_year": 74.29,
            "eps_4q": 2.44,
            "eps_4q_growth_year": 3.86,
            "roe": 2.83,
            "roe_4q": 12.08,
            "gross_profit": 869522,
            "gross_margin": 20.34,
            "gross_margin_4q_avg": 18.38,
            "net_income": 320937,
            "net_income_4q": null,
            "revenue": 4274420,
            "revenue_4q": null,
            "common_shares": 5408891,
            "book_valuer_per_share": 19.66,
            "book_valuer_per_share_4q_avg": 19.68,
            "equity": 11057680,
            "current_ratio": 122.19,
            "debt_ratio": 40.69,
            "inventory_turnover_ratio": 1.99,
            "account_receivable_turnover_ratio": 1.44,
            "reinvestment_rate": 198.67,
            "research_to_sale_ratio": null,
            "price_fair": 89.78,
            "eps_avg_yearly": 2.57,
            "eps_latest_yearly": 2.44,
            "eps_growth_yearly": 67.49
        },
        "20093": {
            "year_quarter": 20093,
            "year": 2009,
            "quarter": 3,
            "eps": 0.78,
            "eps_growth_year": 11.43,
            "eps_4q": 2.52,
            "eps_4q_growth_year": 6.54,
            "roe": 3.64,
            "roe_4q": 11.99,
            "gross_profit": 1018603,
            "gross_margin": 20.09,
            "gross_margin_4q_avg": 18.71,
            "net_income": 410098,
            "net_income_4q": null,
            "revenue": 5070568,
            "revenue_4q": null,
            "common_shares": 5530793,
            "book_valuer_per_share": 19.99,
            "book_valuer_per_share_4q_avg": 19.99,
            "equity": 11474104,
            "current_ratio": 129.93,
            "debt_ratio": 40.67,
            "inventory_turnover_ratio": 2.25,
            "account_receivable_turnover_ratio": 1.4,
            "reinvestment_rate": 179.48,
            "research_to_sale_ratio": null,
            "price_fair": 90.04,
            "eps_avg_yearly": 2.57,
            "eps_latest_yearly": 3.12,
            "eps_growth_yearly": 67.13
        },
        "20094": {
            "year_quarter": 20094,
            "year": 2009,
            "quarter": 4,
            "eps": 0.73,
            "eps_growth_year": 2.82,
            "eps_4q": 2.45,
            "eps_4q_growth_year": 9.38,
            "roe": 3.2,
            "roe_4q": 11.61,
            "gross_profit": 1048178,
            "gross_margin": 20,
            "gross_margin_4q_avg": 19.29,
            "net_income": 374434,
            "net_income_4q": null,
            "revenue": 5241626,
            "revenue_4q": null,
            "common_shares": 5604919,
            "book_valuer_per_share": 21.02,
            "book_valuer_per_share_4q_avg": 20.37,
            "equity": 11940587,
            "current_ratio": 127.74,
            "debt_ratio": 43.04,
            "inventory_turnover_ratio": 2.14,
            "account_receivable_turnover_ratio": 2.62,
            "reinvestment_rate": 175.25,
            "research_to_sale_ratio": null,
            "price_fair": 86.1,
            "eps_avg_yearly": 2.46,
            "eps_latest_yearly": 2.92,
            "eps_growth_yearly": 51.19
        },
        "20101": {
            "year_quarter": 20101,
            "year": 2010,
            "quarter": 1,
            "eps": 0.4,
            "eps_growth_year": -2.44,
            "eps_4q": 2.42,
            "eps_4q_growth_year": 12.48,
            "roe": 1.8,
            "roe_4q": 11.47,
            "gross_profit": 686944,
            "gross_margin": 15.51,
            "gross_margin_4q_avg": 18.99,
            "net_income": 217230,
            "net_income_4q": null,
            "revenue": 4427713,
            "revenue_4q": null,
            "common_shares": 5681999,
            "book_valuer_per_share": 21.14,
            "book_valuer_per_share_4q_avg": 20.45,
            "equity": 12162210,
            "current_ratio": 129.84,
            "debt_ratio": 42.05,
            "inventory_turnover_ratio": 1.87,
            "account_receivable_turnover_ratio": 1.12,
            "reinvestment_rate": 196.04,
            "research_to_sale_ratio": 3.65,
            "price_fair": 88.2,
            "eps_avg_yearly": 2.52,
            "eps_latest_yearly": 1.6,
            "eps_growth_yearly": 61.5
        },
        "20102": {
            "year_quarter": 20102,
            "year": 2010,
            "quarter": 2,
            "eps": 0.29,
            "eps_growth_year": -52.97,
            "eps_4q": 2.11,
            "eps_4q_growth_year": -13.54,
            "roe": 1.42,
            "roe_4q": 10.06,
            "gross_profit": 695207,
            "gross_margin": 16.49,
            "gross_margin_4q_avg": 18.02,
            "net_income": 171580,
            "net_income_4q": null,
            "revenue": 4215044,
            "revenue_4q": null,
            "common_shares": 5697165,
            "book_valuer_per_share": 20.4,
            "book_valuer_per_share_4q_avg": 20.64,
            "equity": 11922790,
            "current_ratio": 120.3,
            "debt_ratio": 44.88,
            "inventory_turnover_ratio": 1.62,
            "account_receivable_turnover_ratio": 1.09,
            "reinvestment_rate": 198.98,
            "research_to_sale_ratio": 3.8,
            "price_fair": 88.9,
            "eps_avg_yearly": 2.54,
            "eps_latest_yearly": 1.16,
            "eps_growth_yearly": 46.81
        },
        "20103": {
            "year_quarter": 20103,
            "year": 2010,
            "quarter": 3,
            "eps": 0.33,
            "eps_growth_year": -57.44,
            "eps_4q": 1.7,
            "eps_4q_growth_year": -32.58,
            "roe": 1.55,
            "roe_4q": 7.97,
            "gross_profit": 720793,
            "gross_margin": 17,
            "gross_margin_4q_avg": 17.25,
            "net_income": 186496,
            "net_income_4q": null,
            "revenue": 4239616,
            "revenue_4q": null,
            "common_shares": 5719155,
            "book_valuer_per_share": 20.61,
            "book_valuer_per_share_4q_avg": 20.79,
            "equity": 12079047,
            "current_ratio": 123.56,
            "debt_ratio": 42.71,
            "inventory_turnover_ratio": 1.57,
            "account_receivable_turnover_ratio": 1.14,
            "reinvestment_rate": 195.08,
            "research_to_sale_ratio": 3.61,
            "price_fair": 88.38,
            "eps_avg_yearly": 2.53,
            "eps_latest_yearly": 1.32,
            "eps_growth_yearly": 28.83
        },
        "20104": {
            "year_quarter": 20104,
            "year": 2010,
            "quarter": 4,
            "eps": 0.28,
            "eps_growth_year": -61.05,
            "eps_4q": 1.3,
            "eps_4q_growth_year": -47,
            "roe": 1.44,
            "roe_4q": 6.21,
            "gross_profit": 820453,
            "gross_margin": 18.72,
            "gross_margin_4q_avg": 16.93,
            "net_income": 170188,
            "net_income_4q": null,
            "revenue": 4383249,
            "revenue_4q": null,
            "common_shares": 5724455,
            "book_valuer_per_share": 19.8,
            "book_valuer_per_share_4q_avg": 20.49,
            "equity": 11610872,
            "current_ratio": 127.02,
            "debt_ratio": 42.93,
            "inventory_turnover_ratio": 1.62,
            "account_receivable_turnover_ratio": 1.23,
            "reinvestment_rate": 148.88,
            "research_to_sale_ratio": 4.95,
            "price_fair": 65.84,
            "eps_avg_yearly": 2.47,
            "eps_latest_yearly": 1.12,
            "eps_growth_yearly": 16.71
        },
        "20111": {
            "year_quarter": 20111,
            "year": 2011,
            "quarter": 1,
            "eps": 0.07,
            "eps_growth_year": -82.5,
            "eps_4q": 0.97,
            "eps_4q_growth_year": -60.09,
            "roe": 0.28,
            "roe_4q": 4.6899999999999995,
            "gross_profit": 514026,
            "gross_margin": 15.18,
            "gross_margin_4q_avg": 16.85,
            "net_income": 32342,
            "net_income_4q": null,
            "revenue": 3385118,
            "revenue_4q": null,
            "common_shares": 5755172,
            "book_valuer_per_share": 20.01,
            "book_valuer_per_share_4q_avg": 20.21,
            "equity": 11795362,
            "current_ratio": 130.07,
            "debt_ratio": 40.79,
            "inventory_turnover_ratio": 1.36,
            "account_receivable_turnover_ratio": 0.99,
            "reinvestment_rate": 187.71,
            "research_to_sale_ratio": 3.72,
            "price_fair": 6.84,
            "eps_avg_yearly": 2.28,
            "eps_latest_yearly": 0.28,
            "eps_growth_yearly": -15.98
        },
        "20112": {
            "year_quarter": 20112,
            "year": 2011,
            "quarter": 2,
            "eps": 0.21,
            "eps_growth_year": -25.57,
            "eps_4q": 0.9,
            "eps_4q_growth_year": -57.53,
            "roe": 1.16,
            "roe_4q": 4.43,
            "gross_profit": 680520,
            "gross_margin": 16.93,
            "gross_margin_4q_avg": 16.96,
            "net_income": 137312,
            "net_income_4q": null,
            "revenue": 4019807,
            "revenue_4q": null,
            "common_shares": 5757992,
            "book_valuer_per_share": 19.61,
            "book_valuer_per_share_4q_avg": 20.01,
            "equity": 11817573,
            "current_ratio": 120.59,
            "debt_ratio": 44.63,
            "inventory_turnover_ratio": 1.57,
            "account_receivable_turnover_ratio": 1.13,
            "reinvestment_rate": 195.35,
            "research_to_sale_ratio": 3.56,
            "price_fair": 74.46,
            "eps_avg_yearly": 2.13,
            "eps_latest_yearly": 0.84,
            "eps_growth_yearly": 33.71
        },
        "20113": {
            "year_quarter": 20113,
            "year": 2011,
            "quarter": 3,
            "eps": 0.28,
            "eps_growth_year": -14.75,
            "eps_4q": 0.85,
            "eps_4q_growth_year": -50.18,
            "roe": 1.43,
            "roe_4q": 4.3100000000000005,
            "gross_profit": 721953,
            "gross_margin": 17.18,
            "gross_margin_4q_avg": 17,
            "net_income": 174015,
            "net_income_4q": null,
            "revenue": 4203295,
            "revenue_4q": null,
            "common_shares": 5720914,
            "book_valuer_per_share": 20.81,
            "book_valuer_per_share_4q_avg": 20.06,
            "equity": 12583847,
            "current_ratio": 121.89,
            "debt_ratio": 43.11,
            "inventory_turnover_ratio": 1.51,
            "account_receivable_turnover_ratio": 1.04,
            "reinvestment_rate": 216.53,
            "research_to_sale_ratio": 3.68,
            "price_fair": 68.86,
            "eps_avg_yearly": 1.97,
            "eps_latest_yearly": 1.12,
            "eps_growth_yearly": 39
        },
        "20114": {
            "year_quarter": 20114,
            "year": 2011,
            "quarter": 4,
            "eps": 0.24,
            "eps_growth_year": -15.17,
            "eps_4q": 0.81,
            "eps_4q_growth_year": -37.78,
            "roe": 1.29,
            "roe_4q": 4.16,
            "gross_profit": 727888,
            "gross_margin": 17.27,
            "gross_margin_4q_avg": 16.64,
            "net_income": 162589,
            "net_income_4q": null,
            "revenue": 4214533,
            "revenue_4q": null,
            "common_shares": 5725397,
            "book_valuer_per_share": 20.97,
            "book_valuer_per_share_4q_avg": 20.35,
            "equity": 12709863,
            "current_ratio": 132.96,
            "debt_ratio": 43.23,
            "inventory_turnover_ratio": 1.46,
            "account_receivable_turnover_ratio": 1.05,
            "reinvestment_rate": 62.79,
            "research_to_sale_ratio": 3.83,
            "price_fair": 60.38,
            "eps_avg_yearly": 1.73,
            "eps_latest_yearly": 0.96,
            "eps_growth_yearly": 27.54
        },
        "20121": {
            "year_quarter": 20121,
            "year": 2012,
            "quarter": 1,
            "eps": 0.09,
            "eps_growth_year": 28.57,
            "eps_4q": 0.82,
            "eps_4q_growth_year": -14.91,
            "roe": 0.56,
            "roe_4q": 4.44,
            "gross_profit": 609423,
            "gross_margin": 16.61,
            "gross_margin_4q_avg": 17,
            "net_income": 71286,
            "net_income_4q": null,
            "revenue": 3669724,
            "revenue_4q": null,
            "common_shares": 5770413,
            "book_valuer_per_share": 20.74,
            "book_valuer_per_share_4q_avg": 20.53,
            "equity": 12679237,
            "current_ratio": 140.34,
            "debt_ratio": 39.81,
            "inventory_turnover_ratio": 1.33,
            "account_receivable_turnover_ratio": 1.02,
            "reinvestment_rate": 69.85,
            "research_to_sale_ratio": 3.24,
            "price_fair": 56.7,
            "eps_avg_yearly": 1.62,
            "eps_latest_yearly": 0.36,
            "eps_growth_yearly": 26.38
        },
        "20122": {
            "year_quarter": 20122,
            "year": 2012,
            "quarter": 2,
            "eps": 0.24,
            "eps_growth_year": 11.08,
            "eps_4q": 0.85,
            "eps_4q_growth_year": -5.37,
            "roe": 1.29,
            "roe_4q": 4.57,
            "gross_profit": 774761,
            "gross_margin": 18.25,
            "gross_margin_4q_avg": 17.33,
            "net_income": 161632,
            "net_income_4q": null,
            "revenue": 4244327,
            "revenue_4q": null,
            "common_shares": 5779378,
            "book_valuer_per_share": 20.28,
            "book_valuer_per_share_4q_avg": 20.7,
            "equity": 12464517,
            "current_ratio": 133.27,
            "debt_ratio": 44.07,
            "inventory_turnover_ratio": 1.42,
            "account_receivable_turnover_ratio": 1.14,
            "reinvestment_rate": 60.09,
            "research_to_sale_ratio": 3.18,
            "price_fair": 55.74,
            "eps_avg_yearly": 1.59,
            "eps_latest_yearly": 0.96,
            "eps_growth_yearly": 75.89
        },
        "20123": {
            "year_quarter": 20123,
            "year": 2012,
            "quarter": 3,
            "eps": 0.06,
            "eps_growth_year": -78.89,
            "eps_4q": 0.63,
            "eps_4q_growth_year": -26.03,
            "roe": 0.43,
            "roe_4q": 3.5700000000000003,
            "gross_profit": 639578,
            "gross_margin": 15.53,
            "gross_margin_4q_avg": 16.92,
            "net_income": 53552,
            "net_income_4q": null,
            "revenue": 4117117,
            "revenue_4q": null,
            "common_shares": 5786553,
            "book_valuer_per_share": 20.06,
            "book_valuer_per_share_4q_avg": 20.51,
            "equity": 12364255,
            "current_ratio": 135.84,
            "debt_ratio": 43.15,
            "inventory_turnover_ratio": 1.29,
            "account_receivable_turnover_ratio": 0.98,
            "reinvestment_rate": 42.04,
            "research_to_sale_ratio": 3.65,
            "price_fair": 50.14,
            "eps_avg_yearly": 1.43,
            "eps_latest_yearly": 0.24,
            "eps_growth_yearly": 32.14
        },
        "20124": {
            "year_quarter": 20124,
            "year": 2012,
            "quarter": 4,
            "eps": 0.24,
            "eps_growth_year": -1.51,
            "eps_4q": 0.62,
            "eps_4q_growth_year": -22.69,
            "roe": 1.42,
            "roe_4q": 3.6999999999999997,
            "gross_profit": 846479,
            "gross_margin": 18.76,
            "gross_margin_4q_avg": 17.29,
            "net_income": 177508,
            "net_income_4q": null,
            "revenue": 4510998,
            "revenue_4q": null,
            "common_shares": 5820362,
            "book_valuer_per_share": 20.31,
            "book_valuer_per_share_4q_avg": 20.35,
            "equity": 12615499,
            "current_ratio": 142.93,
            "debt_ratio": 42.23,
            "inventory_turnover_ratio": 1.36,
            "account_receivable_turnover_ratio": 0.99,
            "reinvestment_rate": 36.91,
            "research_to_sale_ratio": 4.13,
            "price_fair": 46.03,
            "eps_avg_yearly": 1.32,
            "eps_latest_yearly": 0.96,
            "eps_growth_yearly": 106.78
        },
        "20131": {
            "year_quarter": 20131,
            "year": 2013,
            "quarter": 1,
            "eps": 0.11,
            "eps_growth_year": 22.22,
            "eps_4q": 0.65,
            "eps_4q_growth_year": -21.35,
            "roe": 0.77,
            "roe_4q": 3.91,
            "gross_profit": 610805,
            "gross_margin": 16.65,
            "gross_margin_4q_avg": 17.3,
            "net_income": 99264,
            "net_income_4q": null,
            "revenue": 3668761,
            "revenue_4q": null,
            "common_shares": 5820362,
            "book_valuer_per_share": 20.96,
            "book_valuer_per_share_4q_avg": 20.4,
            "equity": 13048176,
            "current_ratio": 155.35,
            "debt_ratio": 39.12,
            "inventory_turnover_ratio": 1.18,
            "account_receivable_turnover_ratio": 0.83,
            "reinvestment_rate": 42.09,
            "research_to_sale_ratio": 3.47,
            "price_fair": 43.4,
            "eps_avg_yearly": 1.24,
            "eps_latest_yearly": 0.44,
            "eps_growth_yearly": 103.81
        },
        "20132": {
            "year_quarter": 20132,
            "year": 2013,
            "quarter": 2,
            "eps": 0.13,
            "eps_growth_year": -45.19,
            "eps_4q": 0.54,
            "eps_4q_growth_year": -36.15,
            "roe": 0.77,
            "roe_4q": 3.39,
            "gross_profit": 707805,
            "gross_margin": 19.05,
            "gross_margin_4q_avg": 17.5,
            "net_income": 100192,
            "net_income_4q": null,
            "revenue": 3716228,
            "revenue_4q": null,
            "common_shares": 5820362,
            "book_valuer_per_share": 20.82,
            "book_valuer_per_share_4q_avg": 20.54,
            "equity": 12982631,
            "current_ratio": 149.18,
            "debt_ratio": 41.97,
            "inventory_turnover_ratio": 1.21,
            "account_receivable_turnover_ratio": 0.92,
            "reinvestment_rate": 34.25,
            "research_to_sale_ratio": 3.87,
            "price_fair": 39.2,
            "eps_avg_yearly": 1.12,
            "eps_latest_yearly": 0.52,
            "eps_growth_yearly": 96.16
        },
        "20133": {
            "year_quarter": 20133,
            "year": 2013,
            "quarter": 3,
            "eps": 0.12,
            "eps_growth_year": 100.85,
            "eps_4q": 0.6,
            "eps_4q_growth_year": -4.5,
            "roe": 0.64,
            "roe_4q": 3.6,
            "gross_profit": 712260,
            "gross_margin": 19.9,
            "gross_margin_4q_avg": 18.59,
            "net_income": 82772,
            "net_income_4q": null,
            "revenue": 3579080,
            "revenue_4q": null,
            "common_shares": 5820362,
            "book_valuer_per_share": 20.78,
            "book_valuer_per_share_4q_avg": 20.72,
            "equity": 12970639,
            "current_ratio": 163.09,
            "debt_ratio": 38.83,
            "inventory_turnover_ratio": 1.18,
            "account_receivable_turnover_ratio": 0.91,
            "reinvestment_rate": 49.01,
            "research_to_sale_ratio": 3.79,
            "price_fair": 33.43,
            "eps_avg_yearly": 0.96,
            "eps_latest_yearly": 0.48,
            "eps_growth_yearly": 87.27
        },
        "20134": {
            "year_quarter": 20134,
            "year": 2013,
            "quarter": 4,
            "eps": 0.33,
            "eps_growth_year": 39.06,
            "eps_4q": 0.69,
            "eps_4q_growth_year": 10.89,
            "roe": 1.65,
            "roe_4q": 3.83,
            "gross_profit": 912993,
            "gross_margin": 21.46,
            "gross_margin_4q_avg": 19.27,
            "net_income": 217002,
            "net_income_4q": null,
            "revenue": 4253549,
            "revenue_4q": null,
            "common_shares": 5820362,
            "book_valuer_per_share": 21.43,
            "book_valuer_per_share_4q_avg": 21,
            "equity": 13379791,
            "current_ratio": 166.37,
            "debt_ratio": 38.92,
            "inventory_turnover_ratio": 1.34,
            "account_receivable_turnover_ratio": 1.06,
            "reinvestment_rate": -12.96,
            "research_to_sale_ratio": 4.04,
            "price_fair": 29.93,
            "eps_avg_yearly": 0.86,
            "eps_latest_yearly": 1.32,
            "eps_growth_yearly": 132.62
        },
        "20141": {
            "year_quarter": 20141,
            "year": 2014,
            "quarter": 1,
            "eps": 0.02,
            "eps_growth_year": -81.82,
            "eps_4q": 0.59,
            "eps_4q_growth_year": -8.08,
            "roe": 0.34,
            "roe_4q": 3.4,
            "gross_profit": 672195,
            "gross_margin": 19.63,
            "gross_margin_4q_avg": 20.01,
            "net_income": 46199,
            "net_income_4q": null,
            "revenue": 3424405,
            "revenue_4q": null,
            "common_shares": 5820362,
            "book_valuer_per_share": 21.65,
            "book_valuer_per_share_4q_avg": 21.17,
            "equity": 13549878,
            "current_ratio": 172.25,
            "debt_ratio": 37.33,
            "inventory_turnover_ratio": 1.08,
            "account_receivable_turnover_ratio": 0.85,
            "reinvestment_rate": -18.23,
            "research_to_sale_ratio": 3.59,
            "price_fair": 26.6,
            "eps_avg_yearly": 0.76,
            "eps_latest_yearly": 0.08,
            "eps_growth_yearly": 120.43
        },
        "20142": {
            "year_quarter": 20142,
            "year": 2014,
            "quarter": 2,
            "eps": 0.34,
            "eps_growth_year": 161.54,
            "eps_4q": 0.8,
            "eps_4q_growth_year": 48.13,
            "roe": 1.64,
            "roe_4q": 4.27,
            "gross_profit": 893393,
            "gross_margin": 22.73,
            "gross_margin_4q_avg": 20.93,
            "net_income": 218662,
            "net_income_4q": null,
            "revenue": 3930279,
            "revenue_4q": null,
            "common_shares": 5820362,
            "book_valuer_per_share": 20.92,
            "book_valuer_per_share_4q_avg": 21.2,
            "equity": 13137183,
            "current_ratio": 163.51,
            "debt_ratio": 38.98,
            "inventory_turnover_ratio": 1.23,
            "account_receivable_turnover_ratio": 1.01,
            "reinvestment_rate": -44.09,
            "research_to_sale_ratio": 3.67,
            "price_fair": 27.04,
            "eps_avg_yearly": 0.77,
            "eps_latest_yearly": 1.36,
            "eps_growth_yearly": 527.31
        },
        "20143": {
            "year_quarter": 20143,
            "year": 2014,
            "quarter": 3,
            "eps": 0.14,
            "eps_growth_year": 16.67,
            "eps_4q": 0.83,
            "eps_4q_growth_year": 38.16,
            "roe": -0.09,
            "roe_4q": 3.54,
            "gross_profit": 862758,
            "gross_margin": 21.13,
            "gross_margin_4q_avg": 21.24,
            "net_income": -11706,
            "net_income_4q": null,
            "revenue": 4082500,
            "revenue_4q": null,
            "common_shares": 5820362,
            "book_valuer_per_share": 21.25,
            "book_valuer_per_share_4q_avg": 21.31,
            "equity": 13264747,
            "current_ratio": 174.12,
            "debt_ratio": 39.84,
            "inventory_turnover_ratio": 1.27,
            "account_receivable_turnover_ratio": 1.03,
            "reinvestment_rate": -56.95,
            "research_to_sale_ratio": 3.91,
            "price_fair": 25.38,
            "eps_avg_yearly": 0.73,
            "eps_latest_yearly": 0.56,
            "eps_growth_yearly": 509.16
        },
        "20144": {
            "year_quarter": 20144,
            "year": 2014,
            "quarter": 4,
            "eps": 1.01,
            "eps_growth_year": 206.98,
            "eps_4q": 1.51,
            "eps_4q_growth_year": 118.53,
            "roe": 4.34,
            "roe_4q": 6.2299999999999995,
            "gross_profit": 1155168,
            "gross_margin": 23.8,
            "gross_margin_4q_avg": 21.82,
            "net_income": 598495,
            "net_income_4q": null,
            "revenue": 4854401,
            "revenue_4q": null,
            "common_shares": 5820362,
            "book_valuer_per_share": 22.99,
            "book_valuer_per_share_4q_avg": 21.7,
            "equity": 14323577,
            "current_ratio": 172.01,
            "debt_ratio": 41.63,
            "inventory_turnover_ratio": 1.35,
            "account_receivable_turnover_ratio": 1.08,
            "reinvestment_rate": -16.41,
            "research_to_sale_ratio": 4.64,
            "price_fair": 31.76,
            "eps_avg_yearly": 0.91,
            "eps_latest_yearly": 4.04,
            "eps_growth_yearly": 668.3
        },
        "20151": {
            "year_quarter": 20151,
            "year": 2015,
            "quarter": 1,
            "eps": 0.65,
            "eps_growth_year": 3150,
            "eps_4q": 2.15,
            "eps_4q_growth_year": 261.01,
            "roe": 2.81,
            "roe_4q": 8.700000000000001,
            "gross_profit": 953117,
            "gross_margin": 22.63,
            "gross_margin_4q_avg": 22.57,
            "net_income": 409585,
            "net_income_4q": null,
            "revenue": 4212419,
            "revenue_4q": null,
            "common_shares": 5820362,
            "book_valuer_per_share": 23.45,
            "book_valuer_per_share_4q_avg": 22.15,
            "equity": 14828669,
            "current_ratio": 187.75,
            "debt_ratio": 37.54,
            "inventory_turnover_ratio": 1.17,
            "account_receivable_turnover_ratio": 0.92,
            "reinvestment_rate": -22.71,
            "research_to_sale_ratio": 3.93,
            "price_fair": 36.84,
            "eps_avg_yearly": 1.05,
            "eps_latest_yearly": 2.6,
            "eps_growth_yearly": 678.14
        },
        "20152": {
            "year_quarter": 20152,
            "year": 2015,
            "quarter": 2,
            "eps": 0.47,
            "eps_growth_year": 38.24,
            "eps_4q": 2.28,
            "eps_4q_growth_year": 184.07,
            "roe": 2.08,
            "roe_4q": 9.14,
            "gross_profit": 1100838,
            "gross_margin": 24.97,
            "gross_margin_4q_avg": 23.13,
            "net_income": 303707,
            "net_income_4q": null,
            "revenue": 4408078,
            "revenue_4q": null,
            "common_shares": 5820362,
            "book_valuer_per_share": 22.66,
            "book_valuer_per_share_4q_avg": 22.59,
            "equity": 14394385,
            "current_ratio": 178.13,
            "debt_ratio": 39.4,
            "inventory_turnover_ratio": 1.2,
            "account_receivable_turnover_ratio": 1.05,
            "reinvestment_rate": -30.42,
            "research_to_sale_ratio": 4.17,
            "price_fair": 39.11,
            "eps_avg_yearly": 1.12,
            "eps_latest_yearly": 1.88,
            "eps_growth_yearly": 621.22
        },
        "20153": {
            "year_quarter": 20153,
            "year": 2015,
            "quarter": 3,
            "eps": 0.44,
            "eps_growth_year": 214.29,
            "eps_4q": 2.6,
            "eps_4q_growth_year": 214.02,
            "roe": 2.08,
            "roe_4q": 11.31,
            "gross_profit": 1129429,
            "gross_margin": 24.47,
            "gross_margin_4q_avg": 23.97,
            "net_income": 303936,
            "net_income_4q": null,
            "revenue": 4615949,
            "revenue_4q": null,
            "common_shares": 5820362,
            "book_valuer_per_share": 23.52,
            "book_valuer_per_share_4q_avg": 23.16,
            "equity": 14853740,
            "current_ratio": 190.11,
            "debt_ratio": 36.04,
            "inventory_turnover_ratio": 1.22,
            "account_receivable_turnover_ratio": 1.04,
            "reinvestment_rate": -52.66,
            "research_to_sale_ratio": 3.86,
            "price_fair": 40.51,
            "eps_avg_yearly": 1.16,
            "eps_latest_yearly": 1.76,
            "eps_growth_yearly": 611.29
        },
        "20154": {
            "year_quarter": 20154,
            "year": 2015,
            "quarter": 4,
            "eps": 0.63,
            "eps_growth_year": -37.8,
            "eps_4q": 2.2,
            "eps_4q_growth_year": 45.73,
            "roe": 2.75,
            "roe_4q": 9.72,
            "gross_profit": 1408196,
            "gross_margin": 27.62,
            "gross_margin_4q_avg": 24.92,
            "net_income": 410842,
            "net_income_4q": null,
            "revenue": 5098507,
            "revenue_4q": null,
            "common_shares": 5834962,
            "book_valuer_per_share": 23.7,
            "book_valuer_per_share_4q_avg": 23.33,
            "equity": 15017395,
            "current_ratio": 196.08,
            "debt_ratio": 35.22,
            "inventory_turnover_ratio": 1.31,
            "account_receivable_turnover_ratio": 1.08,
            "reinvestment_rate": -55.93,
            "research_to_sale_ratio": 4.06,
            "price_fair": 43.93,
            "eps_avg_yearly": 1.26,
            "eps_latest_yearly": 2.52,
            "eps_growth_yearly": 625.65
        },
        "20161": {
            "year_quarter": 20161,
            "year": 2016,
            "quarter": 1,
            "eps": 0.53,
            "eps_growth_year": -18.46,
            "eps_4q": 2.13,
            "eps_4q_growth_year": -0.86,
            "roe": 2.27,
            "roe_4q": 9.18,
            "gross_profit": 1174138,
            "gross_margin": 27.25,
            "gross_margin_4q_avg": 26.08,
            "net_income": 339452,
            "net_income_4q": null,
            "revenue": 4308941,
            "revenue_4q": null,
            "common_shares": 5848792,
            "book_valuer_per_share": 24.03,
            "book_valuer_per_share_4q_avg": 23.48,
            "equity": 14825733,
            "current_ratio": 217.01,
            "debt_ratio": 30.99,
            "inventory_turnover_ratio": 1.13,
            "account_receivable_turnover_ratio": 0.99,
            "reinvestment_rate": -54.55,
            "research_to_sale_ratio": 3.94,
            "price_fair": 47.78,
            "eps_avg_yearly": 1.37,
            "eps_latest_yearly": 2.12,
            "eps_growth_yearly": 637.31
        },
        "20162": {
            "year_quarter": 20162,
            "year": 2016,
            "quarter": 2,
            "eps": 0.63,
            "eps_growth_year": 34.04,
            "eps_4q": 2.27,
            "eps_4q_growth_year": -0.25,
            "roe": 2.82,
            "roe_4q": 9.92,
            "gross_profit": 1257660,
            "gross_margin": 26.63,
            "gross_margin_4q_avg": 26.49,
            "net_income": 404792,
            "net_income_4q": null,
            "revenue": 4723071,
            "revenue_4q": null,
            "common_shares": 5668472,
            "book_valuer_per_share": 22.33,
            "book_valuer_per_share_4q_avg": 23.4,
            "equity": 13857652,
            "current_ratio": 177.36,
            "debt_ratio": 38.21,
            "inventory_turnover_ratio": 1.22,
            "account_receivable_turnover_ratio": 1.15,
            "reinvestment_rate": -46.86,
            "research_to_sale_ratio": 3.76,
            "price_fair": 51.19,
            "eps_avg_yearly": 1.46,
            "eps_latest_yearly": 2.52,
            "eps_growth_yearly": 600.36
        },
        "20163": {
            "year_quarter": 20163,
            "year": 2016,
            "quarter": 3,
            "eps": 0.83,
            "eps_growth_year": 88.64,
            "eps_4q": 2.65,
            "eps_4q_growth_year": 1.91,
            "roe": 3.68,
            "roe_4q": 11.52,
            "gross_profit": 1459930,
            "gross_margin": 27.31,
            "gross_margin_4q_avg": 27.2,
            "net_income": 514160,
            "net_income_4q": null,
            "revenue": 5345944,
            "revenue_4q": null,
            "common_shares": 5678372,
            "book_valuer_per_share": 22.7,
            "book_valuer_per_share_4q_avg": 23.19,
            "equity": 14108228,
            "current_ratio": 190.81,
            "debt_ratio": 36.71,
            "inventory_turnover_ratio": 1.3,
            "account_receivable_turnover_ratio": 1.15,
            "reinvestment_rate": -37.97,
            "research_to_sale_ratio": 3.34,
            "price_fair": 57.93,
            "eps_avg_yearly": 1.66,
            "eps_latest_yearly": 3.32,
            "eps_growth_yearly": 627.05
        },
        "20164": {
            "year_quarter": 20164,
            "year": 2016,
            "quarter": 4,
            "eps": 1.69,
            "eps_growth_year": 168.38,
            "eps_4q": 3.69,
            "eps_4q_growth_year": 67.51,
            "roe": 6.89,
            "roe_4q": 15.66,
            "gross_profit": 1748754,
            "gross_margin": 29.01,
            "gross_margin_4q_avg": 27.55,
            "net_income": 1005592,
            "net_income_4q": null,
            "revenue": 6028989,
            "revenue_4q": null,
            "common_shares": 5687392,
            "book_valuer_per_share": 24.35,
            "book_valuer_per_share_4q_avg": 23.35,
            "equity": 15100782,
            "current_ratio": 182.16,
            "debt_ratio": 41.29,
            "inventory_turnover_ratio": 1.34,
            "account_receivable_turnover_ratio": 1.16,
            "reinvestment_rate": 5.3,
            "research_to_sale_ratio": 4.09,
            "price_fair": 70.61,
            "eps_avg_yearly": 2.02,
            "eps_latest_yearly": 6.76,
            "eps_growth_yearly": 577.95
        },
        "20171": {
            "year_quarter": 20171,
            "year": 2017,
            "quarter": 1,
            "eps": 0.72,
            "eps_growth_year": 35.85,
            "eps_4q": 3.87,
            "eps_4q_growth_year": 81.62,
            "roe": 2.89,
            "roe_4q": 16.279999999999998,
            "gross_profit": 1447707,
            "gross_margin": 27.84,
            "gross_margin_4q_avg": 27.7,
            "net_income": 433644,
            "net_income_4q": null,
            "revenue": 5200840,
            "revenue_4q": null,
            "common_shares": 5701942,
            "book_valuer_per_share": 24.02,
            "book_valuer_per_share_4q_avg": 23.35,
            "equity": 14939931,
            "current_ratio": 197.26,
            "debt_ratio": 37.92,
            "inventory_turnover_ratio": 1.16,
            "account_receivable_turnover_ratio": 1.06,
            "reinvestment_rate": -4.89,
            "research_to_sale_ratio": 3.54,
            "price_fair": 75.95,
            "eps_avg_yearly": 2.17,
            "eps_latest_yearly": 2.88,
            "eps_growth_yearly": 577.14
        },
        "20172": {
            "year_quarter": 20172,
            "year": 2017,
            "quarter": 2,
            "eps": 0.73,
            "eps_growth_year": 15.87,
            "eps_4q": 3.97,
            "eps_4q_growth_year": 74.56,
            "roe": 3.11,
            "roe_4q": 16.57,
            "gross_profit": 1454515,
            "gross_margin": 28.95,
            "gross_margin_4q_avg": 28.28,
            "net_income": 447328,
            "net_income_4q": null,
            "revenue": 5024944,
            "revenue_4q": null,
            "common_shares": 5703892,
            "book_valuer_per_share": 22.1,
            "book_valuer_per_share_4q_avg": 23.29,
            "equity": 13862273,
            "current_ratio": 166.06,
            "debt_ratio": 43.92,
            "inventory_turnover_ratio": 1.06,
            "account_receivable_turnover_ratio": 1.11,
            "reinvestment_rate": -3,
            "research_to_sale_ratio": 4.03,
            "price_fair": 81.2,
            "eps_avg_yearly": 2.32,
            "eps_latest_yearly": 2.92,
            "eps_growth_yearly": 572.95
        },
        "20173": {
            "year_quarter": 20173,
            "year": 2017,
            "quarter": 3,
            "eps": 1.02,
            "eps_growth_year": 22.89,
            "eps_4q": 4.16,
            "eps_4q_growth_year": 57.12,
            "roe": 4.35,
            "roe_4q": 17.24,
            "gross_profit": 1650476,
            "gross_margin": 28.56,
            "gross_margin_4q_avg": 28.59,
            "net_income": 618344,
            "net_income_4q": null,
            "revenue": 5778809,
            "revenue_4q": null,
            "common_shares": 5706892,
            "book_valuer_per_share": 23.23,
            "book_valuer_per_share_4q_avg": 23.43,
            "equity": 14555319,
            "current_ratio": 179.15,
            "debt_ratio": 40.68,
            "inventory_turnover_ratio": 1.09,
            "account_receivable_turnover_ratio": 1.16,
            "reinvestment_rate": 1.07,
            "research_to_sale_ratio": 4.43,
            "price_fair": 89.08,
            "eps_avg_yearly": 2.55,
            "eps_latest_yearly": 4.08,
            "eps_growth_yearly": 584.8
        },
        "20174": {
            "year_quarter": 20174,
            "year": 2017,
            "quarter": 4,
            "eps": 0.9,
            "eps_growth_year": -46.69,
            "eps_4q": 3.37,
            "eps_4q_growth_year": -8.63,
            "roe": 3.7,
            "roe_4q": 14.05,
            "gross_profit": 1707870,
            "gross_margin": 27.58,
            "gross_margin_4q_avg": 28.23,
            "net_income": 546897,
            "net_income_4q": null,
            "revenue": 6192440,
            "revenue_4q": null,
            "common_shares": 5715502,
            "book_valuer_per_share": 23.96,
            "book_valuer_per_share_4q_avg": 23.33,
            "equity": 15024728,
            "current_ratio": 183.93,
            "debt_ratio": 41.73,
            "inventory_turnover_ratio": 1.08,
            "account_receivable_turnover_ratio": 1.13,
            "reinvestment_rate": 2.68,
            "research_to_sale_ratio": 4.08,
            "price_fair": 94.06,
            "eps_avg_yearly": 2.69,
            "eps_latest_yearly": 3.6,
            "eps_growth_yearly": 538.11
        },
        "20181": {
            "year_quarter": 20181,
            "year": 2018,
            "quarter": 1,
            "eps": 0.81,
            "eps_growth_year": 12.5,
            "eps_4q": 3.4,
            "eps_4q_growth_year": -11.96,
            "roe": 3.22,
            "roe_4q": 14.379999999999999,
            "gross_profit": 1470762,
            "gross_margin": 26.47,
            "gross_margin_4q_avg": 27.89,
            "net_income": 500219,
            "net_income_4q": null,
            "revenue": 5555973,
            "revenue_4q": null,
            "common_shares": 5831192,
            "book_valuer_per_share": 25.16,
            "book_valuer_per_share_4q_avg": 23.61,
            "equity": 16039593,
            "current_ratio": 194.86,
            "debt_ratio": 38.16,
            "inventory_turnover_ratio": 0.97,
            "account_receivable_turnover_ratio": 1.09,
            "reinvestment_rate": -3.81,
            "research_to_sale_ratio": 4.25,
            "price_fair": 100.98,
            "eps_avg_yearly": 2.89,
            "eps_latest_yearly": 3.24,
            "eps_growth_yearly": 559.09
        },
        "20182": {
            "year_quarter": 20182,
            "year": 2018,
            "quarter": 2,
            "eps": 0.77,
            "eps_growth_year": 5.48,
            "eps_4q": 3.46,
            "eps_4q_growth_year": -12.87,
            "roe": 3.22,
            "roe_4q": 14.49,
            "gross_profit": 1644692,
            "gross_margin": 28.16,
            "gross_margin_4q_avg": 27.69,
            "net_income": 501945,
            "net_income_4q": null,
            "revenue": 5841243,
            "revenue_4q": null,
            "common_shares": 5834142,
            "book_valuer_per_share": 23.68,
            "book_valuer_per_share_4q_avg": 24.01,
            "equity": 15182843,
            "current_ratio": 167.77,
            "debt_ratio": 44.08,
            "inventory_turnover_ratio": 1.02,
            "account_receivable_turnover_ratio": 1.18,
            "reinvestment_rate": 4.15,
            "research_to_sale_ratio": 5.63,
            "price_fair": 104.74,
            "eps_avg_yearly": 2.99,
            "eps_latest_yearly": 3.08,
            "eps_growth_yearly": 157.86
        },
        "20183": {
            "year_quarter": 20183,
            "year": 2018,
            "quarter": 3,
            "eps": 1.2,
            "eps_growth_year": 17.65,
            "eps_4q": 3.66,
            "eps_4q_growth_year": -12.03,
            "roe": 4.9,
            "roe_4q": 15.040000000000003,
            "gross_profit": 2033742,
            "gross_margin": 29.82,
            "gross_margin_4q_avg": 28.01,
            "net_income": 754848,
            "net_income_4q": null,
            "revenue": 6821131,
            "revenue_4q": null,
            "common_shares": 5836392,
            "book_valuer_per_share": 24.4,
            "book_valuer_per_share_4q_avg": 24.3,
            "equity": 15631949,
            "current_ratio": 181.56,
            "debt_ratio": 42.64,
            "inventory_turnover_ratio": 1.14,
            "account_receivable_turnover_ratio": 1.24,
            "reinvestment_rate": 8.09,
            "research_to_sale_ratio": 4.66,
            "price_fair": 114.01,
            "eps_avg_yearly": 3.26,
            "eps_latest_yearly": 4.8,
            "eps_growth_yearly": 186.53
        },
        "20184": {
            "year_quarter": 20184,
            "year": 2018,
            "quarter": 4,
            "eps": 1.05,
            "eps_growth_year": 15.98,
            "eps_4q": 3.82,
            "eps_4q_growth_year": 13.36,
            "roe": 4.14,
            "roe_4q": 15.48,
            "gross_profit": 1920409,
            "gross_margin": 29.66,
            "gross_margin_4q_avg": 28.53,
            "net_income": 661365,
            "net_income_4q": null,
            "revenue": 6475489,
            "revenue_4q": null,
            "common_shares": 5791652,
            "book_valuer_per_share": 25.47,
            "book_valuer_per_share_4q_avg": 24.68,
            "equity": 16322041,
            "current_ratio": 187.68,
            "debt_ratio": 42.05,
            "inventory_turnover_ratio": 0.99,
            "account_receivable_turnover_ratio": 1.17,
            "reinvestment_rate": 9.04,
            "research_to_sale_ratio": 4.73,
            "price_fair": 114.36,
            "eps_avg_yearly": 3.27,
            "eps_latest_yearly": 4.2,
            "eps_growth_yearly": 28.04
        },
        "20191": {
            "year_quarter": 20191,
            "year": 2019,
            "quarter": 1,
            "eps": 0.57,
            "eps_growth_year": -29.63,
            "eps_4q": 3.59,
            "eps_4q_growth_year": 5.39,
            "roe": 2.29,
            "roe_4q": 14.55,
            "gross_profit": 1477438,
            "gross_margin": 25.99,
            "gross_margin_4q_avg": 28.41,
            "net_income": 381772,
            "net_income_4q": null,
            "revenue": 5684464,
            "revenue_4q": null,
            "common_shares": 5794752,
            "book_valuer_per_share": 26.56,
            "book_valuer_per_share_4q_avg": 25.03,
            "equity": 17028256,
            "current_ratio": 209.42,
            "debt_ratio": 39.05,
            "inventory_turnover_ratio": 0.89,
            "account_receivable_turnover_ratio": 1.1,
            "reinvestment_rate": 12.52,
            "research_to_sale_ratio": 4.68,
            "price_fair": 113.66,
            "eps_avg_yearly": 3.25,
            "eps_latest_yearly": 2.28,
            "eps_growth_yearly": 25.53
        },
        "20192": {
            "year_quarter": 20192,
            "year": 2019,
            "quarter": 2,
            "eps": 0.87,
            "eps_growth_year": 12.99,
            "eps_4q": 3.69,
            "eps_4q_growth_year": 6.81,
            "roe": 3.51,
            "roe_4q": 14.84,
            "gross_profit": 2028675,
            "gross_margin": 28.84,
            "gross_margin_4q_avg": 28.58,
            "net_income": 573867,
            "net_income_4q": null,
            "revenue": 7034208,
            "revenue_4q": null,
            "common_shares": 5795202,
            "book_valuer_per_share": 24.32,
            "book_valuer_per_share_4q_avg": 25.19,
            "equity": 15705955,
            "current_ratio": 167.18,
            "debt_ratio": 47.4,
            "inventory_turnover_ratio": 1.08,
            "account_receivable_turnover_ratio": 1.24,
            "reinvestment_rate": 10.17,
            "research_to_sale_ratio": 4.39,
            "price_fair": 117.16,
            "eps_avg_yearly": 3.35,
            "eps_latest_yearly": 3.48,
            "eps_growth_yearly": 45.61
        },
        "20193": {
            "year_quarter": 20193,
            "year": 2019,
            "quarter": 3,
            "eps": 1.02,
            "eps_growth_year": -15,
            "eps_4q": 3.49,
            "eps_4q_growth_year": -4.48,
            "roe": 4.13,
            "roe_4q": 14.07,
            "gross_profit": 2030264,
            "gross_margin": 28.17,
            "gross_margin_4q_avg": 28.17,
            "net_income": 658869,
            "net_income_4q": null,
            "revenue": 7206816,
            "revenue_4q": null,
            "common_shares": 5821782,
            "book_valuer_per_share": 24.93,
            "book_valuer_per_share_4q_avg": 25.32,
            "equity": 16174007,
            "current_ratio": 183.67,
            "debt_ratio": 44.18,
            "inventory_turnover_ratio": 1.12,
            "account_receivable_turnover_ratio": 1.14,
            "reinvestment_rate": 8.34,
            "research_to_sale_ratio": 4.4,
            "price_fair": 122.24,
            "eps_avg_yearly": 3.49,
            "eps_latest_yearly": 4.08,
            "eps_growth_yearly": 51.51
        },
        "20194": {
            "year_quarter": 20194,
            "year": 2019,
            "quarter": 4,
            "eps": 1.2,
            "eps_growth_year": 14.92,
            "eps_4q": 3.65,
            "eps_4q_growth_year": -4.4,
            "roe": 4.6,
            "roe_4q": 14.530000000000001,
            "gross_profit": 2104708,
            "gross_margin": 29.95,
            "gross_margin_4q_avg": 28.24,
            "net_income": 755420,
            "net_income_4q": null,
            "revenue": 7027422,
            "revenue_4q": null,
            "common_shares": 5830022,
            "book_valuer_per_share": 25.69,
            "book_valuer_per_share_4q_avg": 25.38,
            "equity": 16672740,
            "current_ratio": 179.49,
            "debt_ratio": 45.53,
            "inventory_turnover_ratio": 1,
            "account_receivable_turnover_ratio": 1.11,
            "reinvestment_rate": 9.67,
            "research_to_sale_ratio": 5.64,
            "price_fair": 127.23,
            "eps_avg_yearly": 3.64,
            "eps_latest_yearly": 4.8,
            "eps_growth_yearly": 45.13
        },
        "20201": {
            "year_quarter": 20201,
            "year": 2020,
            "quarter": 1,
            "eps": 0.47,
            "eps_growth_year": -17.54,
            "eps_4q": 3.55,
            "eps_4q_growth_year": -1.07,
            "roe": 2.01,
            "roe_4q": 14.249999999999998,
            "gross_profit": 1450569,
            "gross_margin": 25.91,
            "gross_margin_4q_avg": 28.22,
            "net_income": 320265,
            "net_income_4q": null,
            "revenue": 5598659,
            "revenue_4q": null,
            "common_shares": 5840112,
            "book_valuer_per_share": 23.21,
            "book_valuer_per_share_4q_avg": 24.54,
            "equity": 15211520,
            "current_ratio": 163.57,
            "debt_ratio": 49.73,
            "inventory_turnover_ratio": 0.8,
            "account_receivable_turnover_ratio": 0.97,
            "reinvestment_rate": 12.41,
            "research_to_sale_ratio": 4.88,
            "price_fair": 126.7,
            "eps_avg_yearly": 3.62,
            "eps_latest_yearly": 1.88,
            "eps_growth_yearly": 33.89
        },
        "20202": {
            "year_quarter": 20202,
            "year": 2020,
            "quarter": 2,
            "eps": 1.51,
            "eps_growth_year": 73.56,
            "eps_4q": 4.19,
            "eps_4q_growth_year": 13.53,
            "roe": 5.88,
            "roe_4q": 16.619999999999997,
            "gross_profit": 2278770,
            "gross_margin": 30.8,
            "gross_margin_4q_avg": 28.71,
            "net_income": 918380,
            "net_income_4q": null,
            "revenue": 7399662,
            "revenue_4q": null,
            "common_shares": 5843962,
            "book_valuer_per_share": 24.49,
            "book_valuer_per_share_4q_avg": 24.58,
            "equity": 16002147,
            "current_ratio": 167.34,
            "debt_ratio": 47.59,
            "inventory_turnover_ratio": 0.96,
            "account_receivable_turnover_ratio": 1.26,
            "reinvestment_rate": 23.55,
            "research_to_sale_ratio": 4.12,
            "price_fair": 134.4,
            "eps_avg_yearly": 3.84,
            "eps_latest_yearly": 6.04,
            "eps_growth_yearly": 84.49
        },
        "20203": {
            "year_quarter": 20203,
            "year": 2020,
            "quarter": 3,
            "eps": 1.12,
            "eps_growth_year": 9.8,
            "eps_4q": 4.29,
            "eps_4q_growth_year": 22.76,
            "roe": 4.01,
            "roe_4q": 16.5,
            "gross_profit": 1866042,
            "gross_margin": 26.33,
            "gross_margin_4q_avg": 28.25,
            "net_income": 661229,
            "net_income_4q": null,
            "revenue": 7086833,
            "revenue_4q": null,
            "common_shares": 5862267,
            "book_valuer_per_share": 26.01,
            "book_valuer_per_share_4q_avg": 24.85,
            "equity": 16968539,
            "current_ratio": 174.24,
            "debt_ratio": 45.08,
            "inventory_turnover_ratio": 1.01,
            "account_receivable_turnover_ratio": 1.08,
            "reinvestment_rate": 24.08,
            "research_to_sale_ratio": 4.09,
            "price_fair": 136.94,
            "eps_avg_yearly": 3.91,
            "eps_latest_yearly": 4.48,
            "eps_growth_yearly": 70.1
        },
        "20204": {
            "year_quarter": 20204,
            "year": 2020,
            "quarter": 4,
            "eps": 1.3,
            "eps_growth_year": 7.76,
            "eps_4q": 4.37,
            "eps_4q_growth_year": 19.75,
            "roe": 4.4,
            "roe_4q": 16.299999999999997,
            "gross_profit": 2181447,
            "gross_margin": 28.14,
            "gross_margin_4q_avg": 27.8,
            "net_income": 768919,
            "net_income_4q": null,
            "revenue": 7752589,
            "revenue_4q": null,
            "common_shares": 5892477,
            "book_valuer_per_share": 27.57,
            "book_valuer_per_share_4q_avg": 25.32,
            "equity": 17993295,
            "current_ratio": 168.93,
            "debt_ratio": 46.85,
            "inventory_turnover_ratio": 1.09,
            "account_receivable_turnover_ratio": 1.1,
            "reinvestment_rate": 9.83,
            "research_to_sale_ratio": 5.49,
            "price_fair": 133.53,
            "eps_avg_yearly": 3.82,
            "eps_latest_yearly": 5.2,
            "eps_growth_yearly": 48.21
        },
        "20211": {
            "year_quarter": 20211,
            "year": 2021,
            "quarter": 1,
            "eps": 0.85,
            "eps_growth_year": 80.85,
            "eps_4q": 4.74,
            "eps_4q_growth_year": 33.53,
            "roe": 2.92,
            "roe_4q": 17.21,
            "gross_profit": 1749033,
            "gross_margin": 24.15,
            "gross_margin_4q_avg": 27.36,
            "net_income": 501822,
            "net_income_4q": null,
            "revenue": 7243028,
            "revenue_4q": null,
            "common_shares": 5920989,
            "book_valuer_per_share": 24.83,
            "book_valuer_per_share_4q_avg": 25.73,
            "equity": 16436953,
            "current_ratio": 146.38,
            "debt_ratio": 52.73,
            "inventory_turnover_ratio": 0.96,
            "account_receivable_turnover_ratio": 0.96,
            "reinvestment_rate": 11.57,
            "research_to_sale_ratio": 4.97,
            "price_fair": 134.66,
            "eps_avg_yearly": 3.85,
            "eps_latest_yearly": 3.4,
            "eps_growth_yearly": 53.91
        },
        "20212": {
            "year_quarter": 20212,
            "year": 2021,
            "quarter": 2,
            "eps": 4.1,
            "eps_growth_year": 171.52,
            "eps_4q": 7.33,
            "eps_4q_growth_year": 74.93,
            "roe": 13.93,
            "roe_4q": 25.259999999999998,
            "gross_profit": 1956317,
            "gross_margin": 25.51,
            "gross_margin_4q_avg": 26.03,
            "net_income": 2413274,
            "net_income_4q": null,
            "revenue": 7668662,
            "revenue_4q": null,
            "common_shares": 5932919,
            "book_valuer_per_share": 27.79,
            "book_valuer_per_share_4q_avg": 26.55,
            "equity": 18207888,
            "current_ratio": 181.17,
            "debt_ratio": 46.93,
            "inventory_turnover_ratio": 0.92,
            "account_receivable_turnover_ratio": 1.02,
            "reinvestment_rate": 8.87,
            "research_to_sale_ratio": 5.37,
            "price_fair": 164.15,
            "eps_avg_yearly": 4.69,
            "eps_latest_yearly": 16.4,
            "eps_growth_yearly": 149.15
        },
        "20213": {
            "year_quarter": 20213,
            "year": 2021,
            "quarter": 3,
            "eps": 1.05,
            "eps_growth_year": -6.25,
            "eps_4q": 7.26,
            "eps_4q_growth_year": 69.15,
            "roe": 3.31,
            "roe_4q": 24.559999999999995,
            "gross_profit": 1863615,
            "gross_margin": 24.97,
            "gross_margin_4q_avg": 25.69,
            "net_income": 613320,
            "net_income_4q": null,
            "revenue": 7464102,
            "revenue_4q": null,
            "common_shares": 5954614,
            "book_valuer_per_share": 28.77,
            "book_valuer_per_share_4q_avg": 27.24,
            "equity": 18842012,
            "current_ratio": 177.65,
            "debt_ratio": 46.67,
            "inventory_turnover_ratio": 0.83,
            "account_receivable_turnover_ratio": 0.99,
            "reinvestment_rate": 9.72,
            "research_to_sale_ratio": 4.85,
            "price_fair": 164.41,
            "eps_avg_yearly": 4.7,
            "eps_latest_yearly": 4.2,
            "eps_growth_yearly": 120.62
        },
        "20214": {
            "year_quarter": 20214,
            "year": 2021,
            "quarter": 4,
            "eps": 1.2,
            "eps_growth_year": -7.41,
            "eps_4q": 7.15,
            "eps_4q_growth_year": 63.5,
            "roe": 3.79,
            "roe_4q": 23.950000000000003,
            "gross_profit": 1997443,
            "gross_margin": 25.91,
            "gross_margin_4q_avg": 25.14,
            "net_income": 734776,
            "net_income_4q": null,
            "revenue": 7708334,
            "revenue_4q": null,
            "common_shares": 5976984,
            "book_valuer_per_share": 30.49,
            "book_valuer_per_share_4q_avg": 27.97,
            "equity": 19963389,
            "current_ratio": 186.61,
            "debt_ratio": 44.31,
            "inventory_turnover_ratio": 0.79,
            "account_receivable_turnover_ratio": 1.02,
            "reinvestment_rate": 13.28,
            "research_to_sale_ratio": 4.47,
            "price_fair": 167.04,
            "eps_avg_yearly": 4.77,
            "eps_latest_yearly": 4.8,
            "eps_growth_yearly": 127.13
        },
        "20221": {
            "year_quarter": 20221,
            "year": 2022,
            "quarter": 1,
            "eps": 0.86,
            "eps_growth_year": 1.18,
            "eps_4q": 7.14,
            "eps_4q_growth_year": 50.77,
            "roe": 2.65,
            "roe_4q": 23.68,
            "gross_profit": 1773674,
            "gross_margin": 23.47,
            "gross_margin_4q_avg": 24.97,
            "net_income": 515644,
            "net_income_4q": null,
            "revenue": 7556995,
            "revenue_4q": null,
            "common_shares": 6000554,
            "book_valuer_per_share": 28.62,
            "book_valuer_per_share_4q_avg": 28.92,
            "equity": 18952411,
            "current_ratio": 166.75,
            "debt_ratio": 47.53,
            "inventory_turnover_ratio": 0.77,
            "account_receivable_turnover_ratio": 0.99,
            "reinvestment_rate": 20.7,
            "research_to_sale_ratio": 4.31,
            "price_fair": 167.48,
            "eps_avg_yearly": 4.79,
            "eps_latest_yearly": 3.44,
            "eps_growth_yearly": 122.55
        },
        "20222": {
            "year_quarter": 20222,
            "year": 2022,
            "quarter": 2,
            "eps": 0.44,
            "eps_growth_year": -89.27,
            "eps_4q": 3.53,
            "eps_4q_growth_year": -51.83,
            "roe": 1.55,
            "roe_4q": 11.3,
            "gross_profit": 1869258,
            "gross_margin": 24.97,
            "gross_margin_4q_avg": 24.83,
            "net_income": 297003,
            "net_income_4q": null,
            "revenue": 7486275,
            "revenue_4q": null,
            "common_shares": 6011339,
            "book_valuer_per_share": 29.23,
            "book_valuer_per_share_4q_avg": 29.28,
            "equity": 19372695,
            "current_ratio": 183.39,
            "debt_ratio": 45,
            "inventory_turnover_ratio": 0.77,
            "account_receivable_turnover_ratio": 0.94,
            "reinvestment_rate": 16.09,
            "research_to_sale_ratio": 4.22,
            "price_fair": 164.59,
            "eps_avg_yearly": 4.7,
            "eps_latest_yearly": 1.76,
            "eps_growth_yearly": 111.57
        },
        "20223": {
            "year_quarter": 20223,
            "year": 2022,
            "quarter": 3,
            "eps": 1.21,
            "eps_growth_year": 15.24,
            "eps_4q": 3.7,
            "eps_4q_growth_year": -49.03,
            "roe": 3.83,
            "roe_4q": 11.82,
            "gross_profit": 2265021,
            "gross_margin": 25.05,
            "gross_margin_4q_avg": 24.85,
            "net_income": 772055,
            "net_income_4q": null,
            "revenue": 9040462,
            "revenue_4q": null,
            "common_shares": 6015197,
            "book_valuer_per_share": 31.73,
            "book_valuer_per_share_4q_avg": 30.02,
            "equity": 20940062,
            "current_ratio": 185.15,
            "debt_ratio": 44.85,
            "inventory_turnover_ratio": 1,
            "account_receivable_turnover_ratio": 1.07,
            "reinvestment_rate": 17.82,
            "research_to_sale_ratio": 4.16,
            "price_fair": 164.68,
            "eps_avg_yearly": 4.71,
            "eps_latest_yearly": 4.84,
            "eps_growth_yearly": 141.36
        },
        "20224": {
            "year_quarter": 20224,
            "year": 2022,
            "quarter": 4,
            "eps": 1.75,
            "eps_growth_year": 46.09,
            "eps_4q": 4.25,
            "eps_4q_growth_year": -40.56,
            "roe": 5.15,
            "roe_4q": 13.180000000000001,
            "gross_profit": 2354401,
            "gross_margin": 28.05,
            "gross_margin_4q_avg": 25.39,
            "net_income": 1096975,
            "net_income_4q": null,
            "revenue": 8392401,
            "revenue_4q": null,
            "common_shares": 6034949,
            "book_valuer_per_share": 32.82,
            "book_valuer_per_share_4q_avg": 30.6,
            "equity": 21692271,
            "current_ratio": 189.66,
            "debt_ratio": 42.4,
            "inventory_turnover_ratio": 0.93,
            "account_receivable_turnover_ratio": 1.05,
            "reinvestment_rate": 17.03,
            "research_to_sale_ratio": 5.61,
            "price_fair": 170.8,
            "eps_avg_yearly": 4.88,
            "eps_latest_yearly": 7,
            "eps_growth_yearly": 155.65
        },
        "20231": {
            "year_quarter": 20231,
            "year": 2023,
            "quarter": 1,
            "eps": 1.27,
            "eps_growth_year": 47.67,
            "eps_4q": 4.64,
            "eps_4q_growth_year": -35.05,
            "roe": 3.84,
            "roe_4q": 14.370000000000001,
            "gross_profit": 2066764,
            "gross_margin": 25.34,
            "gross_margin_4q_avg": 25.85,
            "net_income": 805150,
            "net_income_4q": null,
            "revenue": 8155115,
            "revenue_4q": null,
            "common_shares": 6065004,
            "book_valuer_per_share": 30.17,
            "book_valuer_per_share_4q_avg": 30.99,
            "equity": 20200325,
            "current_ratio": 170.53,
            "debt_ratio": 46.03,
            "inventory_turnover_ratio": 0.99,
            "account_receivable_turnover_ratio": 1.15,
            "reinvestment_rate": 14.93,
            "research_to_sale_ratio": 4.52,
            "price_fair": 176.93,
            "eps_avg_yearly": 5.06,
            "eps_latest_yearly": 5.08,
            "eps_growth_yearly": 160.22
        },
        "20232": {
            "year_quarter": 20232,
            "year": 2023,
            "quarter": 2,
            "eps": 1.68,
            "eps_growth_year": 281.82,
            "eps_4q": 5.87,
            "eps_4q_growth_year": 66.32,
            "roe": 5.16,
            "roe_4q": 17.98,
            "gross_profit": 2378222,
            "gross_margin": 27.57,
            "gross_margin_4q_avg": 26.5,
            "net_income": 1072337,
            "net_income_4q": null,
            "revenue": 8627589,
            "revenue_4q": null,
            "common_shares": 6083184,
            "book_valuer_per_share": 31.77,
            "book_valuer_per_share_4q_avg": 31.62,
            "equity": 21331986,
            "current_ratio": 190.49,
            "debt_ratio": 42.63,
            "inventory_turnover_ratio": 1.11,
            "account_receivable_turnover_ratio": 1.13,
            "reinvestment_rate": 15.56,
            "research_to_sale_ratio": 4.32,
            "price_fair": 184.01,
            "eps_avg_yearly": 5.26,
            "eps_latest_yearly": 6.72,
            "eps_growth_yearly": 155.13
        },
        "20233": {
            "year_quarter": 20233,
            "year": 2023,
            "quarter": 3,
            "eps": 1.81,
            "eps_growth_year": 49.59,
            "eps_4q": 6.48,
            "eps_4q_growth_year": 75.17,
            "roe": 5.19,
            "roe_4q": 19.340000000000003,
            "gross_profit": 2656698,
            "gross_margin": 29.4,
            "gross_margin_4q_avg": 27.59,
            "net_income": 1160775,
            "net_income_4q": null,
            "revenue": 9036279,
            "revenue_4q": null,
            "common_shares": 6092074,
            "book_valuer_per_share": 34.89,
            "book_valuer_per_share_4q_avg": 32.41,
            "equity": 23411720,
            "current_ratio": 193.38,
            "debt_ratio": 42.33,
            "inventory_turnover_ratio": 1.13,
            "account_receivable_turnover_ratio": 1.08,
            "reinvestment_rate": 18.15,
            "research_to_sale_ratio": 4.98,
            "price_fair": 190.93,
            "eps_avg_yearly": 5.46,
            "eps_latest_yearly": 7.24,
            "eps_growth_yearly": 152.75
        }
    },
    "months": {
        "2002-02": {
            "month": "2002-02",
            "price": "40.07",
            "revenue": 1936728
        },
        "2002-03": {
            "month": "2002-03",
            "price": "50.30",
            "revenue": 2084493
        },
        "2002-04": {
            "month": "2002-04",
            "price": "54.14",
            "revenue": 1819530
        },
        "2002-05": {
            "month": "2002-05",
            "price": "46.99",
            "revenue": 1281295
        },
        "2002-06": {
            "month": "2002-06",
            "price": "38.82",
            "revenue": 1517573
        },
        "2002-07": {
            "month": "2002-07",
            "price": "32.78",
            "revenue": 1284172
        },
        "2002-08": {
            "month": "2002-08",
            "price": "36.10",
            "revenue": 1771611
        },
        "2002-09": {
            "month": "2002-09",
            "price": "38.00",
            "revenue": 1705101
        },
        "2002-10": {
            "month": "2002-10",
            "price": "32.90",
            "revenue": 2490400
        },
        "2002-11": {
            "month": "2002-11",
            "price": "33.01",
            "revenue": 2528177
        },
        "2002-12": {
            "month": "2002-12",
            "price": "29.19",
            "revenue": 1461643
        },
        "2003-01": {
            "month": "2003-01",
            "price": "27.86",
            "revenue": 1370561
        },
        "2003-02": {
            "month": "2003-02",
            "price": "25.98",
            "revenue": 1333993
        },
        "2003-03": {
            "month": "2003-03",
            "price": "22.45",
            "revenue": 1398278
        },
        "2003-04": {
            "month": "2003-04",
            "price": "21.25",
            "revenue": 1368773
        },
        "2003-05": {
            "month": "2003-05",
            "price": "17.86",
            "revenue": 1600872
        },
        "2003-06": {
            "month": "2003-06",
            "price": "20.58",
            "revenue": 1664560
        },
        "2003-07": {
            "month": "2003-07",
            "price": "19.85",
            "revenue": 1687343
        },
        "2003-08": {
            "month": "2003-08",
            "price": "17.71",
            "revenue": 2425466
        },
        "2003-09": {
            "month": "2003-09",
            "price": "16.57",
            "revenue": 2869560
        },
        "2003-10": {
            "month": "2003-10",
            "price": "15.07",
            "revenue": 3060418
        },
        "2003-11": {
            "month": "2003-11",
            "price": "15.69",
            "revenue": 3227076
        },
        "2003-12": {
            "month": "2003-12",
            "price": "15.97",
            "revenue": 2933342
        },
        "2004-01": {
            "month": "2004-01",
            "price": "16.75",
            "revenue": 1706689
        },
        "2004-02": {
            "month": "2004-02",
            "price": "17.01",
            "revenue": 2595689
        },
        "2004-03": {
            "month": "2004-03",
            "price": "16.35",
            "revenue": 2371658
        },
        "2004-04": {
            "month": "2004-04",
            "price": "15.83",
            "revenue": 1811337
        },
        "2004-05": {
            "month": "2004-05",
            "price": "14.18",
            "revenue": 2989044
        },
        "2004-06": {
            "month": "2004-06",
            "price": "13.98",
            "revenue": 2800399
        },
        "2004-07": {
            "month": "2004-07",
            "price": "13.26",
            "revenue": 3139404
        },
        "2004-08": {
            "month": "2004-08",
            "price": "13.01",
            "revenue": 3230513
        },
        "2004-09": {
            "month": "2004-09",
            "price": "14.49",
            "revenue": 3399412
        },
        "2004-10": {
            "month": "2004-10",
            "price": "14.00",
            "revenue": 3191621
        },
        "2004-11": {
            "month": "2004-11",
            "price": "13.95",
            "revenue": 3314427
        },
        "2004-12": {
            "month": "2004-12",
            "price": "14.25",
            "revenue": 2759112
        },
        "2005-01": {
            "month": "2005-01",
            "price": "15.97",
            "revenue": 2851843
        },
        "2005-02": {
            "month": "2005-02",
            "price": "17.45",
            "revenue": 2690960
        },
        "2005-03": {
            "month": "2005-03",
            "price": "19.50",
            "revenue": 2916396
        },
        "2005-04": {
            "month": "2005-04",
            "price": "23.40",
            "revenue": 3234498
        },
        "2005-05": {
            "month": "2005-05",
            "price": "23.59",
            "revenue": 2978335
        },
        "2005-06": {
            "month": "2005-06",
            "price": "25.26",
            "revenue": 1983396
        },
        "2005-07": {
            "month": "2005-07",
            "price": "25.39",
            "revenue": 2318620
        },
        "2005-08": {
            "month": "2005-08",
            "price": "24.51",
            "revenue": 3247608
        },
        "2005-09": {
            "month": "2005-09",
            "price": "26.32",
            "revenue": 3410171
        },
        "2005-10": {
            "month": "2005-10",
            "price": "26.95",
            "revenue": 4373403
        },
        "2005-11": {
            "month": "2005-11",
            "price": "23.98",
            "revenue": 4650406
        },
        "2005-12": {
            "month": "2005-12",
            "price": "24.89",
            "revenue": 3566286
        },
        "2006-01": {
            "month": "2006-01",
            "price": "24.89",
            "revenue": 2919250
        },
        "2006-02": {
            "month": "2006-02",
            "price": "24.93",
            "revenue": 2545894
        },
        "2006-03": {
            "month": "2006-03",
            "price": "20.19",
            "revenue": 2731946
        },
        "2006-04": {
            "month": "2006-04",
            "price": "17.15",
            "revenue": 3543002
        },
        "2006-05": {
            "month": "2006-05",
            "price": "16.31",
            "revenue": 2921042
        },
        "2006-06": {
            "month": "2006-06",
            "price": "13.38",
            "revenue": 2309419
        },
        "2006-07": {
            "month": "2006-07",
            "price": "12.21",
            "revenue": 2046870
        },
        "2006-08": {
            "month": "2006-08",
            "price": "11.92",
            "revenue": 2159247
        },
        "2006-09": {
            "month": "2006-09",
            "price": "10.89",
            "revenue": 1747291
        },
        "2006-10": {
            "month": "2006-10",
            "price": "11.96",
            "revenue": 1635492
        },
        "2006-11": {
            "month": "2006-11",
            "price": "13.06",
            "revenue": 1869747
        },
        "2006-12": {
            "month": "2006-12",
            "price": "14.62",
            "revenue": 1625160
        },
        "2007-01": {
            "month": "2007-01",
            "price": "14.85",
            "revenue": 1344718
        },
        "2007-02": {
            "month": "2007-02",
            "price": "14.32",
            "revenue": 1055169
        },
        "2007-03": {
            "month": "2007-03",
            "price": "16.63",
            "revenue": 1088919
        },
        "2007-04": {
            "month": "2007-04",
            "price": "28.05",
            "revenue": 952846
        },
        "2007-05": {
            "month": "2007-05",
            "price": "33.70",
            "revenue": 806768
        },
        "2007-06": {
            "month": "2007-06",
            "price": "39.81",
            "revenue": 719970
        },
        "2007-07": {
            "month": "2007-07",
            "price": "42.40",
            "revenue": 702963
        },
        "2007-08": {
            "month": "2007-08",
            "price": "38.03",
            "revenue": 676953
        },
        "2007-09": {
            "month": "2007-09",
            "price": "38.58",
            "revenue": 787806
        },
        "2007-10": {
            "month": "2007-10",
            "price": "42.04",
            "revenue": 951625
        },
        "2007-11": {
            "month": "2007-11",
            "price": "30.99",
            "revenue": 943134
        },
        "2007-12": {
            "month": "2007-12",
            "price": "24.88",
            "revenue": 791520
        },
        "2008-01": {
            "month": "2008-01",
            "price": "22.36",
            "revenue": 840251
        },
        "2008-02": {
            "month": "2008-02",
            "price": "21.96",
            "revenue": 633212
        },
        "2008-03": {
            "month": "2008-03",
            "price": "23.78",
            "revenue": 707319
        },
        "2008-04": {
            "month": "2008-04",
            "price": "25.45",
            "revenue": 518720
        },
        "2008-05": {
            "month": "2008-05",
            "price": "25.62",
            "revenue": 407089
        },
        "2008-06": {
            "month": "2008-06",
            "price": "21.33",
            "revenue": 442358
        },
        "2008-07": {
            "month": "2008-07",
            "price": "18.46",
            "revenue": 597483
        },
        "2008-08": {
            "month": "2008-08",
            "price": "17.20",
            "revenue": 604160
        },
        "2008-09": {
            "month": "2008-09",
            "price": "13.21",
            "revenue": 828673
        },
        "2008-10": {
            "month": "2008-10",
            "price": "13.25",
            "revenue": 736615
        },
        "2008-11": {
            "month": "2008-11",
            "price": "11.81",
            "revenue": 890996
        },
        "2008-12": {
            "month": "2008-12",
            "price": "12.80",
            "revenue": 670627
        },
        "2009-01": {
            "month": "2009-01",
            "price": "13.85",
            "revenue": 463652
        },
        "2009-02": {
            "month": "2009-02",
            "price": "13.41",
            "revenue": 463673
        },
        "2009-03": {
            "month": "2009-03",
            "price": "14.46",
            "revenue": 522366
        },
        "2009-04": {
            "month": "2009-04",
            "price": "16.23",
            "revenue": 578130
        },
        "2009-05": {
            "month": "2009-05",
            "price": "20.07",
            "revenue": 495873
        },
        "2009-06": {
            "month": "2009-06",
            "price": "18.37",
            "revenue": 423498
        },
        "2009-07": {
            "month": "2009-07",
            "price": "23.03",
            "revenue": 551469
        },
        "2009-08": {
            "month": "2009-08",
            "price": "29.28",
            "revenue": 414178
        },
        "2009-09": {
            "month": "2009-09",
            "price": "29.93",
            "revenue": 743040
        },
        "2009-10": {
            "month": "2009-10",
            "price": "31.73",
            "revenue": 753611
        },
        "2009-11": {
            "month": "2009-11",
            "price": "29.89",
            "revenue": 697287
        },
        "2009-12": {
            "month": "2009-12",
            "price": "29.59",
            "revenue": 417424
        },
        "2010-01": {
            "month": "2010-01",
            "price": "28.21",
            "revenue": 1593278
        },
        "2010-02": {
            "month": "2010-02",
            "price": "24.54",
            "revenue": 1259619
        },
        "2010-03": {
            "month": "2010-03",
            "price": "25.67",
            "revenue": 1556582
        },
        "2010-04": {
            "month": "2010-04",
            "price": "25.56",
            "revenue": 1468387
        },
        "2010-05": {
            "month": "2010-05",
            "price": "20.86",
            "revenue": 1402433
        },
        "2010-06": {
            "month": "2010-06",
            "price": "19.68",
            "revenue": 1428917
        },
        "2010-07": {
            "month": "2010-07",
            "price": "19.63",
            "revenue": 1288275
        },
        "2010-08": {
            "month": "2010-08",
            "price": "19.55",
            "revenue": 1396692
        },
        "2010-09": {
            "month": "2010-09",
            "price": "17.96",
            "revenue": 1568875
        },
        "2010-10": {
            "month": "2010-10",
            "price": "18.44",
            "revenue": 1468306
        },
        "2010-11": {
            "month": "2010-11",
            "price": "17.36",
            "revenue": 1573463
        },
        "2010-12": {
            "month": "2010-12",
            "price": "18.56",
            "revenue": 1382857
        },
        "2011-01": {
            "month": "2011-01",
            "price": "18.46",
            "revenue": 1059293
        },
        "2011-02": {
            "month": "2011-02",
            "price": "17.47",
            "revenue": 1035816
        },
        "2011-03": {
            "month": "2011-03",
            "price": "16.29",
            "revenue": 1315955
        },
        "2011-04": {
            "month": "2011-04",
            "price": "15.34",
            "revenue": 1242275
        },
        "2011-05": {
            "month": "2011-05",
            "price": "13.88",
            "revenue": 1331462
        },
        "2011-06": {
            "month": "2011-06",
            "price": "13.91",
            "revenue": 1435745
        },
        "2011-07": {
            "month": "2011-07",
            "price": "13.43",
            "revenue": 1170790
        },
        "2011-08": {
            "month": "2011-08",
            "price": "16.64",
            "revenue": 1445893
        },
        "2011-09": {
            "month": "2011-09",
            "price": "18.52",
            "revenue": 1583907
        },
        "2011-10": {
            "month": "2011-10",
            "price": "17.42",
            "revenue": 1449283
        },
        "2011-11": {
            "month": "2011-11",
            "price": "15.78",
            "revenue": 1372476
        },
        "2011-12": {
            "month": "2011-12",
            "price": "14.08",
            "revenue": 1424323
        },
        "2012-01": {
            "month": "2012-01",
            "price": "14.11",
            "revenue": 1008088
        },
        "2012-02": {
            "month": "2012-02",
            "price": "16.66",
            "revenue": 1282347
        },
        "2012-03": {
            "month": "2012-03",
            "price": "23.96",
            "revenue": 1404935
        },
        "2012-04": {
            "month": "2012-04",
            "price": "24.02",
            "revenue": 1212941
        },
        "2012-05": {
            "month": "2012-05",
            "price": "22.45",
            "revenue": 1474322
        },
        "2012-06": {
            "month": "2012-06",
            "price": "23.60",
            "revenue": 1510393
        },
        "2012-07": {
            "month": "2012-07",
            "price": "23.06",
            "revenue": 1335936
        },
        "2012-08": {
            "month": "2012-08",
            "price": "22.11",
            "revenue": 1362974
        },
        "2012-09": {
            "month": "2012-09",
            "price": "21.53",
            "revenue": 1435230
        },
        "2012-10": {
            "month": "2012-10",
            "price": "18.00",
            "revenue": 1446782
        },
        "2012-11": {
            "month": "2012-11",
            "price": "14.27",
            "revenue": 1407664
        },
        "2012-12": {
            "month": "2012-12",
            "price": "15.65",
            "revenue": 1562557
        },
        "2013-01": {
            "month": "2013-01",
            "price": "15.70",
            "revenue": 1388596
        },
        "2013-02": {
            "month": "2013-02",
            "price": "14.82",
            "revenue": 845595
        },
        "2013-03": {
            "month": "2013-03",
            "price": "15.05",
            "revenue": 1384880
        },
        "2013-04": {
            "month": "2013-04",
            "price": "14.25",
            "revenue": 1096402
        },
        "2013-05": {
            "month": "2013-05",
            "price": "15.81",
            "revenue": 1313521
        },
        "2013-06": {
            "month": "2013-06",
            "price": "15.38",
            "revenue": 1310512
        },
        "2013-07": {
            "month": "2013-07",
            "price": "15.37",
            "revenue": 1214271
        },
        "2013-08": {
            "month": "2013-08",
            "price": "14.74",
            "revenue": 1263631
        },
        "2013-09": {
            "month": "2013-09",
            "price": "14.76",
            "revenue": 1242880
        },
        "2013-10": {
            "month": "2013-10",
            "price": "15.98",
            "revenue": 1288869
        },
        "2013-11": {
            "month": "2013-11",
            "price": "14.68",
            "revenue": 1314253
        },
        "2013-12": {
            "month": "2013-12",
            "price": "14.90",
            "revenue": 1427920
        },
        "2014-01": {
            "month": "2014-01",
            "price": "15.51",
            "revenue": 1097572
        },
        "2014-02": {
            "month": "2014-02",
            "price": "15.28",
            "revenue": 1104655
        },
        "2014-03": {
            "month": "2014-03",
            "price": "16.78",
            "revenue": 1253097
        },
        "2014-04": {
            "month": "2014-04",
            "price": "16.96",
            "revenue": 1265846
        },
        "2014-05": {
            "month": "2014-05",
            "price": "16.29",
            "revenue": 1281676
        },
        "2014-06": {
            "month": "2014-06",
            "price": "16.83",
            "revenue": 1362318
        },
        "2014-07": {
            "month": "2014-07",
            "price": "17.00",
            "revenue": 1172358
        },
        "2014-08": {
            "month": "2014-08",
            "price": "16.78",
            "revenue": 1397679
        },
        "2014-09": {
            "month": "2014-09",
            "price": "15.98",
            "revenue": 1527090
        },
        "2014-10": {
            "month": "2014-10",
            "price": "15.10",
            "revenue": 1535076
        },
        "2014-11": {
            "month": "2014-11",
            "price": "15.64",
            "revenue": 1528117
        },
        "2014-12": {
            "month": "2014-12",
            "price": "16.68",
            "revenue": 1756220
        },
        "2015-01": {
            "month": "2015-01",
            "price": "18.84",
            "revenue": 1429881
        },
        "2015-02": {
            "month": "2015-02",
            "price": "18.58",
            "revenue": 1169272
        },
        "2015-03": {
            "month": "2015-03",
            "price": "18.89",
            "revenue": 1635229
        },
        "2015-04": {
            "month": "2015-04",
            "price": "19.05",
            "revenue": 1462179
        },
        "2015-05": {
            "month": "2015-05",
            "price": "20.30",
            "revenue": 1405311
        },
        "2015-06": {
            "month": "2015-06",
            "price": "23.04",
            "revenue": 1563983
        },
        "2015-07": {
            "month": "2015-07",
            "price": "22.60",
            "revenue": 1498243
        },
        "2015-08": {
            "month": "2015-08",
            "price": "20.07",
            "revenue": 1526721
        },
        "2015-09": {
            "month": "2015-09",
            "price": "20.18",
            "revenue": 1560016
        },
        "2015-10": {
            "month": "2015-10",
            "price": "21.82",
            "revenue": 1729228
        },
        "2015-11": {
            "month": "2015-11",
            "price": "21.88",
            "revenue": 1602958
        },
        "2015-12": {
            "month": "2015-12",
            "price": "20.57",
            "revenue": 1787723
        },
        "2016-01": {
            "month": "2016-01",
            "price": "19.32",
            "revenue": 1511672
        },
        "2016-02": {
            "month": "2016-02",
            "price": "20.60",
            "revenue": 1224682
        },
        "2016-03": {
            "month": "2016-03",
            "price": "21.81",
            "revenue": 1570560
        },
        "2016-04": {
            "month": "2016-04",
            "price": "22.24",
            "revenue": 1554848
        },
        "2016-05": {
            "month": "2016-05",
            "price": "22.12",
            "revenue": 1537605
        },
        "2016-06": {
            "month": "2016-06",
            "price": "22.72",
            "revenue": 1629428
        },
        "2016-07": {
            "month": "2016-07",
            "price": "23.83",
            "revenue": 1464959
        },
        "2016-08": {
            "month": "2016-08",
            "price": "25.82",
            "revenue": 1779965
        },
        "2016-09": {
            "month": "2016-09",
            "price": "33.42",
            "revenue": 2104237
        },
        "2016-10": {
            "month": "2016-10",
            "price": "39.83",
            "revenue": 1908241
        },
        "2016-11": {
            "month": "2016-11",
            "price": "38.82",
            "revenue": 2043825
        },
        "2016-12": {
            "month": "2016-12",
            "price": "37.88",
            "revenue": 2076923
        },
        "2017-01": {
            "month": "2017-01",
            "price": "43.14",
            "revenue": 1733864
        },
        "2017-02": {
            "month": "2017-02",
            "price": "45.44",
            "revenue": 1601803
        },
        "2017-03": {
            "month": "2017-03",
            "price": "44.15",
            "revenue": 1865173
        },
        "2017-04": {
            "month": "2017-04",
            "price": "39.99",
            "revenue": 1569076
        },
        "2017-05": {
            "month": "2017-05",
            "price": "40.12",
            "revenue": 1642751
        },
        "2017-06": {
            "month": "2017-06",
            "price": "40.21",
            "revenue": 1813117
        },
        "2017-07": {
            "month": "2017-07",
            "price": "41.19",
            "revenue": 1669806
        },
        "2017-08": {
            "month": "2017-08",
            "price": "41.00",
            "revenue": 2045727
        },
        "2017-09": {
            "month": "2017-09",
            "price": "42.16",
            "revenue": 2063276
        },
        "2017-10": {
            "month": "2017-10",
            "price": "42.55",
            "revenue": 1943830
        },
        "2017-11": {
            "month": "2017-11",
            "price": "41.24",
            "revenue": 2300656
        },
        "2017-12": {
            "month": "2017-12",
            "price": "42.69",
            "revenue": 1947954
        },
        "2018-01": {
            "month": "2018-01",
            "price": "44.16",
            "revenue": 2019358
        },
        "2018-02": {
            "month": "2018-02",
            "price": "42.55",
            "revenue": 1502522
        },
        "2018-03": {
            "month": "2018-03",
            "price": "43.22",
            "revenue": 2032106
        },
        "2018-04": {
            "month": "2018-04",
            "price": "43.71",
            "revenue": 1824041
        },
        "2018-05": {
            "month": "2018-05",
            "price": "42.55",
            "revenue": 1946391
        },
        "2018-06": {
            "month": "2018-06",
            "price": "44.60",
            "revenue": 2070789
        },
        "2018-07": {
            "month": "2018-07",
            "price": "45.61",
            "revenue": 2063283
        },
        "2018-08": {
            "month": "2018-08",
            "price": "41.87",
            "revenue": 2395074
        },
        "2018-09": {
            "month": "2018-09",
            "price": "40.14",
            "revenue": 2362774
        },
        "2018-10": {
            "month": "2018-10",
            "price": "37.84",
            "revenue": 2186893
        },
        "2018-11": {
            "month": "2018-11",
            "price": "37.50",
            "revenue": 2255005
        },
        "2018-12": {
            "month": "2018-12",
            "price": "39.70",
            "revenue": 2033591
        },
        "2019-01": {
            "month": "2019-01",
            "price": "42.93",
            "revenue": 2060166
        },
        "2019-02": {
            "month": "2019-02",
            "price": "46.01",
            "revenue": 1686754
        },
        "2019-03": {
            "month": "2019-03",
            "price": "50.72",
            "revenue": 1937544
        },
        "2019-04": {
            "month": "2019-04",
            "price": "47.66",
            "revenue": 2134899
        },
        "2019-05": {
            "month": "2019-05",
            "price": "43.29",
            "revenue": 2390096
        },
        "2019-06": {
            "month": "2019-06",
            "price": "45.32",
            "revenue": 2509213
        },
        "2019-07": {
            "month": "2019-07",
            "price": "44.79",
            "revenue": 2302921
        },
        "2019-08": {
            "month": "2019-08",
            "price": "47.46",
            "revenue": 2463307
        },
        "2019-09": {
            "month": "2019-09",
            "price": "47.37",
            "revenue": 2440588
        },
        "2019-10": {
            "month": "2019-10",
            "price": "48.76",
            "revenue": 2346253
        },
        "2019-11": {
            "month": "2019-11",
            "price": "47.71",
            "revenue": 2549617
        },
        "2019-12": {
            "month": "2019-12",
            "price": "46.73",
            "revenue": 2441354
        },
        "2020-01": {
            "month": "2020-01",
            "price": "47.54",
            "revenue": 1978770
        },
        "2020-02": {
            "month": "2020-02",
            "price": "50.45",
            "revenue": 1462062
        },
        "2020-03": {
            "month": "2020-03",
            "price": "45.78",
            "revenue": 2157827
        },
        "2020-04": {
            "month": "2020-04",
            "price": "43.18",
            "revenue": 2582678
        },
        "2020-05": {
            "month": "2020-05",
            "price": "44.98",
            "revenue": 2586704
        },
        "2020-06": {
            "month": "2020-06",
            "price": "43.42",
            "revenue": 2230280
        },
        "2020-07": {
            "month": "2020-07",
            "price": "42.93",
            "revenue": 2355672
        },
        "2020-08": {
            "month": "2020-08",
            "price": "44.66",
            "revenue": 2287430
        },
        "2020-09": {
            "month": "2020-09",
            "price": "46.81",
            "revenue": 2443731
        },
        "2020-10": {
            "month": "2020-10",
            "price": "47.10",
            "revenue": 2470818
        },
        "2020-11": {
            "month": "2020-11",
            "price": "47.89",
            "revenue": 2650376
        },
        "2020-12": {
            "month": "2020-12",
            "price": "48.50",
            "revenue": 2631395
        },
        "2021-01": {
            "month": "2021-01",
            "price": "48.42",
            "revenue": 2581834
        },
        "2021-02": {
            "month": "2021-02",
            "price": "49.89",
            "revenue": 1885502
        },
        "2021-03": {
            "month": "2021-03",
            "price": "61.80",
            "revenue": 2775692
        },
        "2021-04": {
            "month": "2021-04",
            "price": "57.74",
            "revenue": 2963080
        },
        "2021-05": {
            "month": "2021-05",
            "price": "51.88",
            "revenue": 2434671
        },
        "2021-06": {
            "month": "2021-06",
            "price": "52.31",
            "revenue": 2270911
        },
        "2021-07": {
            "month": "2021-07",
            "price": "55.45",
            "revenue": 2402106
        },
        "2021-08": {
            "month": "2021-08",
            "price": "53.36",
            "revenue": 2710858
        },
        "2021-09": {
            "month": "2021-09",
            "price": "52.65",
            "revenue": 2351138
        },
        "2021-10": {
            "month": "2021-10",
            "price": "51.06",
            "revenue": 2461010
        },
        "2021-11": {
            "month": "2021-11",
            "price": "54.04",
            "revenue": 2721741
        },
        "2021-12": {
            "month": "2021-12",
            "price": "54.09",
            "revenue": 2525583
        },
        "2022-01": {
            "month": "2022-01",
            "price": "54.89",
            "revenue": 2643512
        },
        "2022-02": {
            "month": "2022-02",
            "price": "57.52",
            "revenue": 2285820
        },
        "2022-03": {
            "month": "2022-03",
            "price": "55.34",
            "revenue": 2627664
        },
        "2022-04": {
            "month": "2022-04",
            "price": "46.91",
            "revenue": 1330849
        },
        "2022-05": {
            "month": "2022-05",
            "price": "45.14",
            "revenue": 2874312
        },
        "2022-06": {
            "month": "2022-06",
            "price": "43.32",
            "revenue": 3281113
        },
        "2022-07": {
            "month": "2022-07",
            "price": "42.85",
            "revenue": 2964559
        },
        "2022-08": {
            "month": "2022-08",
            "price": "46.45",
            "revenue": 2937045
        },
        "2022-09": {
            "month": "2022-09",
            "price": "44.75",
            "revenue": 3138858
        },
        "2022-10": {
            "month": "2022-10",
            "price": "40.64",
            "revenue": 2794016
        },
        "2022-11": {
            "month": "2022-11",
            "price": "40.76",
            "revenue": 3047057
        },
        "2022-12": {
            "month": "2022-12",
            "price": "43.34",
            "revenue": 2551328
        },
        "2023-01": {
            "month": "2023-01",
            "price": "44.61",
            "revenue": 2552574
        },
        "2023-02": {
            "month": "2023-02",
            "price": "47.39",
            "revenue": 2593014
        },
        "2023-03": {
            "month": "2023-03",
            "price": "55.57",
            "revenue": 3009527
        },
        "2023-04": {
            "month": "2023-04",
            "price": "57.64",
            "revenue": 2765606
        },
        "2023-05": {
            "month": "2023-05",
            "price": "63.95",
            "revenue": 2849533
        },
        "2023-06": {
            "month": "2023-06",
            "price": "71.08",
            "revenue": 3012450
        },
        "2023-07": {
            "month": "2023-07",
            "price": "68.02",
            "revenue": 2924603
        },
        "2023-08": {
            "month": "2023-08",
            "price": "67.85",
            "revenue": 3066215
        },
        "2023-09": {
            "month": "2023-09",
            "price": "74.87",
            "revenue": 3045461
        },
        "2023-10": {
            "month": "2023-10",
            "price": "76.36",
            "revenue": 3176427
        },
        "2023-11": {
            "month": "2023-11",
            "price": "88.87",
            "revenue": 3063367
        }
    }
}
