{
    "summary": {
        "stock_name": "晶豪科",
        "stock_id": "3006",
        "category": "半導體",
        "main_business": "動、靜態隨機存取記憶體(DRAM/SRAM)、快閃記憶體(FLASH)<br>類比積體電路、類比與數位混合積體電路<br>與本公司業務相關之產品設計及研發之技術服務",
        "website_url": "http://www.esmt.com.tw",
        "ceo": "張明鑒",
        "pe_ratio": -80,
        "report_year_from": 2001,
        "report_year_to": 2023,
        "age": 22,
        "eps_negative_percentage": 13,
        "eps_growth_avg": {
            "last_all": 11.01,
            "last_2y": 40.07,
            "last_4y": 14.42,
            "last_8y": 15.7,
            "last_12y": 12.84,
            "last_16y": 21.38,
            "last_20y": 11.01,
            "at_2006_last_3y": 8.85,
            "at_2007_last_3y": 33.85,
            "at_2008_last_3y": -3.57,
            "at_2009_last_3y": 44.86,
            "at_2010_last_3y": 44.86,
            "at_2011_last_3y": 1.52,
            "at_2012_last_3y": 33.33,
            "at_2013_last_3y": 0,
            "at_2014_last_3y": -16.92,
            "at_2015_last_3y": 4.36,
            "at_2016_last_3y": 9.18,
            "at_2017_last_3y": 17.29,
            "at_2018_last_3y": -4.2,
            "at_2019_last_3y": 3.09,
            "at_2020_last_3y": 23.38,
            "at_2021_last_3y": 37.98,
            "at_2022_last_3y": 22.98,
            "at_2023_last_3y": 22.98,
            "at_2006_last_all": -2.29,
            "at_2007_last_all": 10.32,
            "at_2008_last_all": -4.57,
            "at_2009_last_all": 8.5,
            "at_2010_last_all": 18.67,
            "at_2011_last_all": 6.8,
            "at_2012_last_all": 6.8,
            "at_2013_last_all": 6.8,
            "at_2014_last_all": 12.2,
            "at_2015_last_all": 6.39,
            "at_2016_last_all": 7.35,
            "at_2017_last_all": 9.8,
            "at_2018_last_all": 7.82,
            "at_2019_last_all": 5.57,
            "at_2020_last_all": 11.12,
            "at_2021_last_all": 16.06,
            "at_2022_last_all": 11.01,
            "at_2023_last_all": 11.01
        },
        "latest_eps": -1.04,
        "latest_price": 83.5,
        "latest_roe": -1.8,
        "latest_gross_margin": 5.88,
        "latest_equity": 11079812,
        "latest_revenue": 2717377,
        "latest_gross_profit": 159876,
        "latest_net_income": -369030,
        "latest_debt_ratio": 43.57,
        "latest_current_ratio": 202.95,
        "latest_account_receivable_turnover_ratio": 2.76,
        "latest_inventory_turnover_ratio": 0.31,
        "latest_reinvestment_rate": 18.68,
        "latest_research_to_sale_ratio": 14.76
    },
    "eps_dividends": {
        "2001": {
            "cash": 0,
            "stock": 0,
            "eps": 17.57
        },
        "2002": {
            "cash": 1.5,
            "stock": 3,
            "eps": 9.34
        },
        "2003": {
            "cash": 1.8,
            "stock": 1.2,
            "eps": 6.85
        },
        "2004": {
            "cash": 2,
            "stock": 1,
            "eps": 10.67
        },
        "2005": {
            "cash": 2.5,
            "stock": 1.2,
            "eps": 0.67
        },
        "2006": {
            "cash": 1,
            "stock": 0.34,
            "eps": 1.99
        },
        "2007": {
            "cash": 1.83,
            "stock": 0.3,
            "eps": 3.45
        },
        "2008": {
            "cash": 2.2,
            "stock": 0.3,
            "eps": 0.21
        },
        "2009": {
            "cash": 1.01,
            "stock": 0,
            "eps": 0.61
        },
        "2010": {
            "cash": 1,
            "stock": 0,
            "eps": 1.55
        },
        "2011": {
            "cash": 1.51,
            "stock": 0,
            "eps": -0.83
        },
        "2012": {
            "cash": 0,
            "stock": 0,
            "eps": -0.69
        },
        "2013": {
            "cash": 0.6,
            "stock": 0,
            "eps": 2.63
        },
        "2014": {
            "cash": 1.99,
            "stock": 0,
            "eps": 4.37
        },
        "2015": {
            "cash": 2.65,
            "stock": 0,
            "eps": 1.86
        },
        "2016": {
            "cash": 1.2,
            "stock": 0,
            "eps": 2.21
        },
        "2017": {
            "cash": 1.43,
            "stock": 0,
            "eps": 3.13
        },
        "2018": {
            "cash": 2.24,
            "stock": 0,
            "eps": 2.51
        },
        "2019": {
            "cash": 1.5,
            "stock": 0,
            "eps": 1.8
        },
        "2020": {
            "cash": 1,
            "stock": 0,
            "eps": 3.87
        },
        "2021": {
            "cash": 2,
            "stock": 0,
            "eps": 17.87
        },
        "2022": {
            "cash": 8,
            "stock": 0,
            "eps": 3.61
        },
        "2023": {
            "cash": 1.8,
            "stock": 0,
            "eps": -1.32
        }
    },
    "dividends": {
        "2002-06-19": {
            "cash": 1.5,
            "stock": 3
        },
        "2003-04-25": {
            "cash": 1.8,
            "stock": 1.2
        },
        "2004-04-26": {
            "cash": 2,
            "stock": 1
        },
        "2005-04-25": {
            "cash": 2.5,
            "stock": 1.2
        },
        "2006-04-27": {
            "cash": 1,
            "stock": 0.34
        },
        "2007-04-25": {
            "cash": 1.83,
            "stock": 0.3
        },
        "2008-04-25": {
            "cash": 2.2,
            "stock": 0.3
        },
        "2009-04-27": {
            "cash": 1.01,
            "stock": 0
        },
        "2010-04-26": {
            "cash": 1,
            "stock": 0
        },
        "2011-01-01": {
            "cash": 0.5,
            "stock": 0
        },
        "2011-04-25": {
            "cash": 1.01,
            "stock": 0
        },
        "2013-03-28": {
            "cash": 0.6,
            "stock": 0
        },
        "2014-06-18": {
            "cash": 1.99,
            "stock": 0
        },
        "2015-07-31": {
            "cash": 2.65,
            "stock": 0
        },
        "2016-07-29": {
            "cash": 1.2,
            "stock": 0
        },
        "2017-07-31": {
            "cash": 1.43,
            "stock": 0
        },
        "2018-07-31": {
            "cash": 2.24,
            "stock": 0
        },
        "2019-07-31": {
            "cash": 1.5,
            "stock": 0
        },
        "2020-07-31": {
            "cash": 1,
            "stock": 0
        },
        "2021-08-31": {
            "cash": 2,
            "stock": 0
        },
        "2022-07-29": {
            "cash": 8,
            "stock": 0
        },
        "2023-07-31": {
            "cash": 1.8,
            "stock": 0
        }
    },
    "prices": {
        "200101": "無",
        "200102": "無",
        "200103": "無",
        "200104": "無",
        "200105": "無",
        "200106": "無",
        "200107": "無",
        "200108": "無",
        "200109": "無",
        "200110": "無",
        "200111": "無",
        "200112": "無",
        "200201": "無",
        "200202": "無",
        "200203": "293.70",
        "200204": "317.38",
        "200205": "232.00",
        "200206": "210.55",
        "200207": "207.30",
        "200208": "224.27",
        "200209": "165.05",
        "200210": "162.07",
        "200211": "146.14",
        "200212": "116.55",
        "200301": "98.08",
        "200302": "90.12",
        "200303": "81.81",
        "200304": "79.55",
        "200305": "69.83",
        "200306": "88.15",
        "200307": "97.54",
        "200308": "95.33",
        "200309": "92.57",
        "200310": "87.89",
        "200311": "76.72",
        "200312": "69.15",
        "200401": "76.23",
        "200402": "91.10",
        "200403": "117.91",
        "200404": "149.61",
        "200405": "124.93",
        "200406": "108.40",
        "200407": "103.09",
        "200408": "97.98",
        "200409": "100.00",
        "200410": "85.32",
        "200411": "74.07",
        "200412": "70.07",
        "200501": "67.67",
        "200502": "73.92",
        "200503": "71.10",
        "200504": "57.10",
        "200505": "51.90",
        "200506": "61.40",
        "200507": "63.68",
        "200508": "52.60",
        "200509": "37.85",
        "200510": "34.13",
        "200511": "35.75",
        "200512": "40.89",
        "200601": "38.67",
        "200602": "35.96",
        "200603": "37.61",
        "200604": "37.57",
        "200605": "33.89",
        "200606": "27.69",
        "200607": "29.10",
        "200608": "28.73",
        "200609": "26.34",
        "200610": "26.87",
        "200611": "35.61",
        "200612": "34.01",
        "200701": "45.93",
        "200702": "54.25",
        "200703": "74.61",
        "200704": "63.69",
        "200705": "73.05",
        "200706": "85.52",
        "200707": "113.85",
        "200708": "98.61",
        "200709": "105.35",
        "200710": "102.29",
        "200711": "74.20",
        "200712": "62.02",
        "200801": "54.16",
        "200802": "47.36",
        "200803": "51.84",
        "200804": "59.21",
        "200805": "59.50",
        "200806": "44.94",
        "200807": "41.29",
        "200808": "41.59",
        "200809": "28.99",
        "200810": "26.65",
        "200811": "19.72",
        "200812": "18.41",
        "200901": "21.00",
        "200902": "23.26",
        "200903": "27.54",
        "200904": "32.13",
        "200905": "44.92",
        "200906": "44.58",
        "200907": "52.96",
        "200908": "51.36",
        "200909": "50.46",
        "200910": "49.08",
        "200911": "49.26",
        "200912": "52.50",
        "201001": "50.45",
        "201002": "41.79",
        "201003": "46.15",
        "201004": "68.28",
        "201005": "61.70",
        "201006": "58.97",
        "201007": "59.46",
        "201008": "57.03",
        "201009": "52.96",
        "201010": "50.35",
        "201011": "45.28",
        "201012": "49.05",
        "201101": "50.40",
        "201102": "54.31",
        "201103": "47.63",
        "201104": "45.25",
        "201105": "45.00",
        "201106": "42.11",
        "201107": "34.52",
        "201108": "30.28",
        "201109": "31.51",
        "201110": "32.98",
        "201111": "27.64",
        "201112": "23.36",
        "201201": "25.34",
        "201202": "30.86",
        "201203": "29.83",
        "201204": "25.61",
        "201205": "24.52",
        "201206": "23.87",
        "201207": "23.83",
        "201208": "24.45",
        "201209": "25.90",
        "201210": "23.17",
        "201211": "20.02",
        "201212": "22.34",
        "201301": "22.70",
        "201302": "23.42",
        "201303": "27.50",
        "201304": "34.47",
        "201305": "42.61",
        "201306": "43.03",
        "201307": "36.82",
        "201308": "34.81",
        "201309": "38.95",
        "201310": "40.29",
        "201311": "34.62",
        "201312": "34.35",
        "201401": "37.38",
        "201402": "38.08",
        "201403": "44.18",
        "201404": "51.90",
        "201405": "55.48",
        "201406": "61.42",
        "201407": "54.11",
        "201408": "50.47",
        "201409": "51.20",
        "201410": "45.25",
        "201411": "45.76",
        "201412": "49.67",
        "201501": "50.14",
        "201502": "49.03",
        "201503": "50.21",
        "201504": "45.40",
        "201505": "42.37",
        "201506": "40.41",
        "201507": "33.38",
        "201508": "27.00",
        "201509": "26.50",
        "201510": "28.15",
        "201511": "29.95",
        "201512": "31.00",
        "201601": "26.81",
        "201602": "28.41",
        "201603": "29.02",
        "201604": "27.20",
        "201605": "25.52",
        "201606": "28.00",
        "201607": "29.14",
        "201608": "29.77",
        "201609": "32.28",
        "201610": "34.21",
        "201611": "31.52",
        "201612": "32.96",
        "201701": "33.09",
        "201702": "33.53",
        "201703": "32.91",
        "201704": "42.06",
        "201705": "39.38",
        "201706": "38.04",
        "201707": "36.15",
        "201708": "39.39",
        "201709": "42.31",
        "201710": "47.42",
        "201711": "46.57",
        "201712": "42.23",
        "201801": "44.03",
        "201802": "41.82",
        "201803": "45.21",
        "201804": "41.23",
        "201805": "40.95",
        "201806": "41.22",
        "201807": "37.90",
        "201808": "37.24",
        "201809": "33.88",
        "201810": "30.56",
        "201811": "30.87",
        "201812": "31.13",
        "201901": "30.98",
        "201902": "33.43",
        "201903": "32.88",
        "201904": "32.96",
        "201905": "30.60",
        "201906": "30.71",
        "201907": "32.72",
        "201908": "31.82",
        "201909": "33.74",
        "201910": "32.52",
        "201911": "31.70",
        "201912": "35.45",
        "202001": "37.69",
        "202002": "35.08",
        "202003": "30.27",
        "202004": "35.10",
        "202005": "41.67",
        "202006": "39.98",
        "202007": "38.82",
        "202008": "38.41",
        "202009": "37.32",
        "202010": "40.69",
        "202011": "44.50",
        "202012": "58.19",
        "202101": "63.46",
        "202102": "74.33",
        "202103": "91.40",
        "202104": "142.00",
        "202105": "122.22",
        "202106": "136.19",
        "202107": "174.91",
        "202108": "153.45",
        "202109": "134.20",
        "202110": "123.52",
        "202111": "154.43",
        "202112": "164.86",
        "202201": "148.50",
        "202202": "149.07",
        "202203": "164.54",
        "202204": "133.66",
        "202205": "119.17",
        "202206": "107.44",
        "202207": "81.00",
        "202208": "80.27",
        "202209": "68.89",
        "202210": "65.60",
        "202211": "71.09",
        "202212": "69.28",
        "202301": "71.95",
        "202302": "80.38",
        "202303": "78.75",
        "202304": "85.19",
        "202305": "80.65",
        "202306": "87.19"
    },
    "quarters": {
        "20011": {
            "year_quarter": 20011,
            "year": 2001,
            "quarter": 1,
            "eps": 5.45,
            "eps_growth_year": null,
            "eps_4q": null,
            "eps_4q_growth_year": null,
            "roe": 12.44,
            "roe_4q": 12.44,
            "gross_profit": 196791,
            "gross_margin": 19.95,
            "gross_margin_4q_avg": 19.95,
            "net_income": 302022,
            "revenue": 986506,
            "common_shares": 554530,
            "book_valuer_per_share": 46.49,
            "book_valuer_per_share_4q_avg": 46.49,
            "equity": 2578114,
            "current_ratio": 381.65,
            "debt_ratio": 21.21,
            "inventory_turnover_ratio": 0.9,
            "account_receivable_turnover_ratio": null,
            "reinvestment_rate": null,
            "research_to_sale_ratio": null,
            "price_fair": 0,
            "eps_avg_yearly": 0,
            "eps_latest_yearly": 0,
            "eps_growth_yearly": 0
        },
        "20012": {
            "year_quarter": 20012,
            "year": 2001,
            "quarter": 2,
            "eps": 5.19,
            "eps_growth_year": null,
            "eps_4q": null,
            "eps_4q_growth_year": null,
            "roe": 11.38,
            "roe_4q": 23.82,
            "gross_profit": 95157,
            "gross_margin": 16.08,
            "gross_margin_4q_avg": 18.02,
            "net_income": 287942,
            "revenue": 591680,
            "common_shares": 554530,
            "book_valuer_per_share": 44.75,
            "book_valuer_per_share_4q_avg": 45.62,
            "equity": 2481476,
            "current_ratio": 354.67,
            "debt_ratio": 23.48,
            "inventory_turnover_ratio": 1.95,
            "account_receivable_turnover_ratio": null,
            "reinvestment_rate": null,
            "research_to_sale_ratio": null,
            "price_fair": 0,
            "eps_avg_yearly": 0,
            "eps_latest_yearly": 0,
            "eps_growth_yearly": 0
        },
        "20013": {
            "year_quarter": 20013,
            "year": 2001,
            "quarter": 3,
            "eps": 3.02,
            "eps_growth_year": null,
            "eps_4q": null,
            "eps_4q_growth_year": null,
            "roe": 11.47,
            "roe_4q": 35.29,
            "gross_profit": 195402,
            "gross_margin": 35.41,
            "gross_margin_4q_avg": 23.81,
            "net_income": 301874,
            "revenue": 551768,
            "common_shares": 1000000,
            "book_valuer_per_share": 27.83,
            "book_valuer_per_share_4q_avg": 39.69,
            "equity": 2783448,
            "current_ratio": 478.08,
            "debt_ratio": 17.17,
            "inventory_turnover_ratio": 1.12,
            "account_receivable_turnover_ratio": null,
            "reinvestment_rate": null,
            "research_to_sale_ratio": null,
            "price_fair": 0,
            "eps_avg_yearly": 0,
            "eps_latest_yearly": 0,
            "eps_growth_yearly": 0
        },
        "20014": {
            "year_quarter": 20014,
            "year": 2001,
            "quarter": 4,
            "eps": 3.91,
            "eps_growth_year": null,
            "eps_4q": 12.82,
            "eps_4q_growth_year": null,
            "roe": 13.14,
            "roe_4q": 48.43,
            "gross_profit": 120505,
            "gross_margin": 13.18,
            "gross_margin_4q_avg": 21.16,
            "net_income": 391374,
            "revenue": 914189,
            "common_shares": 1000000,
            "book_valuer_per_share": 31.75,
            "book_valuer_per_share_4q_avg": 37.71,
            "equity": 3174831,
            "current_ratio": 399.08,
            "debt_ratio": 24.8,
            "inventory_turnover_ratio": 1.8,
            "account_receivable_turnover_ratio": null,
            "reinvestment_rate": null,
            "research_to_sale_ratio": null,
            "price_fair": 0,
            "eps_avg_yearly": 0,
            "eps_latest_yearly": 0,
            "eps_growth_yearly": 0
        },
        "20021": {
            "year_quarter": 20021,
            "year": 2002,
            "quarter": 1,
            "eps": 3.83,
            "eps_growth_year": -29.72,
            "eps_4q": 13.66,
            "eps_4q_growth_year": null,
            "roe": 11.36,
            "roe_4q": 47.35,
            "gross_profit": 355448,
            "gross_margin": 44.46,
            "gross_margin_4q_avg": 27.28,
            "net_income": 382426,
            "revenue": 799520,
            "common_shares": 1000000,
            "book_valuer_per_share": 35.56,
            "book_valuer_per_share_4q_avg": 34.97,
            "equity": 3556169,
            "current_ratio": 620.25,
            "debt_ratio": 13.15,
            "inventory_turnover_ratio": 1.34,
            "account_receivable_turnover_ratio": null,
            "reinvestment_rate": null,
            "research_to_sale_ratio": null,
            "price_fair": 45.96,
            "eps_avg_yearly": 15.32,
            "eps_latest_yearly": 15.32,
            "eps_growth_yearly": -8.18
        },
        "20022": {
            "year_quarter": 20022,
            "year": 2002,
            "quarter": 2,
            "eps": 2.53,
            "eps_growth_year": -51.25,
            "eps_4q": 10.35,
            "eps_4q_growth_year": null,
            "roe": 9.76,
            "roe_4q": 45.73,
            "gross_profit": 373381,
            "gross_margin": 42.36,
            "gross_margin_4q_avg": 33.85,
            "net_income": 348120,
            "revenue": 881365,
            "common_shares": 1000000,
            "book_valuer_per_share": 35.75,
            "book_valuer_per_share_4q_avg": 32.72,
            "equity": 3574719,
            "current_ratio": 342.99,
            "debt_ratio": 29.96,
            "inventory_turnover_ratio": 1.47,
            "account_receivable_turnover_ratio": null,
            "reinvestment_rate": null,
            "research_to_sale_ratio": null,
            "price_fair": 38.16,
            "eps_avg_yearly": 12.72,
            "eps_latest_yearly": 10.12,
            "eps_growth_yearly": -71.98
        },
        "20023": {
            "year_quarter": 20023,
            "year": 2002,
            "quarter": 3,
            "eps": 1.5,
            "eps_growth_year": -50.33,
            "eps_4q": 9.64,
            "eps_4q_growth_year": null,
            "roe": 5.62,
            "roe_4q": 39.879999999999995,
            "gross_profit": 222873,
            "gross_margin": 21.2,
            "gross_margin_4q_avg": 30.3,
            "net_income": 206701,
            "revenue": 1051071,
            "common_shares": 1375000,
            "book_valuer_per_share": 27.5,
            "book_valuer_per_share_4q_avg": 32.64,
            "equity": 3781906,
            "current_ratio": 430.89,
            "debt_ratio": 26.63,
            "inventory_turnover_ratio": 1.36,
            "account_receivable_turnover_ratio": null,
            "reinvestment_rate": null,
            "research_to_sale_ratio": null,
            "price_fair": 31.44,
            "eps_avg_yearly": 10.48,
            "eps_latest_yearly": 6,
            "eps_growth_yearly": -102.27
        },
        "20024": {
            "year_quarter": 20024,
            "year": 2002,
            "quarter": 4,
            "eps": 1.48,
            "eps_growth_year": -62.15,
            "eps_4q": 8.28,
            "eps_4q_growth_year": -35.41,
            "roe": 5.25,
            "roe_4q": 31.990000000000002,
            "gross_profit": 214414,
            "gross_margin": 18.42,
            "gross_margin_4q_avg": 31.61,
            "net_income": 203980,
            "revenue": 1163901,
            "common_shares": 1375000,
            "book_valuer_per_share": 28.99,
            "book_valuer_per_share_4q_avg": 31.95,
            "equity": 3985829,
            "current_ratio": 388.92,
            "debt_ratio": 25.16,
            "inventory_turnover_ratio": 1.13,
            "account_receivable_turnover_ratio": null,
            "reinvestment_rate": null,
            "research_to_sale_ratio": null,
            "price_fair": 28.02,
            "eps_avg_yearly": 9.34,
            "eps_latest_yearly": 5.92,
            "eps_growth_yearly": -78.03
        },
        "20031": {
            "year_quarter": 20031,
            "year": 2003,
            "quarter": 1,
            "eps": 1.92,
            "eps_growth_year": -49.87,
            "eps_4q": 7.45,
            "eps_4q_growth_year": -45.47,
            "roe": 6.4,
            "roe_4q": 27.03,
            "gross_profit": 288624,
            "gross_margin": 22.07,
            "gross_margin_4q_avg": 26.01,
            "net_income": 263598,
            "revenue": 1307774,
            "common_shares": 1375000,
            "book_valuer_per_share": 30.9,
            "book_valuer_per_share_4q_avg": 30.79,
            "equity": 4249429,
            "current_ratio": 383.92,
            "debt_ratio": 23.45,
            "inventory_turnover_ratio": 1.23,
            "account_receivable_turnover_ratio": null,
            "reinvestment_rate": null,
            "research_to_sale_ratio": null,
            "price_fair": 27.02,
            "eps_avg_yearly": 9.01,
            "eps_latest_yearly": 7.68,
            "eps_growth_yearly": -38.64
        },
        "20032": {
            "year_quarter": 20032,
            "year": 2003,
            "quarter": 2,
            "eps": 1.07,
            "eps_growth_year": -57.71,
            "eps_4q": 5.96,
            "eps_4q_growth_year": -42.36,
            "roe": 3.54,
            "roe_4q": 20.810000000000002,
            "gross_profit": 202422,
            "gross_margin": 20.53,
            "gross_margin_4q_avg": 20.56,
            "net_income": 147396,
            "revenue": 985891,
            "common_shares": 1375000,
            "book_valuer_per_share": 29.65,
            "book_valuer_per_share_4q_avg": 29.26,
            "equity": 4077179,
            "current_ratio": 305.58,
            "debt_ratio": 27.88,
            "inventory_turnover_ratio": 0.97,
            "account_receivable_turnover_ratio": null,
            "reinvestment_rate": null,
            "research_to_sale_ratio": null,
            "price_fair": 24.66,
            "eps_avg_yearly": 8.22,
            "eps_latest_yearly": 4.28,
            "eps_growth_yearly": -61.72
        },
        "20033": {
            "year_quarter": 20033,
            "year": 2003,
            "quarter": 3,
            "eps": 0.86,
            "eps_growth_year": -42.67,
            "eps_4q": 4.76,
            "eps_4q_growth_year": -50.58,
            "roe": 3.27,
            "roe_4q": 18.46,
            "gross_profit": 268861,
            "gross_margin": 18.72,
            "gross_margin_4q_avg": 19.94,
            "net_income": 135437,
            "revenue": 1436098,
            "common_shares": 1581250,
            "book_valuer_per_share": 26.64,
            "book_valuer_per_share_4q_avg": 29.05,
            "equity": 4212384,
            "current_ratio": 368.44,
            "debt_ratio": 24.4,
            "inventory_turnover_ratio": 1.48,
            "account_receivable_turnover_ratio": null,
            "reinvestment_rate": null,
            "research_to_sale_ratio": null,
            "price_fair": 22.61,
            "eps_avg_yearly": 7.54,
            "eps_latest_yearly": 3.44,
            "eps_growth_yearly": -64.11
        },
        "20034": {
            "year_quarter": 20034,
            "year": 2003,
            "quarter": 4,
            "eps": 3,
            "eps_growth_year": 102.7,
            "eps_4q": 6.46,
            "eps_4q_growth_year": -21.99,
            "roe": 10.65,
            "roe_4q": 23.86,
            "gross_profit": 361709,
            "gross_margin": 22.56,
            "gross_margin_4q_avg": 20.97,
            "net_income": 473854,
            "revenue": 1603595,
            "common_shares": 1581250,
            "book_valuer_per_share": 29.64,
            "book_valuer_per_share_4q_avg": 29.21,
            "equity": 4686308,
            "current_ratio": 374.7,
            "debt_ratio": 26.45,
            "inventory_turnover_ratio": 1.66,
            "account_receivable_turnover_ratio": null,
            "reinvestment_rate": null,
            "research_to_sale_ratio": null,
            "price_fair": 283.33,
            "eps_avg_yearly": 8.1,
            "eps_latest_yearly": 12,
            "eps_growth_yearly": 68.32
        },
        "20041": {
            "year_quarter": 20041,
            "year": 2004,
            "quarter": 1,
            "eps": 4.21,
            "eps_growth_year": 119.27,
            "eps_4q": 9,
            "eps_4q_growth_year": 20.85,
            "roe": 13.25,
            "roe_4q": 30.709999999999997,
            "gross_profit": 868417,
            "gross_margin": 37.27,
            "gross_margin_4q_avg": 24.77,
            "net_income": 665154,
            "revenue": 2329857,
            "common_shares": 1581250,
            "book_valuer_per_share": 33.84,
            "book_valuer_per_share_4q_avg": 29.94,
            "equity": 5350250,
            "current_ratio": 348.97,
            "debt_ratio": 26.48,
            "inventory_turnover_ratio": 1.6,
            "account_receivable_turnover_ratio": null,
            "reinvestment_rate": null,
            "research_to_sale_ratio": null,
            "price_fair": 317.33,
            "eps_avg_yearly": 9.07,
            "eps_latest_yearly": 16.84,
            "eps_growth_yearly": 78.65
        },
        "20042": {
            "year_quarter": 20042,
            "year": 2004,
            "quarter": 2,
            "eps": 7.43,
            "eps_growth_year": 594.39,
            "eps_4q": 15.49,
            "eps_4q_growth_year": 159.71,
            "roe": 20.48,
            "roe_4q": 47.650000000000006,
            "gross_profit": 1322359,
            "gross_margin": 43.17,
            "gross_margin_4q_avg": 30.43,
            "net_income": 1174619,
            "revenue": 3063131,
            "common_shares": 1581250,
            "book_valuer_per_share": 38.71,
            "book_valuer_per_share_4q_avg": 32.21,
            "equity": 6121386,
            "current_ratio": 317,
            "debt_ratio": 29.85,
            "inventory_turnover_ratio": 1.63,
            "account_receivable_turnover_ratio": null,
            "reinvestment_rate": null,
            "research_to_sale_ratio": null,
            "price_fair": 389.62,
            "eps_avg_yearly": 11.13,
            "eps_latest_yearly": 29.72,
            "eps_growth_yearly": 101.38
        },
        "20043": {
            "year_quarter": 20043,
            "year": 2004,
            "quarter": 3,
            "eps": 1.44,
            "eps_growth_year": 67.44,
            "eps_4q": 14.43,
            "eps_4q_growth_year": 202.84,
            "roe": 4.1,
            "roe_4q": 48.48,
            "gross_profit": 463247,
            "gross_margin": 22.68,
            "gross_margin_4q_avg": 31.42,
            "net_income": 256470,
            "revenue": 2042533,
            "common_shares": 1778906,
            "book_valuer_per_share": 35.85,
            "book_valuer_per_share_4q_avg": 34.51,
            "equity": 6378136,
            "current_ratio": 344.93,
            "debt_ratio": 27.67,
            "inventory_turnover_ratio": 1.05,
            "account_receivable_turnover_ratio": null,
            "reinvestment_rate": null,
            "research_to_sale_ratio": null,
            "price_fair": 372.53,
            "eps_avg_yearly": 10.64,
            "eps_latest_yearly": 5.76,
            "eps_growth_yearly": 62.85
        },
        "20044": {
            "year_quarter": 20044,
            "year": 2004,
            "quarter": 4,
            "eps": -2.41,
            "eps_growth_year": -180.33,
            "eps_4q": 9.47,
            "eps_4q_growth_year": 46.61,
            "roe": -6.85,
            "roe_4q": 30.98,
            "gross_profit": 2203,
            "gross_margin": 0.17,
            "gross_margin_4q_avg": 25.82,
            "net_income": -425383,
            "revenue": 1275747,
            "common_shares": 1805739,
            "book_valuer_per_share": 33.42,
            "book_valuer_per_share_4q_avg": 35.46,
            "equity": 6034454,
            "current_ratio": 459.05,
            "debt_ratio": 21.72,
            "inventory_turnover_ratio": 0.74,
            "account_receivable_turnover_ratio": null,
            "reinvestment_rate": 5.68,
            "research_to_sale_ratio": null,
            "price_fair": 372.53,
            "eps_avg_yearly": 10.64,
            "eps_latest_yearly": 5.76,
            "eps_growth_yearly": 62.85
        },
        "20051": {
            "year_quarter": 20051,
            "year": 2005,
            "quarter": 1,
            "eps": -1.19,
            "eps_growth_year": -128.27,
            "eps_4q": 4.39,
            "eps_4q_growth_year": -51.19,
            "roe": -3.62,
            "roe_4q": 14.110000000000001,
            "gross_profit": -136662,
            "gross_margin": -11.51,
            "gross_margin_4q_avg": 13.63,
            "net_income": -214391,
            "revenue": 1187728,
            "common_shares": 1805739,
            "book_valuer_per_share": 32.23,
            "book_valuer_per_share_4q_avg": 35.05,
            "equity": 5819281,
            "current_ratio": 542.45,
            "debt_ratio": 18.88,
            "inventory_turnover_ratio": 0.99,
            "account_receivable_turnover_ratio": null,
            "reinvestment_rate": 5.49,
            "research_to_sale_ratio": null,
            "price_fair": 372.53,
            "eps_avg_yearly": 10.64,
            "eps_latest_yearly": 5.76,
            "eps_growth_yearly": 62.85
        },
        "20052": {
            "year_quarter": 20052,
            "year": 2005,
            "quarter": 2,
            "eps": -0.29,
            "eps_growth_year": -103.9,
            "eps_4q": -2.46,
            "eps_4q_growth_year": -115.85,
            "roe": -1.09,
            "roe_4q": -7.459999999999999,
            "gross_profit": -112379,
            "gross_margin": -8.32,
            "gross_margin_4q_avg": 0.76,
            "net_income": -60151,
            "revenue": 1350109,
            "common_shares": 1805739,
            "book_valuer_per_share": 28.73,
            "book_valuer_per_share_4q_avg": 32.56,
            "equity": 5188095,
            "current_ratio": 369.47,
            "debt_ratio": 26.69,
            "inventory_turnover_ratio": 1.44,
            "account_receivable_turnover_ratio": null,
            "reinvestment_rate": 6.13,
            "research_to_sale_ratio": null,
            "price_fair": 372.53,
            "eps_avg_yearly": 10.64,
            "eps_latest_yearly": 5.76,
            "eps_growth_yearly": 62.85
        },
        "20053": {
            "year_quarter": 20053,
            "year": 2005,
            "quarter": 3,
            "eps": 1.67,
            "eps_growth_year": 15.97,
            "eps_4q": -1.7,
            "eps_4q_growth_year": -111.81,
            "roe": 6.44,
            "roe_4q": -5.119999999999999,
            "gross_profit": 172028,
            "gross_margin": 10.89,
            "gross_margin_4q_avg": -2.19,
            "net_income": 346342,
            "revenue": 1579686,
            "common_shares": 2078325,
            "book_valuer_per_share": 26.77,
            "book_valuer_per_share_4q_avg": 30.29,
            "equity": 5564596,
            "current_ratio": 476.98,
            "debt_ratio": 23.16,
            "inventory_turnover_ratio": 1.5,
            "account_receivable_turnover_ratio": null,
            "reinvestment_rate": 5.83,
            "research_to_sale_ratio": null,
            "price_fair": 372.53,
            "eps_avg_yearly": 10.64,
            "eps_latest_yearly": 5.76,
            "eps_growth_yearly": 62.85
        },
        "20054": {
            "year_quarter": 20054,
            "year": 2005,
            "quarter": 4,
            "eps": 0.48,
            "eps_growth_year": null,
            "eps_4q": 0.83,
            "eps_4q_growth_year": -91.27,
            "roe": 1.77,
            "roe_4q": 3.500000000000001,
            "gross_profit": 217747,
            "gross_margin": 13.67,
            "gross_margin_4q_avg": 1.18,
            "net_income": 99452,
            "revenue": 1592327,
            "common_shares": 2078325,
            "book_valuer_per_share": 27.28,
            "book_valuer_per_share_4q_avg": 28.75,
            "equity": 5689487,
            "current_ratio": 465.87,
            "debt_ratio": 23.87,
            "inventory_turnover_ratio": 1.31,
            "account_receivable_turnover_ratio": null,
            "reinvestment_rate": 6.06,
            "research_to_sale_ratio": null,
            "price_fair": 347.08,
            "eps_avg_yearly": 9.92,
            "eps_latest_yearly": 1.92,
            "eps_growth_yearly": 33.86
        },
        "20061": {
            "year_quarter": 20061,
            "year": 2006,
            "quarter": 1,
            "eps": 0.02,
            "eps_growth_year": null,
            "eps_4q": 2.27,
            "eps_4q_growth_year": -48.3,
            "roe": 0.06,
            "roe_4q": 7.18,
            "gross_profit": 80337,
            "gross_margin": 5.5,
            "gross_margin_4q_avg": 5.44,
            "net_income": 3427,
            "revenue": 1461405,
            "common_shares": 2078325,
            "book_valuer_per_share": 27.3,
            "book_valuer_per_share_4q_avg": 27.52,
            "equity": 5672837,
            "current_ratio": 530.13,
            "debt_ratio": 21.55,
            "inventory_turnover_ratio": 1.34,
            "account_receivable_turnover_ratio": null,
            "reinvestment_rate": 6.47,
            "research_to_sale_ratio": null,
            "price_fair": 108.92,
            "eps_avg_yearly": 8.65,
            "eps_latest_yearly": 0.08,
            "eps_growth_yearly": 2.6
        },
        "20062": {
            "year_quarter": 20062,
            "year": 2006,
            "quarter": 2,
            "eps": 0.09,
            "eps_growth_year": null,
            "eps_4q": 2.27,
            "eps_4q_growth_year": null,
            "roe": 0.33,
            "roe_4q": 8.600000000000001,
            "gross_profit": 172984,
            "gross_margin": 12.41,
            "gross_margin_4q_avg": 10.62,
            "net_income": 18577,
            "revenue": 1394300,
            "common_shares": 2078325,
            "book_valuer_per_share": 26.31,
            "book_valuer_per_share_4q_avg": 26.92,
            "equity": 5467987,
            "current_ratio": 344.51,
            "debt_ratio": 26.85,
            "inventory_turnover_ratio": 1.1,
            "account_receivable_turnover_ratio": null,
            "reinvestment_rate": 6.13,
            "research_to_sale_ratio": null,
            "price_fair": 274.17,
            "eps_avg_yearly": 7.83,
            "eps_latest_yearly": 0.36,
            "eps_growth_yearly": 130.58
        },
        "20063": {
            "year_quarter": 20063,
            "year": 2006,
            "quarter": 3,
            "eps": 1.25,
            "eps_growth_year": -25.15,
            "eps_4q": 1.81,
            "eps_4q_growth_year": null,
            "roe": 4.82,
            "roe_4q": 6.98,
            "gross_profit": 307732,
            "gross_margin": 19.36,
            "gross_margin_4q_avg": 12.74,
            "net_income": 270705,
            "revenue": 1589691,
            "common_shares": 2166654,
            "book_valuer_per_share": 26.65,
            "book_valuer_per_share_4q_avg": 26.89,
            "equity": 5774746,
            "current_ratio": 327.98,
            "debt_ratio": 22.08,
            "inventory_turnover_ratio": 0.93,
            "account_receivable_turnover_ratio": null,
            "reinvestment_rate": 4.98,
            "research_to_sale_ratio": null,
            "price_fair": 271.25,
            "eps_avg_yearly": 7.75,
            "eps_latest_yearly": 5,
            "eps_growth_yearly": 573.78
        },
        "20064": {
            "year_quarter": 20064,
            "year": 2006,
            "quarter": 4,
            "eps": 0.63,
            "eps_growth_year": 31.25,
            "eps_4q": 1.97,
            "eps_4q_growth_year": 138.45,
            "roe": 2.35,
            "roe_4q": 7.56,
            "gross_profit": 240253,
            "gross_margin": 17.51,
            "gross_margin_4q_avg": 13.7,
            "net_income": 137523,
            "revenue": 1372055,
            "common_shares": 2166654,
            "book_valuer_per_share": 27.14,
            "book_valuer_per_share_4q_avg": 26.85,
            "equity": 5908355,
            "current_ratio": 516.71,
            "debt_ratio": 18.52,
            "inventory_turnover_ratio": 0.75,
            "account_receivable_turnover_ratio": null,
            "reinvestment_rate": 2.48,
            "research_to_sale_ratio": null,
            "price_fair": 261.33,
            "eps_avg_yearly": 7.47,
            "eps_latest_yearly": 2.52,
            "eps_growth_yearly": 557.69
        },
        "20071": {
            "year_quarter": 20071,
            "year": 2007,
            "quarter": 1,
            "eps": 0.74,
            "eps_growth_year": 3600,
            "eps_4q": 2.71,
            "eps_4q_growth_year": 19.28,
            "roe": 2.68,
            "roe_4q": 10.180000000000001,
            "gross_profit": 228786,
            "gross_margin": 16.96,
            "gross_margin_4q_avg": 16.56,
            "net_income": 160462,
            "revenue": 1348829,
            "common_shares": 2166654,
            "book_valuer_per_share": 27.99,
            "book_valuer_per_share_4q_avg": 27.02,
            "equity": 6063437,
            "current_ratio": 409.55,
            "debt_ratio": 17.26,
            "inventory_turnover_ratio": 0.76,
            "account_receivable_turnover_ratio": null,
            "reinvestment_rate": 0.48,
            "research_to_sale_ratio": null,
            "price_fair": 247.57,
            "eps_avg_yearly": 7.07,
            "eps_latest_yearly": 2.96,
            "eps_growth_yearly": 553.6
        },
        "20072": {
            "year_quarter": 20072,
            "year": 2007,
            "quarter": 2,
            "eps": 0.42,
            "eps_growth_year": 366.67,
            "eps_4q": 3.05,
            "eps_4q_growth_year": 34.6,
            "roe": 1.55,
            "roe_4q": 11.4,
            "gross_profit": 251718,
            "gross_margin": 17.13,
            "gross_margin_4q_avg": 17.74,
            "net_income": 90801,
            "revenue": 1469320,
            "common_shares": 2166654,
            "book_valuer_per_share": 26.16,
            "book_valuer_per_share_4q_avg": 26.99,
            "equity": 5666928,
            "current_ratio": 306.16,
            "debt_ratio": 22.64,
            "inventory_turnover_ratio": 0.88,
            "account_receivable_turnover_ratio": null,
            "reinvestment_rate": -0.35,
            "research_to_sale_ratio": null,
            "price_fair": 239.98,
            "eps_avg_yearly": 6.86,
            "eps_latest_yearly": 1.68,
            "eps_growth_yearly": 553.94
        },
        "20073": {
            "year_quarter": 20073,
            "year": 2007,
            "quarter": 3,
            "eps": 1.36,
            "eps_growth_year": 8.8,
            "eps_4q": 3.06,
            "eps_4q_growth_year": 69.22,
            "roe": 5.33,
            "roe_4q": 11.91,
            "gross_profit": 443282,
            "gross_margin": 19.82,
            "gross_margin_4q_avg": 17.86,
            "net_income": 310252,
            "revenue": 2236054,
            "common_shares": 2273654,
            "book_valuer_per_share": 26.25,
            "book_valuer_per_share_4q_avg": 26.89,
            "equity": 5969075,
            "current_ratio": 348.44,
            "debt_ratio": 20.38,
            "inventory_turnover_ratio": 1.38,
            "account_receivable_turnover_ratio": null,
            "reinvestment_rate": -3.01,
            "research_to_sale_ratio": null,
            "price_fair": 245.82,
            "eps_avg_yearly": 7.02,
            "eps_latest_yearly": 5.44,
            "eps_growth_yearly": 635.09
        },
        "20074": {
            "year_quarter": 20074,
            "year": 2007,
            "quarter": 4,
            "eps": 0.93,
            "eps_growth_year": 47.62,
            "eps_4q": 3.39,
            "eps_4q_growth_year": 71.9,
            "roe": 3.48,
            "roe_4q": 13.040000000000001,
            "gross_profit": 362097,
            "gross_margin": 20.15,
            "gross_margin_4q_avg": 18.52,
            "net_income": 212461,
            "revenue": 1796829,
            "common_shares": 2273654,
            "book_valuer_per_share": 27.27,
            "book_valuer_per_share_4q_avg": 26.92,
            "equity": 6242158,
            "current_ratio": 447.29,
            "debt_ratio": 21.36,
            "inventory_turnover_ratio": 1,
            "account_receivable_turnover_ratio": null,
            "reinvestment_rate": -2.7,
            "research_to_sale_ratio": null,
            "price_fair": 221.67,
            "eps_avg_yearly": 6.33,
            "eps_latest_yearly": 3.72,
            "eps_growth_yearly": 541.6
        },
        "20081": {
            "year_quarter": 20081,
            "year": 2008,
            "quarter": 1,
            "eps": 0.12,
            "eps_growth_year": -83.78,
            "eps_4q": 4.08,
            "eps_4q_growth_year": 50.64,
            "roe": 0.3,
            "roe_4q": 10.66,
            "gross_profit": 240754,
            "gross_margin": 16.6,
            "gross_margin_4q_avg": 18.43,
            "net_income": 18835,
            "revenue": 1450221,
            "common_shares": 2273654,
            "book_valuer_per_share": 26.91,
            "book_valuer_per_share_4q_avg": 26.65,
            "equity": 6167109,
            "current_ratio": 484.25,
            "debt_ratio": 19.74,
            "inventory_turnover_ratio": 0.64,
            "account_receivable_turnover_ratio": null,
            "reinvestment_rate": -2.95,
            "research_to_sale_ratio": null,
            "price_fair": 173.95,
            "eps_avg_yearly": 4.97,
            "eps_latest_yearly": 0.48,
            "eps_growth_yearly": 499.13
        },
        "20082": {
            "year_quarter": 20082,
            "year": 2008,
            "quarter": 2,
            "eps": 0.32,
            "eps_growth_year": -23.81,
            "eps_4q": 2.93,
            "eps_4q_growth_year": -4.05,
            "roe": 1.15,
            "roe_4q": 10.26,
            "gross_profit": 200786,
            "gross_margin": 14.25,
            "gross_margin_4q_avg": 17.71,
            "net_income": 68120,
            "revenue": 1409039,
            "common_shares": 2273654,
            "book_valuer_per_share": 24.6,
            "book_valuer_per_share_4q_avg": 26.26,
            "equity": 5637246,
            "current_ratio": 403.33,
            "debt_ratio": 23.63,
            "inventory_turnover_ratio": 0.56,
            "account_receivable_turnover_ratio": null,
            "reinvestment_rate": -5.2,
            "research_to_sale_ratio": null,
            "price_fair": 91,
            "eps_avg_yearly": 2.6,
            "eps_latest_yearly": 1.28,
            "eps_growth_yearly": 529.19
        },
        "20083": {
            "year_quarter": 20083,
            "year": 2008,
            "quarter": 3,
            "eps": 0.01,
            "eps_growth_year": -99.26,
            "eps_4q": 1.3,
            "eps_4q_growth_year": -57.5,
            "roe": -0.01,
            "roe_4q": 4.92,
            "gross_profit": 47883,
            "gross_margin": 3.57,
            "gross_margin_4q_avg": 13.64,
            "net_income": -291,
            "revenue": 1340439,
            "common_shares": 2415321,
            "book_valuer_per_share": 23.73,
            "book_valuer_per_share_4q_avg": 25.63,
            "equity": 5773726,
            "current_ratio": 657.31,
            "debt_ratio": 14.7,
            "inventory_turnover_ratio": 0.63,
            "account_receivable_turnover_ratio": null,
            "reinvestment_rate": -5.75,
            "research_to_sale_ratio": null,
            "price_fair": 74.32,
            "eps_avg_yearly": 2.12,
            "eps_latest_yearly": 0.04,
            "eps_growth_yearly": 523.77
        },
        "20084": {
            "year_quarter": 20084,
            "year": 2008,
            "quarter": 4,
            "eps": -0.24,
            "eps_growth_year": -125.81,
            "eps_4q": 0.32,
            "eps_4q_growth_year": -90.58,
            "roe": -1.03,
            "roe_4q": 0.40999999999999986,
            "gross_profit": 39777,
            "gross_margin": 5.13,
            "gross_margin_4q_avg": 9.89,
            "net_income": -59462,
            "revenue": 775777,
            "common_shares": 2419951,
            "book_valuer_per_share": 23.65,
            "book_valuer_per_share_4q_avg": 24.72,
            "equity": 5760718,
            "current_ratio": 934.85,
            "debt_ratio": 10.46,
            "inventory_turnover_ratio": 0.4,
            "account_receivable_turnover_ratio": 5.39,
            "reinvestment_rate": -5.36,
            "research_to_sale_ratio": null,
            "price_fair": 74.32,
            "eps_avg_yearly": 2.12,
            "eps_latest_yearly": 0.04,
            "eps_growth_yearly": 523.77
        },
        "20091": {
            "year_quarter": 20091,
            "year": 2009,
            "quarter": 1,
            "eps": -0.28,
            "eps_growth_year": -333.33,
            "eps_4q": -0.2,
            "eps_4q_growth_year": -105.01,
            "roe": -1.24,
            "roe_4q": -1.13,
            "gross_profit": 30459,
            "gross_margin": 3.92,
            "gross_margin_4q_avg": 6.72,
            "net_income": -71485,
            "revenue": 776711,
            "common_shares": 2422519,
            "book_valuer_per_share": 23.65,
            "book_valuer_per_share_4q_avg": 23.91,
            "equity": 5815681,
            "current_ratio": 1151.16,
            "debt_ratio": 8.65,
            "inventory_turnover_ratio": 0.45,
            "account_receivable_turnover_ratio": 2.17,
            "reinvestment_rate": -5.2,
            "research_to_sale_ratio": null,
            "price_fair": 74.32,
            "eps_avg_yearly": 2.12,
            "eps_latest_yearly": 0.04,
            "eps_growth_yearly": 523.77
        },
        "20092": {
            "year_quarter": 20092,
            "year": 2009,
            "quarter": 2,
            "eps": -0.14,
            "eps_growth_year": -143.75,
            "eps_4q": -0.65,
            "eps_4q_growth_year": -122.1,
            "roe": -0.61,
            "roe_4q": -2.8899999999999997,
            "gross_profit": 136395,
            "gross_margin": 11.74,
            "gross_margin_4q_avg": 6.09,
            "net_income": -34637,
            "revenue": 1161738,
            "common_shares": 2423404,
            "book_valuer_per_share": 22.23,
            "book_valuer_per_share_4q_avg": 23.32,
            "equity": 5480693,
            "current_ratio": 632.02,
            "debt_ratio": 15.46,
            "inventory_turnover_ratio": 0.72,
            "account_receivable_turnover_ratio": 2.56,
            "reinvestment_rate": -6.12,
            "research_to_sale_ratio": null,
            "price_fair": 74.32,
            "eps_avg_yearly": 2.12,
            "eps_latest_yearly": 0.04,
            "eps_growth_yearly": 523.77
        },
        "20093": {
            "year_quarter": 20093,
            "year": 2009,
            "quarter": 3,
            "eps": 0.31,
            "eps_growth_year": 3000,
            "eps_4q": -0.35,
            "eps_4q_growth_year": -127.08,
            "roe": 1.32,
            "roe_4q": -1.56,
            "gross_profit": 248670,
            "gross_margin": 17.66,
            "gross_margin_4q_avg": 9.61,
            "net_income": 72704,
            "revenue": 1407890,
            "common_shares": 2443101,
            "book_valuer_per_share": 22.44,
            "book_valuer_per_share_4q_avg": 22.99,
            "equity": 5572833,
            "current_ratio": 604.01,
            "debt_ratio": 16.09,
            "inventory_turnover_ratio": 0.88,
            "account_receivable_turnover_ratio": 2.62,
            "reinvestment_rate": -7.28,
            "research_to_sale_ratio": null,
            "price_fair": 74.32,
            "eps_avg_yearly": 2.12,
            "eps_latest_yearly": 0.04,
            "eps_growth_yearly": 523.77
        },
        "20094": {
            "year_quarter": 20094,
            "year": 2009,
            "quarter": 4,
            "eps": 0.72,
            "eps_growth_year": null,
            "eps_4q": 0.61,
            "eps_4q_growth_year": 91.83,
            "roe": 3.02,
            "roe_4q": 2.49,
            "gross_profit": 356660,
            "gross_margin": 25.08,
            "gross_margin_4q_avg": 14.6,
            "net_income": 173266,
            "revenue": 1421946,
            "common_shares": 2446834,
            "book_valuer_per_share": 23.79,
            "book_valuer_per_share_4q_avg": 23.03,
            "equity": 5909849,
            "current_ratio": 597.1,
            "debt_ratio": 16.3,
            "inventory_turnover_ratio": 0.73,
            "account_receivable_turnover_ratio": 5.51,
            "reinvestment_rate": 164.21,
            "research_to_sale_ratio": null,
            "price_fair": 77.12,
            "eps_avg_yearly": 2.2,
            "eps_latest_yearly": 2.88,
            "eps_growth_yearly": 591.61
        },
        "20101": {
            "year_quarter": 20101,
            "year": 2010,
            "quarter": 1,
            "eps": 1.16,
            "eps_growth_year": null,
            "eps_4q": 2.05,
            "eps_4q_growth_year": null,
            "roe": 4.72,
            "roe_4q": 8.450000000000001,
            "gross_profit": 395168,
            "gross_margin": 19.88,
            "gross_margin_4q_avg": 18.59,
            "net_income": 282586,
            "revenue": 1987991,
            "common_shares": 2454221,
            "book_valuer_per_share": 24.32,
            "book_valuer_per_share_4q_avg": 23.2,
            "equity": 6055422,
            "current_ratio": 544.18,
            "debt_ratio": 17.85,
            "inventory_turnover_ratio": 0.95,
            "account_receivable_turnover_ratio": 2.87,
            "reinvestment_rate": 136.58,
            "research_to_sale_ratio": 6.18,
            "price_fair": 90.42,
            "eps_avg_yearly": 2.58,
            "eps_latest_yearly": 4.64,
            "eps_growth_yearly": 643.92
        },
        "20102": {
            "year_quarter": 20102,
            "year": 2010,
            "quarter": 2,
            "eps": 1.48,
            "eps_growth_year": null,
            "eps_4q": 3.66,
            "eps_4q_growth_year": null,
            "roe": 5.96,
            "roe_4q": 15.02,
            "gross_profit": 588091,
            "gross_margin": 24.24,
            "gross_margin_4q_avg": 21.72,
            "net_income": 365141,
            "revenue": 2426401,
            "common_shares": 2458749,
            "book_valuer_per_share": 24.82,
            "book_valuer_per_share_4q_avg": 23.84,
            "equity": 6191094,
            "current_ratio": 378.22,
            "debt_ratio": 25.27,
            "inventory_turnover_ratio": 1.01,
            "account_receivable_turnover_ratio": 2.69,
            "reinvestment_rate": 119.51,
            "research_to_sale_ratio": 6.03,
            "price_fair": 106.63,
            "eps_avg_yearly": 3.05,
            "eps_latest_yearly": 5.92,
            "eps_growth_yearly": 536.45
        },
        "20103": {
            "year_quarter": 20103,
            "year": 2010,
            "quarter": 3,
            "eps": 0.45,
            "eps_growth_year": 44.12,
            "eps_4q": 3.8,
            "eps_4q_growth_year": null,
            "roe": 1.73,
            "roe_4q": 15.43,
            "gross_profit": 381965,
            "gross_margin": 25.49,
            "gross_margin_4q_avg": 23.67,
            "net_income": 107405,
            "revenue": 1498730,
            "common_shares": 2459311,
            "book_valuer_per_share": 24.98,
            "book_valuer_per_share_4q_avg": 24.48,
            "equity": 6229261,
            "current_ratio": 458.27,
            "debt_ratio": 20.47,
            "inventory_turnover_ratio": 0.48,
            "account_receivable_turnover_ratio": 2,
            "reinvestment_rate": 135.87,
            "research_to_sale_ratio": 9.8,
            "price_fair": 97.3,
            "eps_avg_yearly": 2.78,
            "eps_latest_yearly": 1.8,
            "eps_growth_yearly": 83.62
        },
        "20104": {
            "year_quarter": 20104,
            "year": 2010,
            "quarter": 4,
            "eps": -1.54,
            "eps_growth_year": -314.04,
            "eps_4q": 1.54,
            "eps_4q_growth_year": 152.12,
            "roe": -6.41,
            "roe_4q": 6,
            "gross_profit": -170937,
            "gross_margin": -15.36,
            "gross_margin_4q_avg": 13.56,
            "net_income": -382770,
            "revenue": 1112709,
            "common_shares": 2460351,
            "book_valuer_per_share": 22.92,
            "book_valuer_per_share_4q_avg": 24.26,
            "equity": 5720091,
            "current_ratio": 539.91,
            "debt_ratio": 17.16,
            "inventory_turnover_ratio": 0.47,
            "account_receivable_turnover_ratio": 2.2,
            "reinvestment_rate": 179.33,
            "research_to_sale_ratio": 9.93,
            "price_fair": 98.13,
            "eps_avg_yearly": 2.8,
            "eps_latest_yearly": 1.8,
            "eps_growth_yearly": 109.26
        },
        "20111": {
            "year_quarter": 20111,
            "year": 2011,
            "quarter": 1,
            "eps": 0.2,
            "eps_growth_year": -82.76,
            "eps_4q": 0.59,
            "eps_4q_growth_year": -71.23,
            "roe": 0.84,
            "roe_4q": 2.1199999999999997,
            "gross_profit": 263379,
            "gross_margin": 16.04,
            "gross_margin_4q_avg": 12.6,
            "net_income": 48272,
            "revenue": 1642528,
            "common_shares": 2462246,
            "book_valuer_per_share": 23.15,
            "book_valuer_per_share_4q_avg": 23.97,
            "equity": 5779911,
            "current_ratio": 450.34,
            "debt_ratio": 20.51,
            "inventory_turnover_ratio": 0.53,
            "account_receivable_turnover_ratio": 2.98,
            "reinvestment_rate": 200.1,
            "research_to_sale_ratio": 8.89,
            "price_fair": 97.58,
            "eps_avg_yearly": 2.79,
            "eps_latest_yearly": 1.8,
            "eps_growth_yearly": 113.2
        },
        "20112": {
            "year_quarter": 20112,
            "year": 2011,
            "quarter": 2,
            "eps": -0.18,
            "eps_growth_year": -112.39,
            "eps_4q": -1.07,
            "eps_4q_growth_year": -129.33,
            "roe": -0.83,
            "roe_4q": -4.67,
            "gross_profit": 221076,
            "gross_margin": 14.36,
            "gross_margin_4q_avg": 10.13,
            "net_income": -46504,
            "revenue": 1539684,
            "common_shares": 2462911,
            "book_valuer_per_share": 21.81,
            "book_valuer_per_share_4q_avg": 23.22,
            "equity": 5448430,
            "current_ratio": 432.48,
            "debt_ratio": 21.38,
            "inventory_turnover_ratio": 0.55,
            "account_receivable_turnover_ratio": 2.37,
            "reinvestment_rate": 221.11,
            "research_to_sale_ratio": 11.14,
            "price_fair": 101.89,
            "eps_avg_yearly": 2.91,
            "eps_latest_yearly": 1.8,
            "eps_growth_yearly": 145
        },
        "20113": {
            "year_quarter": 20113,
            "year": 2011,
            "quarter": 3,
            "eps": -0.08,
            "eps_growth_year": -117.66,
            "eps_4q": -1.6,
            "eps_4q_growth_year": -142.05,
            "roe": -0.37,
            "roe_4q": -6.7700000000000005,
            "gross_profit": 108795,
            "gross_margin": 9.57,
            "gross_margin_4q_avg": 6.15,
            "net_income": -20276,
            "revenue": 1136515,
            "common_shares": 2464361,
            "book_valuer_per_share": 22.04,
            "book_valuer_per_share_4q_avg": 22.48,
            "equity": 5508126,
            "current_ratio": 634.08,
            "debt_ratio": 14.66,
            "inventory_turnover_ratio": 0.45,
            "account_receivable_turnover_ratio": 1.86,
            "reinvestment_rate": 331.83,
            "research_to_sale_ratio": 8.94,
            "price_fair": 90.83,
            "eps_avg_yearly": 2.6,
            "eps_latest_yearly": 1.8,
            "eps_growth_yearly": 51.22
        },
        "20114": {
            "year_quarter": 20114,
            "year": 2011,
            "quarter": 4,
            "eps": -0.77,
            "eps_growth_year": null,
            "eps_4q": -0.83,
            "eps_4q_growth_year": -153.95,
            "roe": -3.57,
            "roe_4q": -3.9299999999999997,
            "gross_profit": 33884,
            "gross_margin": 2.97,
            "gross_margin_4q_avg": 10.74,
            "net_income": -199348,
            "revenue": 1140775,
            "common_shares": 2598074,
            "book_valuer_per_share": 21.83,
            "book_valuer_per_share_4q_avg": 22.21,
            "equity": 5664028,
            "current_ratio": 574.61,
            "debt_ratio": 15.21,
            "inventory_turnover_ratio": 0.52,
            "account_receivable_turnover_ratio": 2.09,
            "reinvestment_rate": 176.35,
            "research_to_sale_ratio": 9.88,
            "price_fair": 85.2,
            "eps_avg_yearly": 2.43,
            "eps_latest_yearly": 1.8,
            "eps_growth_yearly": 76.6
        },
        "20121": {
            "year_quarter": 20121,
            "year": 2012,
            "quarter": 1,
            "eps": -0.21,
            "eps_growth_year": -205,
            "eps_4q": -1.24,
            "eps_4q_growth_year": -309.98,
            "roe": -0.95,
            "roe_4q": -5.72,
            "gross_profit": 150888,
            "gross_margin": 11.22,
            "gross_margin_4q_avg": 9.53,
            "net_income": -53598,
            "revenue": 1344560,
            "common_shares": 2606029,
            "book_valuer_per_share": 21.53,
            "book_valuer_per_share_4q_avg": 21.8,
            "equity": 5579858,
            "current_ratio": 767.1,
            "debt_ratio": 11.48,
            "inventory_turnover_ratio": 0.7,
            "account_receivable_turnover_ratio": 2.24,
            "reinvestment_rate": 227.18,
            "research_to_sale_ratio": 8.79,
            "price_fair": 96.6,
            "eps_avg_yearly": 2.76,
            "eps_latest_yearly": 1.8,
            "eps_growth_yearly": 147.43
        },
        "20122": {
            "year_quarter": 20122,
            "year": 2012,
            "quarter": 2,
            "eps": -0.1,
            "eps_growth_year": null,
            "eps_4q": -1.15,
            "eps_4q_growth_year": null,
            "roe": -0.46,
            "roe_4q": -5.35,
            "gross_profit": 152867,
            "gross_margin": 12.24,
            "gross_margin_4q_avg": 9,
            "net_income": -25085,
            "revenue": 1248839,
            "common_shares": 2607414,
            "book_valuer_per_share": 20.74,
            "book_valuer_per_share_4q_avg": 21.54,
            "equity": 5393671,
            "current_ratio": 494.66,
            "debt_ratio": 17.7,
            "inventory_turnover_ratio": 0.73,
            "account_receivable_turnover_ratio": 1.99,
            "reinvestment_rate": 338.31,
            "research_to_sale_ratio": 10.12,
            "price_fair": 106.96,
            "eps_avg_yearly": 3.06,
            "eps_latest_yearly": 1.8,
            "eps_growth_yearly": 43.59
        },
        "20123": {
            "year_quarter": 20123,
            "year": 2012,
            "quarter": 3,
            "eps": 0.23,
            "eps_growth_year": null,
            "eps_4q": -0.83,
            "eps_4q_growth_year": null,
            "roe": 1.14,
            "roe_4q": -3.84,
            "gross_profit": 248978,
            "gross_margin": 17.39,
            "gross_margin_4q_avg": 10.96,
            "net_income": 61350,
            "revenue": 1431689,
            "common_shares": 2668564,
            "book_valuer_per_share": 20.31,
            "book_valuer_per_share_4q_avg": 21.1,
            "equity": 5379903,
            "current_ratio": 502.51,
            "debt_ratio": 17.21,
            "inventory_turnover_ratio": 0.79,
            "account_receivable_turnover_ratio": 2.43,
            "reinvestment_rate": 296.68,
            "research_to_sale_ratio": 8.17,
            "price_fair": 133.35,
            "eps_avg_yearly": 3.81,
            "eps_latest_yearly": 1.8,
            "eps_growth_yearly": 151.36
        },
        "20124": {
            "year_quarter": 20124,
            "year": 2012,
            "quarter": 4,
            "eps": -0.61,
            "eps_growth_year": null,
            "eps_4q": -0.68,
            "eps_4q_growth_year": null,
            "roe": -2.99,
            "roe_4q": -3.2600000000000007,
            "gross_profit": 247723,
            "gross_margin": 19.32,
            "gross_margin_4q_avg": 15.04,
            "net_income": -157019,
            "revenue": 1282116,
            "common_shares": 2671749,
            "book_valuer_per_share": 20.6,
            "book_valuer_per_share_4q_avg": 20.8,
            "equity": 5123694,
            "current_ratio": 447.68,
            "debt_ratio": 19.88,
            "inventory_turnover_ratio": 0.64,
            "account_receivable_turnover_ratio": 2.06,
            "reinvestment_rate": 388.8,
            "research_to_sale_ratio": 10.35,
            "price_fair": 133.35,
            "eps_avg_yearly": 3.81,
            "eps_latest_yearly": 1.8,
            "eps_growth_yearly": 151.36
        },
        "20131": {
            "year_quarter": 20131,
            "year": 2013,
            "quarter": 1,
            "eps": 0.61,
            "eps_growth_year": null,
            "eps_4q": 0.14,
            "eps_4q_growth_year": null,
            "roe": 2.95,
            "roe_4q": 0.6399999999999999,
            "gross_profit": 269528,
            "gross_margin": 17.76,
            "gross_margin_4q_avg": 16.68,
            "net_income": 155029,
            "revenue": 1517987,
            "common_shares": 2670599,
            "book_valuer_per_share": 21.69,
            "book_valuer_per_share_4q_avg": 20.84,
            "equity": 5379070,
            "current_ratio": 411.17,
            "debt_ratio": 21.5,
            "inventory_turnover_ratio": 0.7,
            "account_receivable_turnover_ratio": 2.22,
            "reinvestment_rate": 189.56,
            "research_to_sale_ratio": 7.63,
            "price_fair": 133.35,
            "eps_avg_yearly": 3.81,
            "eps_latest_yearly": 1.8,
            "eps_growth_yearly": 151.36
        },
        "20132": {
            "year_quarter": 20132,
            "year": 2013,
            "quarter": 2,
            "eps": 1.02,
            "eps_growth_year": null,
            "eps_4q": 1.26,
            "eps_4q_growth_year": null,
            "roe": 4.73,
            "roe_4q": 5.83,
            "gross_profit": 360594,
            "gross_margin": 21.93,
            "gross_margin_4q_avg": 19.1,
            "net_income": 258895,
            "revenue": 1644158,
            "common_shares": 2669799,
            "book_valuer_per_share": 22.47,
            "book_valuer_per_share_4q_avg": 21.27,
            "equity": 5571218,
            "current_ratio": 350.66,
            "debt_ratio": 24.33,
            "inventory_turnover_ratio": 0.69,
            "account_receivable_turnover_ratio": 2.35,
            "reinvestment_rate": 149.52,
            "research_to_sale_ratio": 8.41,
            "price_fair": 135.24,
            "eps_avg_yearly": 3.86,
            "eps_latest_yearly": 4.08,
            "eps_growth_yearly": 174.86
        },
        "20133": {
            "year_quarter": 20133,
            "year": 2013,
            "quarter": 3,
            "eps": 0.55,
            "eps_growth_year": 140.46,
            "eps_4q": 1.58,
            "eps_4q_growth_year": null,
            "roe": 2.59,
            "roe_4q": 7.279999999999999,
            "gross_profit": 396303,
            "gross_margin": 22.43,
            "gross_margin_4q_avg": 20.36,
            "net_income": 145467,
            "revenue": 1767181,
            "common_shares": 2668939,
            "book_valuer_per_share": 22.83,
            "book_valuer_per_share_4q_avg": 21.9,
            "equity": 5665399,
            "current_ratio": 407.23,
            "debt_ratio": 21.18,
            "inventory_turnover_ratio": 0.74,
            "account_receivable_turnover_ratio": 2.54,
            "reinvestment_rate": 130.03,
            "research_to_sale_ratio": 7.68,
            "price_fair": 125.53,
            "eps_avg_yearly": 3.59,
            "eps_latest_yearly": 2.2,
            "eps_growth_yearly": 115
        },
        "20134": {
            "year_quarter": 20134,
            "year": 2013,
            "quarter": 4,
            "eps": 0.45,
            "eps_growth_year": null,
            "eps_4q": 2.64,
            "eps_4q_growth_year": null,
            "roe": 1.97,
            "roe_4q": 12.239999999999998,
            "gross_profit": 383574,
            "gross_margin": 20.47,
            "gross_margin_4q_avg": 20.65,
            "net_income": 112457,
            "revenue": 1873582,
            "common_shares": 2668519,
            "book_valuer_per_share": 23.29,
            "book_valuer_per_share_4q_avg": 22.57,
            "equity": 5779749,
            "current_ratio": 320.22,
            "debt_ratio": 26.97,
            "inventory_turnover_ratio": 0.76,
            "account_receivable_turnover_ratio": 2.5,
            "reinvestment_rate": -219.08,
            "research_to_sale_ratio": 9.34,
            "price_fair": 84.16,
            "eps_avg_yearly": 3.41,
            "eps_latest_yearly": 1.8,
            "eps_growth_yearly": 14.7
        },
        "20141": {
            "year_quarter": 20141,
            "year": 2014,
            "quarter": 1,
            "eps": 1,
            "eps_growth_year": 63.93,
            "eps_4q": 3.04,
            "eps_4q_growth_year": 2088.98,
            "roe": 4.29,
            "roe_4q": 13.58,
            "gross_profit": 439971,
            "gross_margin": 21.78,
            "gross_margin_4q_avg": 21.65,
            "net_income": 254352,
            "revenue": 2020015,
            "common_shares": 2668379,
            "book_valuer_per_share": 24.33,
            "book_valuer_per_share_4q_avg": 23.23,
            "equity": 6081527,
            "current_ratio": 333.63,
            "debt_ratio": 26.22,
            "inventory_turnover_ratio": 0.71,
            "account_receivable_turnover_ratio": 2.49,
            "reinvestment_rate": -230.24,
            "research_to_sale_ratio": 7,
            "price_fair": 115.5,
            "eps_avg_yearly": 3.3,
            "eps_latest_yearly": 4,
            "eps_growth_yearly": 55.44
        },
        "20142": {
            "year_quarter": 20142,
            "year": 2014,
            "quarter": 2,
            "eps": 0.92,
            "eps_growth_year": -9.8,
            "eps_4q": 2.95,
            "eps_4q_growth_year": 133.81,
            "roe": 3.94,
            "roe_4q": 12.790000000000001,
            "gross_profit": 541165,
            "gross_margin": 22.43,
            "gross_margin_4q_avg": 21.78,
            "net_income": 233229,
            "revenue": 2412306,
            "common_shares": 2667399,
            "book_valuer_per_share": 23.07,
            "book_valuer_per_share_4q_avg": 23.38,
            "equity": 5752084,
            "current_ratio": 255.14,
            "debt_ratio": 34.51,
            "inventory_turnover_ratio": 0.77,
            "account_receivable_turnover_ratio": 2.53,
            "reinvestment_rate": -323.94,
            "research_to_sale_ratio": 7.34,
            "price_fair": 102.43,
            "eps_avg_yearly": 2.93,
            "eps_latest_yearly": 3.68,
            "eps_growth_yearly": 31.72
        },
        "20143": {
            "year_quarter": 20143,
            "year": 2014,
            "quarter": 3,
            "eps": 1.23,
            "eps_growth_year": 123.64,
            "eps_4q": 3.61,
            "eps_4q_growth_year": 128.63,
            "roe": 5.57,
            "roe_4q": 15.770000000000001,
            "gross_profit": 564835,
            "gross_margin": 20.22,
            "gross_margin_4q_avg": 21.23,
            "net_income": 330300,
            "revenue": 2793344,
            "common_shares": 2684354,
            "book_valuer_per_share": 24.25,
            "book_valuer_per_share_4q_avg": 23.74,
            "equity": 6109589,
            "current_ratio": 269.46,
            "debt_ratio": 32.74,
            "inventory_turnover_ratio": 0.85,
            "account_receivable_turnover_ratio": 2.47,
            "reinvestment_rate": -236.52,
            "research_to_sale_ratio": 7.39,
            "price_fair": 120.63,
            "eps_avg_yearly": 3.45,
            "eps_latest_yearly": 4.92,
            "eps_growth_yearly": 100.58
        },
        "20144": {
            "year_quarter": 20144,
            "year": 2014,
            "quarter": 4,
            "eps": 1.22,
            "eps_growth_year": 172.04,
            "eps_4q": 4.34,
            "eps_4q_growth_year": 64.32,
            "roe": 4.96,
            "roe_4q": 18.76,
            "gross_profit": 581512,
            "gross_margin": 22.64,
            "gross_margin_4q_avg": 21.77,
            "net_income": 313242,
            "revenue": 2568096,
            "common_shares": 2719144,
            "book_valuer_per_share": 25.52,
            "book_valuer_per_share_4q_avg": 24.29,
            "equity": 6523896,
            "current_ratio": 239.45,
            "debt_ratio": 37.48,
            "inventory_turnover_ratio": 0.66,
            "account_receivable_turnover_ratio": 2.19,
            "reinvestment_rate": -113.2,
            "research_to_sale_ratio": 7.46,
            "price_fair": 127.8,
            "eps_avg_yearly": 3.65,
            "eps_latest_yearly": 4.88,
            "eps_growth_yearly": 85.75
        },
        "20151": {
            "year_quarter": 20151,
            "year": 2015,
            "quarter": 1,
            "eps": 0.87,
            "eps_growth_year": -13,
            "eps_4q": 4.23,
            "eps_4q_growth_year": 39.21,
            "roe": 3.35,
            "roe_4q": 17.82,
            "gross_profit": 552379,
            "gross_margin": 23.95,
            "gross_margin_4q_avg": 22.31,
            "net_income": 223847,
            "revenue": 2306687,
            "common_shares": 2724241,
            "book_valuer_per_share": 26.73,
            "book_valuer_per_share_4q_avg": 24.89,
            "equity": 6844401,
            "current_ratio": 256.16,
            "debt_ratio": 34.82,
            "inventory_turnover_ratio": 0.48,
            "account_receivable_turnover_ratio": 2.1,
            "reinvestment_rate": -95.91,
            "research_to_sale_ratio": 8.03,
            "price_fair": 127.05,
            "eps_avg_yearly": 3.63,
            "eps_latest_yearly": 3.48,
            "eps_growth_yearly": 60.68
        },
        "20152": {
            "year_quarter": 20152,
            "year": 2015,
            "quarter": 2,
            "eps": 0.15,
            "eps_growth_year": -83.7,
            "eps_4q": 3.47,
            "eps_4q_growth_year": 17.81,
            "roe": 0.52,
            "roe_4q": 14.4,
            "gross_profit": 305874,
            "gross_margin": 13.79,
            "gross_margin_4q_avg": 20.15,
            "net_income": 34582,
            "revenue": 2217530,
            "common_shares": 2724241,
            "book_valuer_per_share": 25.11,
            "book_valuer_per_share_4q_avg": 25.4,
            "equity": 6403041,
            "current_ratio": 271.38,
            "debt_ratio": 31.33,
            "inventory_turnover_ratio": 0.48,
            "account_receivable_turnover_ratio": 2.11,
            "reinvestment_rate": -69.12,
            "research_to_sale_ratio": 6.47,
            "price_fair": 89.45,
            "eps_avg_yearly": 3.29,
            "eps_latest_yearly": 0.6,
            "eps_growth_yearly": 17.16
        },
        "20153": {
            "year_quarter": 20153,
            "year": 2015,
            "quarter": 3,
            "eps": 0.59,
            "eps_growth_year": -52.03,
            "eps_4q": 2.86,
            "eps_4q_growth_year": -20.76,
            "roe": 2.65,
            "roe_4q": 11.48,
            "gross_profit": 284276,
            "gross_margin": 12.21,
            "gross_margin_4q_avg": 18.15,
            "net_income": 170088,
            "revenue": 2328359,
            "common_shares": 2725144,
            "book_valuer_per_share": 25.31,
            "book_valuer_per_share_4q_avg": 25.67,
            "equity": 6451415,
            "current_ratio": 321.06,
            "debt_ratio": 26.22,
            "inventory_turnover_ratio": 0.51,
            "account_receivable_turnover_ratio": 2.33,
            "reinvestment_rate": -72.53,
            "research_to_sale_ratio": 7.1,
            "price_fair": 112,
            "eps_avg_yearly": 3.2,
            "eps_latest_yearly": 2.36,
            "eps_growth_yearly": 132.78
        },
        "20154": {
            "year_quarter": 20154,
            "year": 2015,
            "quarter": 4,
            "eps": 0.25,
            "eps_growth_year": -79.7,
            "eps_4q": 1.89,
            "eps_4q_growth_year": -56.42,
            "roe": 0.86,
            "roe_4q": 7.379999999999999,
            "gross_profit": 301198,
            "gross_margin": 12.48,
            "gross_margin_4q_avg": 15.61,
            "net_income": 56464,
            "revenue": 2413573,
            "common_shares": 2728344,
            "book_valuer_per_share": 26.13,
            "book_valuer_per_share_4q_avg": 25.82,
            "equity": 6695979,
            "current_ratio": 365.05,
            "debt_ratio": 22.67,
            "inventory_turnover_ratio": 0.54,
            "account_receivable_turnover_ratio": 2.53,
            "reinvestment_rate": 32.99,
            "research_to_sale_ratio": 6.8,
            "price_fair": 105,
            "eps_avg_yearly": 3,
            "eps_latest_yearly": 1,
            "eps_growth_yearly": 99.75
        },
        "20161": {
            "year_quarter": 20161,
            "year": 2016,
            "quarter": 1,
            "eps": 0.53,
            "eps_growth_year": -39.08,
            "eps_4q": 1.55,
            "eps_4q_growth_year": -63.25,
            "roe": 1.99,
            "roe_4q": 6.02,
            "gross_profit": 348964,
            "gross_margin": 17.01,
            "gross_margin_4q_avg": 13.87,
            "net_income": 134273,
            "revenue": 2051215,
            "common_shares": 2731026,
            "book_valuer_per_share": 26.64,
            "book_valuer_per_share_4q_avg": 25.8,
            "equity": 6827496,
            "current_ratio": 431.64,
            "debt_ratio": 19.07,
            "inventory_turnover_ratio": 0.46,
            "account_receivable_turnover_ratio": 2.4,
            "reinvestment_rate": 30.75,
            "research_to_sale_ratio": 7.98,
            "price_fair": 102.43,
            "eps_avg_yearly": 2.93,
            "eps_latest_yearly": 2.12,
            "eps_growth_yearly": 128.77
        },
        "20162": {
            "year_quarter": 20162,
            "year": 2016,
            "quarter": 2,
            "eps": 0.58,
            "eps_growth_year": 286.67,
            "eps_4q": 1.94,
            "eps_4q_growth_year": -44,
            "roe": 2.25,
            "roe_4q": 7.75,
            "gross_profit": 308458,
            "gross_margin": 14.86,
            "gross_margin_4q_avg": 14.14,
            "net_income": 152369,
            "revenue": 2076288,
            "common_shares": 2815177,
            "book_valuer_per_share": 25.4,
            "book_valuer_per_share_4q_avg": 25.87,
            "equity": 6696280,
            "current_ratio": 344.56,
            "debt_ratio": 24.29,
            "inventory_turnover_ratio": 0.5,
            "account_receivable_turnover_ratio": 2.76,
            "reinvestment_rate": 20.36,
            "research_to_sale_ratio": 7.68,
            "price_fair": 100.8,
            "eps_avg_yearly": 2.88,
            "eps_latest_yearly": 2.32,
            "eps_growth_yearly": 121.77
        },
        "20163": {
            "year_quarter": 20163,
            "year": 2016,
            "quarter": 3,
            "eps": 0.3,
            "eps_growth_year": -49.15,
            "eps_4q": 1.66,
            "eps_4q_growth_year": -41.95,
            "roe": 1.28,
            "roe_4q": 6.380000000000001,
            "gross_profit": 341576,
            "gross_margin": 13.92,
            "gross_margin_4q_avg": 14.57,
            "net_income": 85720,
            "revenue": 2454106,
            "common_shares": 2819239,
            "book_valuer_per_share": 25.43,
            "book_valuer_per_share_4q_avg": 25.9,
            "equity": 6718857,
            "current_ratio": 345.32,
            "debt_ratio": 24.79,
            "inventory_turnover_ratio": 0.61,
            "account_receivable_turnover_ratio": 2.86,
            "reinvestment_rate": 11.02,
            "research_to_sale_ratio": 6.42,
            "price_fair": 96.6,
            "eps_avg_yearly": 2.76,
            "eps_latest_yearly": 1.2,
            "eps_growth_yearly": 99.28
        },
        "20164": {
            "year_quarter": 20164,
            "year": 2016,
            "quarter": 4,
            "eps": 0.8,
            "eps_growth_year": 225.24,
            "eps_4q": 2.22,
            "eps_4q_growth_year": 17.47,
            "roe": 3.07,
            "roe_4q": 8.59,
            "gross_profit": 422719,
            "gross_margin": 15.55,
            "gross_margin_4q_avg": 15.34,
            "net_income": 208977,
            "revenue": 2718925,
            "common_shares": 2825737,
            "book_valuer_per_share": 25.94,
            "book_valuer_per_share_4q_avg": 25.85,
            "equity": 6875651,
            "current_ratio": 339.72,
            "debt_ratio": 25.31,
            "inventory_turnover_ratio": 0.66,
            "account_receivable_turnover_ratio": 2.65,
            "reinvestment_rate": 13.02,
            "research_to_sale_ratio": 6.55,
            "price_fair": 97.63,
            "eps_avg_yearly": 2.79,
            "eps_latest_yearly": 3.2,
            "eps_growth_yearly": 137.1
        },
        "20171": {
            "year_quarter": 20171,
            "year": 2017,
            "quarter": 1,
            "eps": 0.39,
            "eps_growth_year": -26.42,
            "eps_4q": 2.09,
            "eps_4q_growth_year": 34.23,
            "roe": 1.49,
            "roe_4q": 8.09,
            "gross_profit": 496275,
            "gross_margin": 18.66,
            "gross_margin_4q_avg": 15.75,
            "net_income": 103383,
            "revenue": 2659063,
            "common_shares": 2832814,
            "book_valuer_per_share": 26.27,
            "book_valuer_per_share_4q_avg": 25.76,
            "equity": 6977912,
            "current_ratio": 350.83,
            "debt_ratio": 24.82,
            "inventory_turnover_ratio": 0.62,
            "account_receivable_turnover_ratio": 2.49,
            "reinvestment_rate": 8,
            "research_to_sale_ratio": 6.76,
            "price_fair": 94.94,
            "eps_avg_yearly": 2.71,
            "eps_latest_yearly": 1.56,
            "eps_growth_yearly": 115.72
        },
        "20172": {
            "year_quarter": 20172,
            "year": 2017,
            "quarter": 2,
            "eps": 1.16,
            "eps_growth_year": 100,
            "eps_4q": 2.69,
            "eps_4q_growth_year": 38.49,
            "roe": 4.63,
            "roe_4q": 10.469999999999999,
            "gross_profit": 477009,
            "gross_margin": 18.98,
            "gross_margin_4q_avg": 16.78,
            "net_income": 319619,
            "revenue": 2513351,
            "common_shares": 2840252,
            "book_valuer_per_share": 25.68,
            "book_valuer_per_share_4q_avg": 25.83,
            "equity": 6835823,
            "current_ratio": 329.1,
            "debt_ratio": 27.41,
            "inventory_turnover_ratio": 0.59,
            "account_receivable_turnover_ratio": 2.53,
            "reinvestment_rate": -11.19,
            "research_to_sale_ratio": 8.54,
            "price_fair": 96.16,
            "eps_avg_yearly": 2.75,
            "eps_latest_yearly": 4.64,
            "eps_growth_yearly": 148.28
        },
        "20173": {
            "year_quarter": 20173,
            "year": 2017,
            "quarter": 3,
            "eps": 0.74,
            "eps_growth_year": 146.67,
            "eps_4q": 3.14,
            "eps_4q_growth_year": 89.11,
            "roe": 3.09,
            "roe_4q": 12.28,
            "gross_profit": 497888,
            "gross_margin": 19.56,
            "gross_margin_4q_avg": 18.19,
            "net_income": 213404,
            "revenue": 2545083,
            "common_shares": 2846992,
            "book_valuer_per_share": 26.17,
            "book_valuer_per_share_4q_avg": 26.02,
            "equity": 6995502,
            "current_ratio": 355.97,
            "debt_ratio": 25.25,
            "inventory_turnover_ratio": 0.61,
            "account_receivable_turnover_ratio": 2.59,
            "reinvestment_rate": -7.19,
            "research_to_sale_ratio": 8.23,
            "price_fair": 97.83,
            "eps_avg_yearly": 2.8,
            "eps_latest_yearly": 2.96,
            "eps_growth_yearly": 150.75
        },
        "20174": {
            "year_quarter": 20174,
            "year": 2017,
            "quarter": 4,
            "eps": 0.84,
            "eps_growth_year": 4.9,
            "eps_4q": 3.18,
            "eps_4q_growth_year": 43.02,
            "roe": 3.19,
            "roe_4q": 12.4,
            "gross_profit": 585511,
            "gross_margin": 21.38,
            "gross_margin_4q_avg": 19.65,
            "net_income": 225652,
            "revenue": 2739022,
            "common_shares": 2857589,
            "book_valuer_per_share": 26.72,
            "book_valuer_per_share_4q_avg": 26.21,
            "equity": 7170141,
            "current_ratio": 352.33,
            "debt_ratio": 25.44,
            "inventory_turnover_ratio": 0.62,
            "account_receivable_turnover_ratio": 2.54,
            "reinvestment_rate": -5.43,
            "research_to_sale_ratio": 8.98,
            "price_fair": 101.24,
            "eps_avg_yearly": 2.89,
            "eps_latest_yearly": 3.36,
            "eps_growth_yearly": 158.67
        },
        "20181": {
            "year_quarter": 20181,
            "year": 2018,
            "quarter": 1,
            "eps": 0.61,
            "eps_growth_year": 56.41,
            "eps_4q": 3.41,
            "eps_4q_growth_year": 63.69,
            "roe": 2.33,
            "roe_4q": 13.239999999999998,
            "gross_profit": 623132,
            "gross_margin": 22.18,
            "gross_margin_4q_avg": 20.53,
            "net_income": 169125,
            "revenue": 2809516,
            "common_shares": 2857589,
            "book_valuer_per_share": 27.36,
            "book_valuer_per_share_4q_avg": 26.48,
            "equity": 7339266,
            "current_ratio": 327.7,
            "debt_ratio": 27.9,
            "inventory_turnover_ratio": 0.56,
            "account_receivable_turnover_ratio": 2.48,
            "reinvestment_rate": -9.13,
            "research_to_sale_ratio": 8.7,
            "price_fair": 97.83,
            "eps_avg_yearly": 2.8,
            "eps_latest_yearly": 2.44,
            "eps_growth_yearly": 121.27
        },
        "20182": {
            "year_quarter": 20182,
            "year": 2018,
            "quarter": 2,
            "eps": 1.05,
            "eps_growth_year": -9.48,
            "eps_4q": 3.31,
            "eps_4q_growth_year": 23.1,
            "roe": 4.12,
            "roe_4q": 12.73,
            "gross_profit": 570190,
            "gross_margin": 19.62,
            "gross_margin_4q_avg": 20.69,
            "net_income": 294877,
            "revenue": 2906445,
            "common_shares": 2857589,
            "book_valuer_per_share": 26.08,
            "book_valuer_per_share_4q_avg": 26.58,
            "equity": 6988708,
            "current_ratio": 267.96,
            "debt_ratio": 34.1,
            "inventory_turnover_ratio": 0.51,
            "account_receivable_turnover_ratio": 2.36,
            "reinvestment_rate": -8.5,
            "research_to_sale_ratio": 7.64,
            "price_fair": 98.96,
            "eps_avg_yearly": 2.83,
            "eps_latest_yearly": 4.2,
            "eps_growth_yearly": 141.3
        },
        "20183": {
            "year_quarter": 20183,
            "year": 2018,
            "quarter": 3,
            "eps": 0.75,
            "eps_growth_year": 1.35,
            "eps_4q": 3.33,
            "eps_4q_growth_year": 6.07,
            "roe": 3.17,
            "roe_4q": 12.81,
            "gross_profit": 579733,
            "gross_margin": 18.43,
            "gross_margin_4q_avg": 20.4,
            "net_income": 225095,
            "revenue": 3146183,
            "common_shares": 2857589,
            "book_valuer_per_share": 26.9,
            "book_valuer_per_share_4q_avg": 26.77,
            "equity": 7226411,
            "current_ratio": 278.54,
            "debt_ratio": 32.79,
            "inventory_turnover_ratio": 0.49,
            "account_receivable_turnover_ratio": 2.41,
            "reinvestment_rate": -10.13,
            "research_to_sale_ratio": 5.96,
            "price_fair": 94.76,
            "eps_avg_yearly": 2.71,
            "eps_latest_yearly": 3,
            "eps_growth_yearly": 125.74
        },
        "20184": {
            "year_quarter": 20184,
            "year": 2018,
            "quarter": 4,
            "eps": 0.1,
            "eps_growth_year": -87.54,
            "eps_4q": 2.59,
            "eps_4q_growth_year": -18.34,
            "roe": 0.37,
            "roe_4q": 9.99,
            "gross_profit": 355872,
            "gross_margin": 13.21,
            "gross_margin_4q_avg": 18.36,
            "net_income": 27097,
            "revenue": 2692980,
            "common_shares": 2857589,
            "book_valuer_per_share": 27.01,
            "book_valuer_per_share_4q_avg": 26.84,
            "equity": 7244438,
            "current_ratio": 305.69,
            "debt_ratio": 29.59,
            "inventory_turnover_ratio": 0.41,
            "account_receivable_turnover_ratio": 2.24,
            "reinvestment_rate": -10.02,
            "research_to_sale_ratio": 6.47,
            "price_fair": 84.96,
            "eps_avg_yearly": 2.43,
            "eps_latest_yearly": 0.4,
            "eps_growth_yearly": 104.27
        },
        "20191": {
            "year_quarter": 20191,
            "year": 2019,
            "quarter": 1,
            "eps": 0.34,
            "eps_growth_year": -44.26,
            "eps_4q": 2.32,
            "eps_4q_growth_year": -32.19,
            "roe": 1.31,
            "roe_4q": 8.969999999999999,
            "gross_profit": 337984,
            "gross_margin": 12.88,
            "gross_margin_4q_avg": 16.04,
            "net_income": 95477,
            "revenue": 2624365,
            "common_shares": 2857589,
            "book_valuer_per_share": 27.49,
            "book_valuer_per_share_4q_avg": 26.87,
            "equity": 7371932,
            "current_ratio": 329.89,
            "debt_ratio": 28.2,
            "inventory_turnover_ratio": 0.41,
            "account_receivable_turnover_ratio": 2.3,
            "reinvestment_rate": -13.67,
            "research_to_sale_ratio": 6.41,
            "price_fair": 80.33,
            "eps_avg_yearly": 2.3,
            "eps_latest_yearly": 1.36,
            "eps_growth_yearly": 171.44
        },
        "20192": {
            "year_quarter": 20192,
            "year": 2019,
            "quarter": 2,
            "eps": 0.39,
            "eps_growth_year": -62.86,
            "eps_4q": 1.63,
            "eps_4q_growth_year": -50.87,
            "roe": 1.49,
            "roe_4q": 6.34,
            "gross_profit": 394056,
            "gross_margin": 12.98,
            "gross_margin_4q_avg": 14.38,
            "net_income": 107261,
            "revenue": 3036633,
            "common_shares": 2857589,
            "book_valuer_per_share": 26.27,
            "book_valuer_per_share_4q_avg": 26.92,
            "equity": 7023377,
            "current_ratio": 315.23,
            "debt_ratio": 29.67,
            "inventory_turnover_ratio": 0.51,
            "account_receivable_turnover_ratio": 2.36,
            "reinvestment_rate": -28.33,
            "research_to_sale_ratio": 5.96,
            "price_fair": 82.43,
            "eps_avg_yearly": 2.36,
            "eps_latest_yearly": 1.56,
            "eps_growth_yearly": 195.81
        },
        "20193": {
            "year_quarter": 20193,
            "year": 2019,
            "quarter": 3,
            "eps": 0.3,
            "eps_growth_year": -60,
            "eps_4q": 1.16,
            "eps_4q_growth_year": -65.17,
            "roe": 1.33,
            "roe_4q": 4.500000000000001,
            "gross_profit": 417410,
            "gross_margin": 12.86,
            "gross_margin_4q_avg": 12.98,
            "net_income": 94325,
            "revenue": 3244878,
            "common_shares": 2857589,
            "book_valuer_per_share": 26.63,
            "book_valuer_per_share_4q_avg": 26.85,
            "equity": 7133609,
            "current_ratio": 320.27,
            "debt_ratio": 29.34,
            "inventory_turnover_ratio": 0.61,
            "account_receivable_turnover_ratio": 2.22,
            "reinvestment_rate": -27.14,
            "research_to_sale_ratio": 5.87,
            "price_fair": 79.89,
            "eps_avg_yearly": 2.28,
            "eps_latest_yearly": 1.2,
            "eps_growth_yearly": 116.71
        },
        "20194": {
            "year_quarter": 20194,
            "year": 2019,
            "quarter": 4,
            "eps": 0.77,
            "eps_growth_year": 635.39,
            "eps_4q": 1.83,
            "eps_4q_growth_year": -29.6,
            "roe": 2.88,
            "roe_4q": 7.01,
            "gross_profit": 652758,
            "gross_margin": 21.21,
            "gross_margin_4q_avg": 14.98,
            "net_income": 208548,
            "revenue": 3077603,
            "common_shares": 2857589,
            "book_valuer_per_share": 27.4,
            "book_valuer_per_share_4q_avg": 26.95,
            "equity": 7340779,
            "current_ratio": 313.85,
            "debt_ratio": 29.96,
            "inventory_turnover_ratio": 0.51,
            "account_receivable_turnover_ratio": 2.21,
            "reinvestment_rate": -30.6,
            "research_to_sale_ratio": 6.51,
            "price_fair": 84.44,
            "eps_avg_yearly": 2.41,
            "eps_latest_yearly": 3.08,
            "eps_growth_yearly": 170.28
        },
        "20201": {
            "year_quarter": 20201,
            "year": 2020,
            "quarter": 1,
            "eps": 1.11,
            "eps_growth_year": 226.47,
            "eps_4q": 2.63,
            "eps_4q_growth_year": 13.41,
            "roe": 4.16,
            "roe_4q": 9.860000000000001,
            "gross_profit": 707392,
            "gross_margin": 19.31,
            "gross_margin_4q_avg": 16.59,
            "net_income": 311614,
            "revenue": 3663730,
            "common_shares": 2857589,
            "book_valuer_per_share": 28.68,
            "book_valuer_per_share_4q_avg": 27.25,
            "equity": 7656687,
            "current_ratio": 280.61,
            "debt_ratio": 33.48,
            "inventory_turnover_ratio": 0.55,
            "account_receivable_turnover_ratio": 2.54,
            "reinvestment_rate": -31.58,
            "research_to_sale_ratio": 6.23,
            "price_fair": 89.51,
            "eps_avg_yearly": 2.56,
            "eps_latest_yearly": 4.44,
            "eps_growth_yearly": 153.32
        },
        "20202": {
            "year_quarter": 20202,
            "year": 2020,
            "quarter": 2,
            "eps": 1,
            "eps_growth_year": 156.41,
            "eps_4q": 3.26,
            "eps_4q_growth_year": 100.14,
            "roe": 3.66,
            "roe_4q": 12.03,
            "gross_profit": 706273,
            "gross_margin": 22,
            "gross_margin_4q_avg": 18.85,
            "net_income": 279658,
            "revenue": 3210628,
            "common_shares": 2857589,
            "book_valuer_per_share": 28.63,
            "book_valuer_per_share_4q_avg": 27.84,
            "equity": 7634323,
            "current_ratio": 257.22,
            "debt_ratio": 36.4,
            "inventory_turnover_ratio": 0.4,
            "account_receivable_turnover_ratio": 2.15,
            "reinvestment_rate": -21.95,
            "research_to_sale_ratio": 7.1,
            "price_fair": 93.19,
            "eps_avg_yearly": 2.66,
            "eps_latest_yearly": 4,
            "eps_growth_yearly": 148.48
        },
        "20203": {
            "year_quarter": 20203,
            "year": 2020,
            "quarter": 3,
            "eps": 0.85,
            "eps_growth_year": 183.33,
            "eps_4q": 3.83,
            "eps_4q_growth_year": 229.74,
            "roe": 3.17,
            "roe_4q": 13.870000000000001,
            "gross_profit": 631461,
            "gross_margin": 15.79,
            "gross_margin_4q_avg": 19.58,
            "net_income": 246039,
            "revenue": 3999177,
            "common_shares": 2857589,
            "book_valuer_per_share": 29.53,
            "book_valuer_per_share_4q_avg": 28.56,
            "equity": 7885816,
            "current_ratio": 255.62,
            "debt_ratio": 36.62,
            "inventory_turnover_ratio": 0.5,
            "account_receivable_turnover_ratio": 2.6,
            "reinvestment_rate": -15.05,
            "research_to_sale_ratio": 5.86,
            "price_fair": 98,
            "eps_avg_yearly": 2.8,
            "eps_latest_yearly": 3.4,
            "eps_growth_yearly": 156.8
        },
        "20204": {
            "year_quarter": 20204,
            "year": 2020,
            "quarter": 4,
            "eps": 0.91,
            "eps_growth_year": 18.06,
            "eps_4q": 3.96,
            "eps_4q_growth_year": 116.98,
            "roe": 3.09,
            "roe_4q": 14.08,
            "gross_profit": 603916,
            "gross_margin": 13.75,
            "gross_margin_4q_avg": 17.71,
            "net_income": 247130,
            "revenue": 4393604,
            "common_shares": 2857589,
            "book_valuer_per_share": 30.43,
            "book_valuer_per_share_4q_avg": 29.32,
            "equity": 8129283,
            "current_ratio": 248.77,
            "debt_ratio": 37.47,
            "inventory_turnover_ratio": 0.6,
            "account_receivable_turnover_ratio": 2.63,
            "reinvestment_rate": -11.42,
            "research_to_sale_ratio": 5.7,
            "price_fair": 98.96,
            "eps_avg_yearly": 2.83,
            "eps_latest_yearly": 3.64,
            "eps_growth_yearly": 116.9
        },
        "20211": {
            "year_quarter": 20211,
            "year": 2021,
            "quarter": 1,
            "eps": 2.3,
            "eps_growth_year": 107.21,
            "eps_4q": 5.18,
            "eps_4q_growth_year": 97.39,
            "roe": 7.6,
            "roe_4q": 17.52,
            "gross_profit": 1143816,
            "gross_margin": 23.01,
            "gross_margin_4q_avg": 18.64,
            "net_income": 642563,
            "revenue": 4971476,
            "common_shares": 2860999,
            "book_valuer_per_share": 32.8,
            "book_valuer_per_share_4q_avg": 30.35,
            "equity": 8789160,
            "current_ratio": 243.32,
            "debt_ratio": 38.16,
            "inventory_turnover_ratio": 0.67,
            "account_receivable_turnover_ratio": 2.83,
            "reinvestment_rate": -4.98,
            "research_to_sale_ratio": 6.76,
            "price_fair": 115.68,
            "eps_avg_yearly": 3.31,
            "eps_latest_yearly": 9.2,
            "eps_growth_yearly": 167.9
        },
        "20212": {
            "year_quarter": 20212,
            "year": 2021,
            "quarter": 2,
            "eps": 4.62,
            "eps_growth_year": 362,
            "eps_4q": 8.91,
            "eps_4q_growth_year": 173.61,
            "roe": 13.71,
            "roe_4q": 27.57,
            "gross_profit": 2264094,
            "gross_margin": 36.66,
            "gross_margin_4q_avg": 22.3,
            "net_income": 1293147,
            "revenue": 6175127,
            "common_shares": 2861503,
            "book_valuer_per_share": 37.53,
            "book_valuer_per_share_4q_avg": 32.57,
            "equity": 10068551,
            "current_ratio": 250.3,
            "debt_ratio": 37.05,
            "inventory_turnover_ratio": 0.75,
            "account_receivable_turnover_ratio": 2.96,
            "reinvestment_rate": 5.19,
            "research_to_sale_ratio": 6.24,
            "price_fair": 145.95,
            "eps_avg_yearly": 4.17,
            "eps_latest_yearly": 18.48,
            "eps_growth_yearly": 143.76
        },
        "20213": {
            "year_quarter": 20213,
            "year": 2021,
            "quarter": 3,
            "eps": 6.8,
            "eps_growth_year": 700,
            "eps_4q": 15.01,
            "eps_4q_growth_year": 292.4,
            "roe": 18.15,
            "roe_4q": 42.55,
            "gross_profit": 3029577,
            "gross_margin": 44.27,
            "gross_margin_4q_avg": 29.42,
            "net_income": 1957360,
            "revenue": 6843255,
            "common_shares": 2861570,
            "book_valuer_per_share": 42.5,
            "book_valuer_per_share_4q_avg": 35.82,
            "equity": 11499135,
            "current_ratio": 242.27,
            "debt_ratio": 38.38,
            "inventory_turnover_ratio": 0.75,
            "account_receivable_turnover_ratio": 3.07,
            "reinvestment_rate": 5.69,
            "research_to_sale_ratio": 7.89,
            "price_fair": 198.98,
            "eps_avg_yearly": 5.69,
            "eps_latest_yearly": 27.2,
            "eps_growth_yearly": 164.61
        },
        "20214": {
            "year_quarter": 20214,
            "year": 2021,
            "quarter": 4,
            "eps": 4.15,
            "eps_growth_year": 356.01,
            "eps_4q": 18.24,
            "eps_4q_growth_year": 360.26,
            "roe": 9.5,
            "roe_4q": 48.96,
            "gross_profit": 2278632,
            "gross_margin": 38.92,
            "gross_margin_4q_avg": 35.72,
            "net_income": 1146950,
            "revenue": 5855040,
            "common_shares": 2861570,
            "book_valuer_per_share": 46.63,
            "book_valuer_per_share_4q_avg": 39.87,
            "equity": 12659560,
            "current_ratio": 238.52,
            "debt_ratio": 37.44,
            "inventory_turnover_ratio": 0.68,
            "account_receivable_turnover_ratio": 2.82,
            "reinvestment_rate": 5.52,
            "research_to_sale_ratio": 8.96,
            "price_fair": 227.94,
            "eps_avg_yearly": 6.51,
            "eps_latest_yearly": 16.6,
            "eps_growth_yearly": 151.49
        },
        "20221": {
            "year_quarter": 20221,
            "year": 2022,
            "quarter": 1,
            "eps": 3.41,
            "eps_growth_year": 48.26,
            "eps_4q": 19.39,
            "eps_4q_growth_year": 274.08,
            "roe": 7.28,
            "roe_4q": 48.64,
            "gross_profit": 1643974,
            "gross_margin": 32.35,
            "gross_margin_4q_avg": 38.05,
            "net_income": 956751,
            "revenue": 5081257,
            "common_shares": 2861570,
            "book_valuer_per_share": 50.12,
            "book_valuer_per_share_4q_avg": 44.2,
            "equity": 13610763,
            "current_ratio": 235.18,
            "debt_ratio": 36.69,
            "inventory_turnover_ratio": 0.58,
            "account_receivable_turnover_ratio": 2.68,
            "reinvestment_rate": 6.51,
            "research_to_sale_ratio": 9.79,
            "price_fair": 252.44,
            "eps_avg_yearly": 7.21,
            "eps_latest_yearly": 13.64,
            "eps_growth_yearly": 153.87
        },
        "20222": {
            "year_quarter": 20222,
            "year": 2022,
            "quarter": 2,
            "eps": 3.35,
            "eps_growth_year": -27.49,
            "eps_4q": 18.09,
            "eps_4q_growth_year": 102.99,
            "roe": 7.29,
            "roe_4q": 42.22,
            "gross_profit": 1505820,
            "gross_margin": 30.36,
            "gross_margin_4q_avg": 36.48,
            "net_income": 940862,
            "revenue": 4959233,
            "common_shares": 2861570,
            "book_valuer_per_share": 45.15,
            "book_valuer_per_share_4q_avg": 46.1,
            "equity": 12193923,
            "current_ratio": 179.49,
            "debt_ratio": 46.85,
            "inventory_turnover_ratio": 0.5,
            "account_receivable_turnover_ratio": 2.79,
            "reinvestment_rate": 6.48,
            "research_to_sale_ratio": 10.07,
            "price_fair": 272.56,
            "eps_avg_yearly": 7.79,
            "eps_latest_yearly": 13.4,
            "eps_growth_yearly": 135.4
        },
        "20223": {
            "year_quarter": 20223,
            "year": 2022,
            "quarter": 3,
            "eps": 0.3,
            "eps_growth_year": -95.59,
            "eps_4q": 11.41,
            "eps_4q_growth_year": -23.98,
            "roe": 1.18,
            "roe_4q": 25.25,
            "gross_profit": 432649,
            "gross_margin": 12.36,
            "gross_margin_4q_avg": 28.5,
            "net_income": 145573,
            "revenue": 3500631,
            "common_shares": 2861570,
            "book_valuer_per_share": 45.71,
            "book_valuer_per_share_4q_avg": 46.9,
            "equity": 12409259,
            "current_ratio": 204.8,
            "debt_ratio": 40.33,
            "inventory_turnover_ratio": 0.39,
            "account_receivable_turnover_ratio": 2.34,
            "reinvestment_rate": 6.91,
            "research_to_sale_ratio": 8.91,
            "price_fair": 268.63,
            "eps_avg_yearly": 7.68,
            "eps_latest_yearly": 1.2,
            "eps_growth_yearly": 119.78
        },
        "20224": {
            "year_quarter": 20224,
            "year": 2022,
            "quarter": 4,
            "eps": -3.45,
            "eps_growth_year": -183.01,
            "eps_4q": 3.83,
            "eps_4q_growth_year": -79.03,
            "roe": -7.88,
            "roe_4q": 7.87,
            "gross_profit": -603485,
            "gross_margin": -22.63,
            "gross_margin_4q_avg": 13.11,
            "net_income": -939471,
            "revenue": 2666777,
            "common_shares": 2861570,
            "book_valuer_per_share": 42.26,
            "book_valuer_per_share_4q_avg": 45.81,
            "equity": 11437876,
            "current_ratio": 200.9,
            "debt_ratio": 42.02,
            "inventory_turnover_ratio": 0.39,
            "account_receivable_turnover_ratio": 2.42,
            "reinvestment_rate": 17.88,
            "research_to_sale_ratio": 8.39,
            "price_fair": 285.6,
            "eps_avg_yearly": 8.16,
            "eps_latest_yearly": 1.2,
            "eps_growth_yearly": 150.88
        },
        "20231": {
            "year_quarter": 20231,
            "year": 2023,
            "quarter": 1,
            "eps": -1.32,
            "eps_growth_year": -138.71,
            "eps_4q": -1.04,
            "eps_4q_growth_year": -105.38,
            "roe": -3.28,
            "roe_4q": -2.6900000000000004,
            "gross_profit": 159876,
            "gross_margin": 5.88,
            "gross_margin_4q_avg": 6.49,
            "net_income": -369030,
            "revenue": 2717377,
            "common_shares": 2861570,
            "book_valuer_per_share": 40.95,
            "book_valuer_per_share_4q_avg": 43.52,
            "equity": 11079812,
            "current_ratio": 202.95,
            "debt_ratio": 43.57,
            "inventory_turnover_ratio": 0.31,
            "account_receivable_turnover_ratio": 2.76,
            "reinvestment_rate": 18.68,
            "research_to_sale_ratio": 14.76,
            "price_fair": 302.6,
            "eps_avg_yearly": 8.65,
            "eps_latest_yearly": 1.2,
            "eps_growth_yearly": 93.08
        }
    },
    "months": {
        "2002-03": {
            "month": "2002-03",
            "price": "293.70",
            "revenue": 274948
        },
        "2002-04": {
            "month": "2002-04",
            "price": "317.38",
            "revenue": 289082
        },
        "2002-05": {
            "month": "2002-05",
            "price": "232.00",
            "revenue": 278423
        },
        "2002-06": {
            "month": "2002-06",
            "price": "210.55",
            "revenue": 313858
        },
        "2002-07": {
            "month": "2002-07",
            "price": "207.30",
            "revenue": 311287
        },
        "2002-08": {
            "month": "2002-08",
            "price": "224.27",
            "revenue": 336619
        },
        "2002-09": {
            "month": "2002-09",
            "price": "165.05",
            "revenue": 403165
        },
        "2002-10": {
            "month": "2002-10",
            "price": "162.07",
            "revenue": 421188
        },
        "2002-11": {
            "month": "2002-11",
            "price": "146.14",
            "revenue": 377057
        },
        "2002-12": {
            "month": "2002-12",
            "price": "116.55",
            "revenue": 365536
        },
        "2003-01": {
            "month": "2003-01",
            "price": "98.08",
            "revenue": 502593
        },
        "2003-02": {
            "month": "2003-02",
            "price": "90.12",
            "revenue": 394969
        },
        "2003-03": {
            "month": "2003-03",
            "price": "81.81",
            "revenue": 410192
        },
        "2003-04": {
            "month": "2003-04",
            "price": "79.55",
            "revenue": 384062
        },
        "2003-05": {
            "month": "2003-05",
            "price": "69.83",
            "revenue": 341293
        },
        "2003-06": {
            "month": "2003-06",
            "price": "88.15",
            "revenue": 260535
        },
        "2003-07": {
            "month": "2003-07",
            "price": "97.54",
            "revenue": 455927
        },
        "2003-08": {
            "month": "2003-08",
            "price": "95.33",
            "revenue": 471500
        },
        "2003-09": {
            "month": "2003-09",
            "price": "92.57",
            "revenue": 508672
        },
        "2003-10": {
            "month": "2003-10",
            "price": "87.89",
            "revenue": 555006
        },
        "2003-11": {
            "month": "2003-11",
            "price": "76.72",
            "revenue": 510703
        },
        "2003-12": {
            "month": "2003-12",
            "price": "69.15",
            "revenue": 537885
        },
        "2004-01": {
            "month": "2004-01",
            "price": "76.23",
            "revenue": 661235
        },
        "2004-02": {
            "month": "2004-02",
            "price": "91.10",
            "revenue": 771392
        },
        "2004-03": {
            "month": "2004-03",
            "price": "117.91",
            "revenue": 897230
        },
        "2004-04": {
            "month": "2004-04",
            "price": "149.61",
            "revenue": 976881
        },
        "2004-05": {
            "month": "2004-05",
            "price": "124.93",
            "revenue": 1059197
        },
        "2004-06": {
            "month": "2004-06",
            "price": "108.40",
            "revenue": 1027053
        },
        "2004-07": {
            "month": "2004-07",
            "price": "103.09",
            "revenue": 741304
        },
        "2004-08": {
            "month": "2004-08",
            "price": "97.98",
            "revenue": 632800
        },
        "2004-09": {
            "month": "2004-09",
            "price": "100.00",
            "revenue": 668429
        },
        "2004-10": {
            "month": "2004-10",
            "price": "85.32",
            "revenue": 569840
        },
        "2004-11": {
            "month": "2004-11",
            "price": "74.07",
            "revenue": 401855
        },
        "2004-12": {
            "month": "2004-12",
            "price": "70.07",
            "revenue": 301072
        },
        "2005-01": {
            "month": "2005-01",
            "price": "67.67",
            "revenue": 420863
        },
        "2005-02": {
            "month": "2005-02",
            "price": "73.92",
            "revenue": 347837
        },
        "2005-03": {
            "month": "2005-03",
            "price": "71.10",
            "revenue": 418585
        },
        "2005-04": {
            "month": "2005-04",
            "price": "57.10",
            "revenue": 400756
        },
        "2005-05": {
            "month": "2005-05",
            "price": "51.90",
            "revenue": 468615
        },
        "2005-06": {
            "month": "2005-06",
            "price": "61.40",
            "revenue": 481180
        },
        "2005-07": {
            "month": "2005-07",
            "price": "63.68",
            "revenue": 483228
        },
        "2005-08": {
            "month": "2005-08",
            "price": "52.60",
            "revenue": 540234
        },
        "2005-09": {
            "month": "2005-09",
            "price": "37.85",
            "revenue": 554504
        },
        "2005-10": {
            "month": "2005-10",
            "price": "34.13",
            "revenue": 569520
        },
        "2005-11": {
            "month": "2005-11",
            "price": "35.75",
            "revenue": 509390
        },
        "2005-12": {
            "month": "2005-12",
            "price": "40.89",
            "revenue": 515138
        },
        "2006-01": {
            "month": "2006-01",
            "price": "38.67",
            "revenue": 531483
        },
        "2006-02": {
            "month": "2006-02",
            "price": "35.96",
            "revenue": 471556
        },
        "2006-03": {
            "month": "2006-03",
            "price": "37.61",
            "revenue": 458366
        },
        "2006-04": {
            "month": "2006-04",
            "price": "37.57",
            "revenue": 417694
        },
        "2006-05": {
            "month": "2006-05",
            "price": "33.89",
            "revenue": 442486
        },
        "2006-06": {
            "month": "2006-06",
            "price": "27.69",
            "revenue": 534121
        },
        "2006-07": {
            "month": "2006-07",
            "price": "29.10",
            "revenue": 472782
        },
        "2006-08": {
            "month": "2006-08",
            "price": "28.73",
            "revenue": 545185
        },
        "2006-09": {
            "month": "2006-09",
            "price": "26.34",
            "revenue": 571724
        },
        "2006-10": {
            "month": "2006-10",
            "price": "26.87",
            "revenue": 542352
        },
        "2006-11": {
            "month": "2006-11",
            "price": "35.61",
            "revenue": 467607
        },
        "2006-12": {
            "month": "2006-12",
            "price": "34.01",
            "revenue": 362096
        },
        "2007-01": {
            "month": "2007-01",
            "price": "45.93",
            "revenue": 508024
        },
        "2007-02": {
            "month": "2007-02",
            "price": "54.25",
            "revenue": 362298
        },
        "2007-03": {
            "month": "2007-03",
            "price": "74.61",
            "revenue": 478507
        },
        "2007-04": {
            "month": "2007-04",
            "price": "63.69",
            "revenue": 481581
        },
        "2007-05": {
            "month": "2007-05",
            "price": "73.05",
            "revenue": 477052
        },
        "2007-06": {
            "month": "2007-06",
            "price": "85.52",
            "revenue": 510687
        },
        "2007-07": {
            "month": "2007-07",
            "price": "113.85",
            "revenue": 623554
        },
        "2007-08": {
            "month": "2007-08",
            "price": "98.61",
            "revenue": 818236
        },
        "2007-09": {
            "month": "2007-09",
            "price": "105.35",
            "revenue": 794263
        },
        "2007-10": {
            "month": "2007-10",
            "price": "102.29",
            "revenue": 791050
        },
        "2007-11": {
            "month": "2007-11",
            "price": "74.20",
            "revenue": 541341
        },
        "2007-12": {
            "month": "2007-12",
            "price": "62.02",
            "revenue": 464437
        },
        "2008-01": {
            "month": "2008-01",
            "price": "54.16",
            "revenue": 546581
        },
        "2008-02": {
            "month": "2008-02",
            "price": "47.36",
            "revenue": 410993
        },
        "2008-03": {
            "month": "2008-03",
            "price": "51.84",
            "revenue": 466558
        },
        "2008-04": {
            "month": "2008-04",
            "price": "59.21",
            "revenue": 455467
        },
        "2008-05": {
            "month": "2008-05",
            "price": "59.50",
            "revenue": 472302
        },
        "2008-06": {
            "month": "2008-06",
            "price": "44.94",
            "revenue": 433312
        },
        "2008-07": {
            "month": "2008-07",
            "price": "41.29",
            "revenue": 452809
        },
        "2008-08": {
            "month": "2008-08",
            "price": "41.59",
            "revenue": 433921
        },
        "2008-09": {
            "month": "2008-09",
            "price": "28.99",
            "revenue": 420917
        },
        "2008-10": {
            "month": "2008-10",
            "price": "26.65",
            "revenue": 377990
        },
        "2008-11": {
            "month": "2008-11",
            "price": "19.72",
            "revenue": 202343
        },
        "2008-12": {
            "month": "2008-12",
            "price": "18.41",
            "revenue": 170680
        },
        "2009-01": {
            "month": "2009-01",
            "price": "21.00",
            "revenue": 172011
        },
        "2009-02": {
            "month": "2009-02",
            "price": "23.26",
            "revenue": 261201
        },
        "2009-03": {
            "month": "2009-03",
            "price": "27.54",
            "revenue": 327300
        },
        "2009-04": {
            "month": "2009-04",
            "price": "32.13",
            "revenue": 403155
        },
        "2009-05": {
            "month": "2009-05",
            "price": "44.92",
            "revenue": 325243
        },
        "2009-06": {
            "month": "2009-06",
            "price": "44.58",
            "revenue": 416434
        },
        "2009-07": {
            "month": "2009-07",
            "price": "52.96",
            "revenue": 458427
        },
        "2009-08": {
            "month": "2009-08",
            "price": "51.36",
            "revenue": 452195
        },
        "2009-09": {
            "month": "2009-09",
            "price": "50.46",
            "revenue": 487521
        },
        "2009-10": {
            "month": "2009-10",
            "price": "49.08",
            "revenue": 503960
        },
        "2009-11": {
            "month": "2009-11",
            "price": "49.26",
            "revenue": 472381
        },
        "2009-12": {
            "month": "2009-12",
            "price": "52.50",
            "revenue": 429577
        },
        "2010-01": {
            "month": "2010-01",
            "price": "50.45",
            "revenue": 590733
        },
        "2010-02": {
            "month": "2010-02",
            "price": "41.79",
            "revenue": 587689
        },
        "2010-03": {
            "month": "2010-03",
            "price": "46.15",
            "revenue": 803580
        },
        "2010-04": {
            "month": "2010-04",
            "price": "68.28",
            "revenue": 880544
        },
        "2010-05": {
            "month": "2010-05",
            "price": "61.70",
            "revenue": 833936
        },
        "2010-06": {
            "month": "2010-06",
            "price": "58.97",
            "revenue": 692872
        },
        "2010-07": {
            "month": "2010-07",
            "price": "59.46",
            "revenue": 578347
        },
        "2010-08": {
            "month": "2010-08",
            "price": "57.03",
            "revenue": 485851
        },
        "2010-09": {
            "month": "2010-09",
            "price": "52.96",
            "revenue": 425041
        },
        "2010-10": {
            "month": "2010-10",
            "price": "50.35",
            "revenue": 355835
        },
        "2010-11": {
            "month": "2010-11",
            "price": "45.28",
            "revenue": 311036
        },
        "2010-12": {
            "month": "2010-12",
            "price": "49.05",
            "revenue": 442364
        },
        "2011-01": {
            "month": "2011-01",
            "price": "50.40",
            "revenue": 609431
        },
        "2011-02": {
            "month": "2011-02",
            "price": "54.31",
            "revenue": 399684
        },
        "2011-03": {
            "month": "2011-03",
            "price": "47.63",
            "revenue": 626238
        },
        "2011-04": {
            "month": "2011-04",
            "price": "45.25",
            "revenue": 659342
        },
        "2011-05": {
            "month": "2011-05",
            "price": "45.00",
            "revenue": 532426
        },
        "2011-06": {
            "month": "2011-06",
            "price": "42.11",
            "revenue": 339759
        },
        "2011-07": {
            "month": "2011-07",
            "price": "34.52",
            "revenue": 289461
        },
        "2011-08": {
            "month": "2011-08",
            "price": "30.28",
            "revenue": 356247
        },
        "2011-09": {
            "month": "2011-09",
            "price": "31.51",
            "revenue": 486321
        },
        "2011-10": {
            "month": "2011-10",
            "price": "32.98",
            "revenue": 335901
        },
        "2011-11": {
            "month": "2011-11",
            "price": "27.64",
            "revenue": 389655
        },
        "2011-12": {
            "month": "2011-12",
            "price": "23.36",
            "revenue": 411102
        },
        "2012-01": {
            "month": "2012-01",
            "price": "25.34",
            "revenue": 385031
        },
        "2012-02": {
            "month": "2012-02",
            "price": "30.86",
            "revenue": 412677
        },
        "2012-03": {
            "month": "2012-03",
            "price": "29.83",
            "revenue": 538176
        },
        "2012-04": {
            "month": "2012-04",
            "price": "25.61",
            "revenue": 429664
        },
        "2012-05": {
            "month": "2012-05",
            "price": "24.52",
            "revenue": 426010
        },
        "2012-06": {
            "month": "2012-06",
            "price": "23.87",
            "revenue": 385700
        },
        "2012-07": {
            "month": "2012-07",
            "price": "23.83",
            "revenue": 488298
        },
        "2012-08": {
            "month": "2012-08",
            "price": "24.45",
            "revenue": 502455
        },
        "2012-09": {
            "month": "2012-09",
            "price": "25.90",
            "revenue": 437236
        },
        "2012-10": {
            "month": "2012-10",
            "price": "23.17",
            "revenue": 405796
        },
        "2012-11": {
            "month": "2012-11",
            "price": "20.02",
            "revenue": 463712
        },
        "2012-12": {
            "month": "2012-12",
            "price": "22.34",
            "revenue": 406918
        },
        "2013-01": {
            "month": "2013-01",
            "price": "22.70",
            "revenue": 536962
        },
        "2013-02": {
            "month": "2013-02",
            "price": "23.42",
            "revenue": 429828
        },
        "2013-03": {
            "month": "2013-03",
            "price": "27.50",
            "revenue": 549667
        },
        "2013-04": {
            "month": "2013-04",
            "price": "34.47",
            "revenue": 611003
        },
        "2013-05": {
            "month": "2013-05",
            "price": "42.61",
            "revenue": 521618
        },
        "2013-06": {
            "month": "2013-06",
            "price": "43.03",
            "revenue": 511475
        },
        "2013-07": {
            "month": "2013-07",
            "price": "36.82",
            "revenue": 570222
        },
        "2013-08": {
            "month": "2013-08",
            "price": "34.81",
            "revenue": 564713
        },
        "2013-09": {
            "month": "2013-09",
            "price": "38.95",
            "revenue": 628926
        },
        "2013-10": {
            "month": "2013-10",
            "price": "40.29",
            "revenue": 672912
        },
        "2013-11": {
            "month": "2013-11",
            "price": "34.62",
            "revenue": 594312
        },
        "2013-12": {
            "month": "2013-12",
            "price": "34.35",
            "revenue": 612666
        },
        "2014-01": {
            "month": "2014-01",
            "price": "37.38",
            "revenue": 634561
        },
        "2014-02": {
            "month": "2014-02",
            "price": "38.08",
            "revenue": 656869
        },
        "2014-03": {
            "month": "2014-03",
            "price": "44.18",
            "revenue": 728991
        },
        "2014-04": {
            "month": "2014-04",
            "price": "51.90",
            "revenue": 870446
        },
        "2014-05": {
            "month": "2014-05",
            "price": "55.48",
            "revenue": 850154
        },
        "2014-06": {
            "month": "2014-06",
            "price": "61.42",
            "revenue": 691936
        },
        "2014-07": {
            "month": "2014-07",
            "price": "54.11",
            "revenue": 920237
        },
        "2014-08": {
            "month": "2014-08",
            "price": "50.47",
            "revenue": 930529
        },
        "2014-09": {
            "month": "2014-09",
            "price": "51.20",
            "revenue": 943100
        },
        "2014-10": {
            "month": "2014-10",
            "price": "45.25",
            "revenue": 887988
        },
        "2014-11": {
            "month": "2014-11",
            "price": "45.76",
            "revenue": 840282
        },
        "2014-12": {
            "month": "2014-12",
            "price": "49.67",
            "revenue": 839572
        },
        "2015-01": {
            "month": "2015-01",
            "price": "50.14",
            "revenue": 939705
        },
        "2015-02": {
            "month": "2015-02",
            "price": "49.03",
            "revenue": 613163
        },
        "2015-03": {
            "month": "2015-03",
            "price": "50.21",
            "revenue": 754089
        },
        "2015-04": {
            "month": "2015-04",
            "price": "45.40",
            "revenue": 772650
        },
        "2015-05": {
            "month": "2015-05",
            "price": "42.37",
            "revenue": 721225
        },
        "2015-06": {
            "month": "2015-06",
            "price": "40.41",
            "revenue": 723383
        },
        "2015-07": {
            "month": "2015-07",
            "price": "33.38",
            "revenue": 759744
        },
        "2015-08": {
            "month": "2015-08",
            "price": "27.00",
            "revenue": 810524
        },
        "2015-09": {
            "month": "2015-09",
            "price": "26.50",
            "revenue": 758095
        },
        "2015-10": {
            "month": "2015-10",
            "price": "28.15",
            "revenue": 805592
        },
        "2015-11": {
            "month": "2015-11",
            "price": "29.95",
            "revenue": 860848
        },
        "2015-12": {
            "month": "2015-12",
            "price": "31.00",
            "revenue": 747133
        },
        "2016-01": {
            "month": "2016-01",
            "price": "26.81",
            "revenue": 794977
        },
        "2016-02": {
            "month": "2016-02",
            "price": "28.41",
            "revenue": 537547
        },
        "2016-03": {
            "month": "2016-03",
            "price": "29.02",
            "revenue": 718691
        },
        "2016-04": {
            "month": "2016-04",
            "price": "27.20",
            "revenue": 703345
        },
        "2016-05": {
            "month": "2016-05",
            "price": "25.52",
            "revenue": 743184
        },
        "2016-06": {
            "month": "2016-06",
            "price": "28.00",
            "revenue": 629759
        },
        "2016-07": {
            "month": "2016-07",
            "price": "29.14",
            "revenue": 812671
        },
        "2016-08": {
            "month": "2016-08",
            "price": "29.77",
            "revenue": 833691
        },
        "2016-09": {
            "month": "2016-09",
            "price": "32.28",
            "revenue": 807745
        },
        "2016-10": {
            "month": "2016-10",
            "price": "34.21",
            "revenue": 883474
        },
        "2016-11": {
            "month": "2016-11",
            "price": "31.52",
            "revenue": 947652
        },
        "2016-12": {
            "month": "2016-12",
            "price": "32.96",
            "revenue": 887798
        },
        "2017-01": {
            "month": "2017-01",
            "price": "33.09",
            "revenue": 776236
        },
        "2017-02": {
            "month": "2017-02",
            "price": "33.53",
            "revenue": 835919
        },
        "2017-03": {
            "month": "2017-03",
            "price": "32.91",
            "revenue": 1046908
        },
        "2017-04": {
            "month": "2017-04",
            "price": "42.06",
            "revenue": 932159
        },
        "2017-05": {
            "month": "2017-05",
            "price": "39.38",
            "revenue": 789823
        },
        "2017-06": {
            "month": "2017-06",
            "price": "38.04",
            "revenue": 791369
        },
        "2017-07": {
            "month": "2017-07",
            "price": "36.15",
            "revenue": 828091
        },
        "2017-08": {
            "month": "2017-08",
            "price": "39.39",
            "revenue": 740257
        },
        "2017-09": {
            "month": "2017-09",
            "price": "42.31",
            "revenue": 976735
        },
        "2017-10": {
            "month": "2017-10",
            "price": "47.42",
            "revenue": 827592
        },
        "2017-11": {
            "month": "2017-11",
            "price": "46.57",
            "revenue": 1043478
        },
        "2017-12": {
            "month": "2017-12",
            "price": "42.23",
            "revenue": 867952
        },
        "2018-01": {
            "month": "2018-01",
            "price": "44.03",
            "revenue": 908544
        },
        "2018-02": {
            "month": "2018-02",
            "price": "41.82",
            "revenue": 815314
        },
        "2018-03": {
            "month": "2018-03",
            "price": "45.21",
            "revenue": 1085658
        },
        "2018-04": {
            "month": "2018-04",
            "price": "41.23",
            "revenue": 966752
        },
        "2018-05": {
            "month": "2018-05",
            "price": "40.95",
            "revenue": 926614
        },
        "2018-06": {
            "month": "2018-06",
            "price": "41.22",
            "revenue": 1013078
        },
        "2018-07": {
            "month": "2018-07",
            "price": "37.90",
            "revenue": 950542
        },
        "2018-08": {
            "month": "2018-08",
            "price": "37.24",
            "revenue": 1079648
        },
        "2018-09": {
            "month": "2018-09",
            "price": "33.88",
            "revenue": 1115994
        },
        "2018-10": {
            "month": "2018-10",
            "price": "30.56",
            "revenue": 975324
        },
        "2018-11": {
            "month": "2018-11",
            "price": "30.87",
            "revenue": 892537
        },
        "2018-12": {
            "month": "2018-12",
            "price": "31.13",
            "revenue": 825118
        },
        "2019-01": {
            "month": "2019-01",
            "price": "30.98",
            "revenue": 899594
        },
        "2019-02": {
            "month": "2019-02",
            "price": "33.43",
            "revenue": 826070
        },
        "2019-03": {
            "month": "2019-03",
            "price": "32.88",
            "revenue": 900282
        },
        "2019-04": {
            "month": "2019-04",
            "price": "32.96",
            "revenue": 1026710
        },
        "2019-05": {
            "month": "2019-05",
            "price": "30.60",
            "revenue": 1081499
        },
        "2019-06": {
            "month": "2019-06",
            "price": "30.71",
            "revenue": 928424
        },
        "2019-07": {
            "month": "2019-07",
            "price": "32.72",
            "revenue": 1023691
        },
        "2019-08": {
            "month": "2019-08",
            "price": "31.82",
            "revenue": 1160803
        },
        "2019-09": {
            "month": "2019-09",
            "price": "33.74",
            "revenue": 1060384
        },
        "2019-10": {
            "month": "2019-10",
            "price": "32.52",
            "revenue": 1033444
        },
        "2019-11": {
            "month": "2019-11",
            "price": "31.70",
            "revenue": 1012902
        },
        "2019-12": {
            "month": "2019-12",
            "price": "35.45",
            "revenue": 1031257
        },
        "2020-01": {
            "month": "2020-01",
            "price": "37.69",
            "revenue": 973925
        },
        "2020-02": {
            "month": "2020-02",
            "price": "35.08",
            "revenue": 1238689
        },
        "2020-03": {
            "month": "2020-03",
            "price": "30.27",
            "revenue": 1451116
        },
        "2020-04": {
            "month": "2020-04",
            "price": "35.10",
            "revenue": 1222784
        },
        "2020-05": {
            "month": "2020-05",
            "price": "41.67",
            "revenue": 978518
        },
        "2020-06": {
            "month": "2020-06",
            "price": "39.98",
            "revenue": 1009326
        },
        "2020-07": {
            "month": "2020-07",
            "price": "38.82",
            "revenue": 1177988
        },
        "2020-08": {
            "month": "2020-08",
            "price": "38.41",
            "revenue": 1224451
        },
        "2020-09": {
            "month": "2020-09",
            "price": "37.32",
            "revenue": 1596738
        },
        "2020-10": {
            "month": "2020-10",
            "price": "40.69",
            "revenue": 1526318
        },
        "2020-11": {
            "month": "2020-11",
            "price": "44.50",
            "revenue": 1483914
        },
        "2020-12": {
            "month": "2020-12",
            "price": "58.19",
            "revenue": 1383372
        },
        "2021-01": {
            "month": "2021-01",
            "price": "63.46",
            "revenue": 1632033
        },
        "2021-02": {
            "month": "2021-02",
            "price": "74.33",
            "revenue": 1429398
        },
        "2021-03": {
            "month": "2021-03",
            "price": "91.40",
            "revenue": 1910045
        },
        "2021-04": {
            "month": "2021-04",
            "price": "142.00",
            "revenue": 2011711
        },
        "2021-05": {
            "month": "2021-05",
            "price": "122.22",
            "revenue": 2084866
        },
        "2021-06": {
            "month": "2021-06",
            "price": "136.19",
            "revenue": 2078550
        },
        "2021-07": {
            "month": "2021-07",
            "price": "174.91",
            "revenue": 2169559
        },
        "2021-08": {
            "month": "2021-08",
            "price": "153.45",
            "revenue": 2370034
        },
        "2021-09": {
            "month": "2021-09",
            "price": "134.20",
            "revenue": 2303662
        },
        "2021-10": {
            "month": "2021-10",
            "price": "123.52",
            "revenue": 1965399
        },
        "2021-11": {
            "month": "2021-11",
            "price": "154.43",
            "revenue": 1940898
        },
        "2021-12": {
            "month": "2021-12",
            "price": "164.86",
            "revenue": 1948743
        },
        "2022-01": {
            "month": "2022-01",
            "price": "148.50",
            "revenue": 1696175
        },
        "2022-02": {
            "month": "2022-02",
            "price": "149.07",
            "revenue": 1564088
        },
        "2022-03": {
            "month": "2022-03",
            "price": "164.54",
            "revenue": 1820994
        },
        "2022-04": {
            "month": "2022-04",
            "price": "133.66",
            "revenue": 1741074
        },
        "2022-05": {
            "month": "2022-05",
            "price": "119.17",
            "revenue": 1575745
        },
        "2022-06": {
            "month": "2022-06",
            "price": "107.44",
            "revenue": 1642413
        },
        "2022-07": {
            "month": "2022-07",
            "price": "81.00",
            "revenue": 1254723
        },
        "2022-08": {
            "month": "2022-08",
            "price": "80.27",
            "revenue": 1185956
        },
        "2022-09": {
            "month": "2022-09",
            "price": "68.89",
            "revenue": 1059952
        },
        "2022-10": {
            "month": "2022-10",
            "price": "65.60",
            "revenue": 924109
        },
        "2022-11": {
            "month": "2022-11",
            "price": "71.09",
            "revenue": 885052
        },
        "2022-12": {
            "month": "2022-12",
            "price": "69.28",
            "revenue": 857616
        },
        "2023-01": {
            "month": "2023-01",
            "price": "71.95",
            "revenue": 787681
        },
        "2023-02": {
            "month": "2023-02",
            "price": "80.38",
            "revenue": 889850
        },
        "2023-03": {
            "month": "2023-03",
            "price": "78.75",
            "revenue": 1039846
        },
        "2023-04": {
            "month": "2023-04",
            "price": "85.19",
            "revenue": 960061
        },
        "2023-05": {
            "month": "2023-05",
            "price": "80.65",
            "revenue": 1042978
        }
    }
}
