{
    "summary": {
        "stock_name": "大立光",
        "stock_id": "3008",
        "category": "光電",
        "main_business": "各式光學鏡頭模組<br>觀景器模組與光電零組件<br>以上產品之研發設計生產銷售與技術服務等",
        "website_url": "http://www.largan.com.tw",
        "ceo": "黃有執",
        "pe_ratio": 14,
        "report_year_from": 2001,
        "report_year_to": 2023,
        "age": 22,
        "eps_negative_percentage": 0,
        "eps_growth_avg": {
            "last_all": 18.2,
            "last_2y": -5.12,
            "last_4y": -1.11,
            "last_8y": 14.12,
            "last_12y": 22.79,
            "last_16y": 20.94,
            "last_20y": 18.2,
            "at_2006_last_3y": 36.91,
            "at_2007_last_3y": 19.45,
            "at_2008_last_3y": 30.8,
            "at_2009_last_3y": 14.93,
            "at_2010_last_3y": 5.19,
            "at_2011_last_3y": 21.44,
            "at_2012_last_3y": 17.89,
            "at_2013_last_3y": 42.3,
            "at_2014_last_3y": 52.03,
            "at_2015_last_3y": 50.96,
            "at_2016_last_3y": 47.67,
            "at_2017_last_3y": 33.16,
            "at_2018_last_3y": 6.61,
            "at_2019_last_3y": 4.54,
            "at_2020_last_3y": 2.72,
            "at_2021_last_3y": -6.8,
            "at_2022_last_3y": 0.15,
            "at_2023_last_3y": 0.15,
            "at_2006_last_all": 25.23,
            "at_2007_last_all": 14.96,
            "at_2008_last_all": 15.89,
            "at_2009_last_all": 10.73,
            "at_2010_last_all": 16.33,
            "at_2011_last_all": 17.55,
            "at_2012_last_all": 16.62,
            "at_2013_last_all": 21.26,
            "at_2014_last_all": 27.31,
            "at_2015_last_all": 27.1,
            "at_2016_last_all": 24.9,
            "at_2017_last_all": 24.23,
            "at_2018_last_all": 22.44,
            "at_2019_last_all": 22.08,
            "at_2020_last_all": 20.23,
            "at_2021_last_all": 18.03,
            "at_2022_last_all": 18.2,
            "at_2023_last_all": 18.2
        },
        "latest_eps": 152.86,
        "latest_price": 2210,
        "latest_roe": 13.82,
        "latest_gross_margin": 49.84,
        "latest_equity": 152806878,
        "latest_revenue": 9136021,
        "latest_gross_profit": 4553349,
        "latest_net_income": 3288948,
        "latest_debt_ratio": 19.4,
        "latest_current_ratio": 363.92,
        "latest_account_receivable_turnover_ratio": 1.27,
        "latest_inventory_turnover_ratio": 0.84,
        "latest_reinvestment_rate": 11.95,
        "latest_research_to_sale_ratio": 10
    },
    "eps_dividends": {
        "2000": {
            "cash": 0,
            "stock": 0,
            "eps": 0
        },
        "2001": {
            "cash": 0,
            "stock": 1,
            "eps": 13.65
        },
        "2002": {
            "cash": 3,
            "stock": 3,
            "eps": 10.72
        },
        "2003": {
            "cash": 5,
            "stock": 1,
            "eps": 14.3
        },
        "2004": {
            "cash": 6,
            "stock": 1,
            "eps": 10.88
        },
        "2005": {
            "cash": 5,
            "stock": 1,
            "eps": 15.03
        },
        "2006": {
            "cash": 7,
            "stock": 1,
            "eps": 32.46
        },
        "2007": {
            "cash": 11,
            "stock": 0,
            "eps": 20.64
        },
        "2008": {
            "cash": 10,
            "stock": 0,
            "eps": 25.07
        },
        "2009": {
            "cash": 10,
            "stock": 0,
            "eps": 18.72
        },
        "2010": {
            "cash": 10,
            "stock": 0,
            "eps": 30.15
        },
        "2011": {
            "cash": 31,
            "stock": 0,
            "eps": 38.76
        },
        "2012": {
            "cash": 0,
            "stock": 0,
            "eps": 41.58
        },
        "2013": {
            "cash": 17,
            "stock": 0,
            "eps": 71.64
        },
        "2014": {
            "cash": 29,
            "stock": 0,
            "eps": 144.91
        },
        "2015": {
            "cash": 51,
            "stock": 0,
            "eps": 180.08
        },
        "2016": {
            "cash": 64,
            "stock": 0,
            "eps": 169.48
        },
        "2017": {
            "cash": 64,
            "stock": 0,
            "eps": 193.65
        },
        "2018": {
            "cash": 73,
            "stock": 0,
            "eps": 181.67
        },
        "2019": {
            "cash": 68,
            "stock": 0,
            "eps": 210.7
        },
        "2020": {
            "cash": 79,
            "stock": 0,
            "eps": 182.9
        },
        "2021": {
            "cash": 92,
            "stock": 0,
            "eps": 139.39
        },
        "2022": {
            "cash": 110,
            "stock": 0,
            "eps": 169.52
        },
        "2023": {
            "cash": 46,
            "stock": 0,
            "eps": 24.64
        }
    },
    "dividends": {
        "2000-09-23": {
            "cash": 0,
            "stock": 0.38
        },
        "2001-07-16": {
            "cash": 0,
            "stock": 0.7
        },
        "2002-06-28": {
            "cash": 3,
            "stock": 3
        },
        "2003-04-16": {
            "cash": 5,
            "stock": 1
        },
        "2004-04-20": {
            "cash": 6,
            "stock": 1
        },
        "2005-04-27": {
            "cash": 4.5,
            "stock": 0.5
        },
        "2006-04-26": {
            "cash": 7,
            "stock": 0.5
        },
        "2007-04-24": {
            "cash": 11.4,
            "stock": 0.2
        },
        "2008-04-24": {
            "cash": 9.8,
            "stock": 0.2
        },
        "2009-03-25": {
            "cash": 10,
            "stock": 0.2
        },
        "2010-03-22": {
            "cash": 10,
            "stock": 0
        },
        "2011-01-01": {
            "cash": 17,
            "stock": 0
        },
        "2011-04-21": {
            "cash": 13.5,
            "stock": 0
        },
        "2013-03-25": {
            "cash": 17,
            "stock": 0
        },
        "2014-09-11": {
            "cash": 28.5,
            "stock": 0
        },
        "2015-09-10": {
            "cash": 51,
            "stock": 0
        },
        "2016-09-08": {
            "cash": 63.5,
            "stock": 0
        },
        "2017-09-06": {
            "cash": 63.5,
            "stock": 0
        },
        "2018-09-05": {
            "cash": 72.5,
            "stock": 0
        },
        "2019-09-04": {
            "cash": 68,
            "stock": 0
        },
        "2020-09-03": {
            "cash": 79,
            "stock": 0
        },
        "2021-09-03": {
            "cash": 91.5,
            "stock": 0
        },
        "2022-02-10": {
            "cash": 31,
            "stock": 0
        },
        "2022-04-15": {
            "cash": 39,
            "stock": 0
        },
        "2022-09-15": {
            "cash": 39.5,
            "stock": 0
        },
        "2023-04-14": {
            "cash": 46,
            "stock": 0
        }
    },
    "prices": {
        "200101": "無",
        "200102": "無",
        "200103": "無",
        "200104": "無",
        "200105": "無",
        "200106": "無",
        "200107": "無",
        "200108": "無",
        "200109": "無",
        "200110": "無",
        "200111": "無",
        "200112": "無",
        "200201": "無",
        "200202": "無",
        "200203": "284.40",
        "200204": "277.05",
        "200205": "285.91",
        "200206": "258.20",
        "200207": "229.39",
        "200208": "211.59",
        "200209": "173.95",
        "200210": "183.55",
        "200211": "210.86",
        "200212": "210.59",
        "200301": "185.89",
        "200302": "203.88",
        "200303": "204.00",
        "200304": "206.05",
        "200305": "211.57",
        "200306": "211.00",
        "200307": "230.87",
        "200308": "268.52",
        "200309": "360.71",
        "200310": "350.27",
        "200311": "353.00",
        "200312": "336.91",
        "200401": "359.20",
        "200402": "379.60",
        "200403": "383.87",
        "200404": "411.18",
        "200405": "372.52",
        "200406": "343.62",
        "200407": "246.27",
        "200408": "227.95",
        "200409": "240.71",
        "200410": "221.90",
        "200411": "195.05",
        "200412": "177.30",
        "200501": "147.10",
        "200502": "169.27",
        "200503": "175.80",
        "200504": "188.85",
        "200505": "209.55",
        "200506": "208.32",
        "200507": "238.98",
        "200508": "258.55",
        "200509": "253.57",
        "200510": "291.75",
        "200511": "363.27",
        "200512": "499.86",
        "200601": "583.06",
        "200602": "604.41",
        "200603": "572.70",
        "200604": "610.00",
        "200605": "666.57",
        "200606": "620.41",
        "200607": "688.19",
        "200608": "687.83",
        "200609": "694.62",
        "200610": "664.65",
        "200611": "621.59",
        "200612": "595.86",
        "200701": "543.75",
        "200702": "480.46",
        "200703": "446.37",
        "200704": "431.35",
        "200705": "434.84",
        "200706": "453.52",
        "200707": "431.39",
        "200708": "334.02",
        "200709": "309.56",
        "200710": "391.05",
        "200711": "412.80",
        "200712": "410.31",
        "200801": "326.77",
        "200802": "307.82",
        "200803": "321.93",
        "200804": "391.64",
        "200805": "421.95",
        "200806": "401.12",
        "200807": "392.23",
        "200808": "424.69",
        "200809": "374.93",
        "200810": "310.73",
        "200811": "262.30",
        "200812": "197.89",
        "200901": "212.20",
        "200902": "229.60",
        "200903": "266.70",
        "200904": "262.39",
        "200905": "322.53",
        "200906": "353.76",
        "200907": "407.52",
        "200908": "401.02",
        "200909": "411.75",
        "200910": "394.61",
        "200911": "382.81",
        "200912": "414.39",
        "201001": "407.48",
        "201002": "417.00",
        "201003": "438.63",
        "201004": "497.17",
        "201005": "500.69",
        "201006": "522.90",
        "201007": "572.68",
        "201008": "598.77",
        "201009": "627.52",
        "201010": "588.00",
        "201011": "614.05",
        "201012": "710.48",
        "201101": "778.95",
        "201102": "782.57",
        "201103": "798.78",
        "201104": "874.32",
        "201105": "898.19",
        "201106": "935.48",
        "201107": "963.57",
        "201108": "862.39",
        "201109": "763.76",
        "201110": "673.15",
        "201111": "581.57",
        "201112": "523.91",
        "201201": "597.93",
        "201202": "653.40",
        "201203": "620.17",
        "201204": "543.58",
        "201205": "521.27",
        "201206": "582.52",
        "201207": "591.18",
        "201208": "613.64",
        "201209": "641.30",
        "201210": "608.41",
        "201211": "698.23",
        "201212": "800.67",
        "201301": "753.64",
        "201302": "808.38",
        "201303": "768.05",
        "201304": "751.10",
        "201305": "909.55",
        "201306": "968.26",
        "201307": "955.70",
        "201308": "1054.38",
        "201309": "996.95",
        "201310": "992.64",
        "201311": "1015.19",
        "201312": "1150.45",
        "201401": "1181.39",
        "201402": "1203.53",
        "201403": "1391.67",
        "201404": "1661.67",
        "201405": "1965.71",
        "201406": "2116.50",
        "201407": "2423.41",
        "201408": "2420.48",
        "201409": "2326.67",
        "201410": "2187.73",
        "201411": "2207.75",
        "201412": "2324.58",
        "201501": "2494.25",
        "201502": "2700.77",
        "201503": "2701.59",
        "201504": "2890.25",
        "201505": "3262.50",
        "201506": "3404.05",
        "201507": "3406.36",
        "201508": "2933.81",
        "201509": "2780.75",
        "201510": "2541.43",
        "201511": "2615.48",
        "201512": "2320.65",
        "201601": "2058.33",
        "201602": "2477.31",
        "201603": "2585.22",
        "201604": "2368.16",
        "201605": "2582.14",
        "201606": "2946.67",
        "201607": "3241.75",
        "201608": "3662.83",
        "201609": "3685.26",
        "201610": "3750.50",
        "201611": "3500.91",
        "201612": "3676.59",
        "201701": "4196.88",
        "201702": "4588.33",
        "201703": "4635.22",
        "201704": "4761.67",
        "201705": "4896.25",
        "201706": "4831.09",
        "201707": "5280.24",
        "201708": "5666.96",
        "201709": "5658.18",
        "201710": "5600.79",
        "201711": "5616.14",
        "201712": "4291.67",
        "201801": "3974.09",
        "201802": "3779.62",
        "201803": "3652.83",
        "201804": "3330.00",
        "201805": "3996.36",
        "201806": "4482.50",
        "201807": "4953.86",
        "201808": "4765.00",
        "201809": "4203.16",
        "201810": "3440.68",
        "201811": "3296.14",
        "201812": "3256.19",
        "201901": "3495.24",
        "201902": "4108.85",
        "201903": "4599.00",
        "201904": "4647.50",
        "201905": "4155.68",
        "201906": "3717.11",
        "201907": "4170.00",
        "201908": "3848.33",
        "201909": "4101.32",
        "201910": "4419.29",
        "201911": "4516.19",
        "201912": "4825.00",
        "202001": "4917.67",
        "202002": "4724.47",
        "202003": "4015.68",
        "202004": "3816.75",
        "202005": "3976.75",
        "202006": "4156.75",
        "202007": "4061.52",
        "202008": "3743.81",
        "202009": "3512.05",
        "202010": "3116.05",
        "202011": "3301.19",
        "202012": "3313.91",
        "202101": "2990.75",
        "202102": "3246.92",
        "202103": "3356.36",
        "202104": "3079.47",
        "202105": "2918.81",
        "202106": "3034.76",
        "202107": "3027.05",
        "202108": "2750.00",
        "202109": "2477.25",
        "202110": "2060.75",
        "202111": "2062.50",
        "202112": "2198.86",
        "202201": "2295.56",
        "202202": "2089.00",
        "202203": "1978.26",
        "202204": "1675.00",
        "202205": "1620.48",
        "202206": "1708.33",
        "202207": "1892.62",
        "202208": "2024.13",
        "202209": "1893.10",
        "202210": "1770.50",
        "202211": "2112.73",
        "202212": "2200.45",
        "202301": "2125.38",
        "202302": "2219.72",
        "202303": "2293.48",
        "202304": "2083.24",
        "202305": "2065.38"
    },
    "quarters": {
        "20011": {
            "year_quarter": 20011,
            "year": 2001,
            "quarter": 1,
            "eps": 2.38,
            "eps_growth_year": null,
            "eps_4q": null,
            "eps_4q_growth_year": null,
            "roe": 4.6,
            "roe_4q": 4.6,
            "gross_profit": 76326,
            "gross_margin": 39.5,
            "gross_margin_4q_avg": 39.5,
            "net_income": 71459,
            "revenue": 193206,
            "common_shares": 300000,
            "book_valuer_per_share": 52.99,
            "book_valuer_per_share_4q_avg": 52.99,
            "equity": 1589770,
            "current_ratio": 350,
            "debt_ratio": 21.57,
            "inventory_turnover_ratio": 2.69,
            "account_receivable_turnover_ratio": null,
            "reinvestment_rate": null,
            "research_to_sale_ratio": null,
            "price_fair": 0,
            "eps_avg_yearly": 0,
            "eps_latest_yearly": 0,
            "eps_growth_yearly": 0
        },
        "20012": {
            "year_quarter": 20012,
            "year": 2001,
            "quarter": 2,
            "eps": 5.02,
            "eps_growth_year": null,
            "eps_4q": null,
            "eps_4q_growth_year": null,
            "roe": 9.03,
            "roe_4q": 13.629999999999999,
            "gross_profit": 86494,
            "gross_margin": 36.18,
            "gross_margin_4q_avg": 37.84,
            "net_income": 150624,
            "revenue": 239035,
            "common_shares": 300000,
            "book_valuer_per_share": 58.16,
            "book_valuer_per_share_4q_avg": 55.58,
            "equity": 1744948,
            "current_ratio": 314.56,
            "debt_ratio": 19.6,
            "inventory_turnover_ratio": 3.18,
            "account_receivable_turnover_ratio": null,
            "reinvestment_rate": null,
            "research_to_sale_ratio": null,
            "price_fair": 0,
            "eps_avg_yearly": 0,
            "eps_latest_yearly": 0,
            "eps_growth_yearly": 0
        },
        "20013": {
            "year_quarter": 20013,
            "year": 2001,
            "quarter": 3,
            "eps": 5.06,
            "eps_growth_year": null,
            "eps_4q": null,
            "eps_4q_growth_year": null,
            "roe": 11.92,
            "roe_4q": 25.549999999999997,
            "gross_profit": 137094,
            "gross_margin": 41.4,
            "gross_margin_4q_avg": 39.03,
            "net_income": 273372,
            "revenue": 331115,
            "common_shares": 621622,
            "book_valuer_per_share": 45.72,
            "book_valuer_per_share_4q_avg": 52.29,
            "equity": 2842336,
            "current_ratio": 616.3,
            "debt_ratio": 17,
            "inventory_turnover_ratio": 2.72,
            "account_receivable_turnover_ratio": null,
            "reinvestment_rate": null,
            "research_to_sale_ratio": null,
            "price_fair": 0,
            "eps_avg_yearly": 0,
            "eps_latest_yearly": 0,
            "eps_growth_yearly": 0
        },
        "20014": {
            "year_quarter": 20014,
            "year": 2001,
            "quarter": 4,
            "eps": 1.19,
            "eps_growth_year": null,
            "eps_4q": 10.06,
            "eps_4q_growth_year": null,
            "roe": 2.28,
            "roe_4q": 27.83,
            "gross_profit": 105988,
            "gross_margin": 38.62,
            "gross_margin_4q_avg": 38.93,
            "net_income": 66445,
            "revenue": 274466,
            "common_shares": 621622,
            "book_valuer_per_share": 46.83,
            "book_valuer_per_share_4q_avg": 50.93,
            "equity": 2997693,
            "current_ratio": 994.94,
            "debt_ratio": 12.06,
            "inventory_turnover_ratio": 1.1,
            "account_receivable_turnover_ratio": null,
            "reinvestment_rate": null,
            "research_to_sale_ratio": null,
            "price_fair": 0,
            "eps_avg_yearly": 0,
            "eps_latest_yearly": 0,
            "eps_growth_yearly": 0
        },
        "20021": {
            "year_quarter": 20021,
            "year": 2002,
            "quarter": 1,
            "eps": 1.96,
            "eps_growth_year": -17.65,
            "eps_4q": 9.85,
            "eps_4q_growth_year": null,
            "roe": 4.04,
            "roe_4q": 27.270000000000003,
            "gross_profit": 114908,
            "gross_margin": 37.89,
            "gross_margin_4q_avg": 38.52,
            "net_income": 121850,
            "revenue": 303229,
            "common_shares": 621622,
            "book_valuer_per_share": 48.79,
            "book_valuer_per_share_4q_avg": 49.88,
            "equity": 3032861,
            "current_ratio": 683.7,
            "debt_ratio": 14.44,
            "inventory_turnover_ratio": 1.32,
            "account_receivable_turnover_ratio": null,
            "reinvestment_rate": null,
            "research_to_sale_ratio": null,
            "price_fair": 274.4,
            "eps_avg_yearly": 7.84,
            "eps_latest_yearly": 7.84,
            "eps_growth_yearly": 258.82
        },
        "20022": {
            "year_quarter": 20022,
            "year": 2002,
            "quarter": 2,
            "eps": 1.63,
            "eps_growth_year": -67.53,
            "eps_4q": 7.03,
            "eps_4q_growth_year": null,
            "roe": 4.65,
            "roe_4q": 22.89,
            "gross_profit": 184987,
            "gross_margin": 39.31,
            "gross_margin_4q_avg": 39.31,
            "net_income": 139302,
            "revenue": 470607,
            "common_shares": 854805,
            "book_valuer_per_share": 34.6,
            "book_valuer_per_share_4q_avg": 43.99,
            "equity": 2957735,
            "current_ratio": 365.21,
            "debt_ratio": 21.76,
            "inventory_turnover_ratio": 3.8,
            "account_receivable_turnover_ratio": null,
            "reinvestment_rate": null,
            "research_to_sale_ratio": null,
            "price_fair": 251.3,
            "eps_avg_yearly": 7.18,
            "eps_latest_yearly": 6.52,
            "eps_growth_yearly": 95.74
        },
        "20023": {
            "year_quarter": 20023,
            "year": 2002,
            "quarter": 3,
            "eps": 3.3,
            "eps_growth_year": -34.78,
            "eps_4q": 7.14,
            "eps_4q_growth_year": null,
            "roe": 9.07,
            "roe_4q": 20.040000000000003,
            "gross_profit": 163633,
            "gross_margin": 29.25,
            "gross_margin_4q_avg": 36.27,
            "net_income": 281837,
            "revenue": 559359,
            "common_shares": 854805,
            "book_valuer_per_share": 38.08,
            "book_valuer_per_share_4q_avg": 42.08,
            "equity": 3255292,
            "current_ratio": 441.61,
            "debt_ratio": 18.35,
            "inventory_turnover_ratio": 4.86,
            "account_receivable_turnover_ratio": null,
            "reinvestment_rate": null,
            "research_to_sale_ratio": null,
            "price_fair": 321.53,
            "eps_avg_yearly": 9.19,
            "eps_latest_yearly": 13.2,
            "eps_growth_yearly": 200.43
        },
        "20024": {
            "year_quarter": 20024,
            "year": 2002,
            "quarter": 4,
            "eps": 3.83,
            "eps_growth_year": 221.85,
            "eps_4q": 10.19,
            "eps_4q_growth_year": 1.23,
            "roe": 9.45,
            "roe_4q": 27.21,
            "gross_profit": 105008,
            "gross_margin": 22.24,
            "gross_margin_4q_avg": 32.17,
            "net_income": 327129,
            "revenue": 472187,
            "common_shares": 854805,
            "book_valuer_per_share": 41.67,
            "book_valuer_per_share_4q_avg": 40.79,
            "equity": 3671506,
            "current_ratio": 1000.76,
            "debt_ratio": 10.64,
            "inventory_turnover_ratio": 2.23,
            "account_receivable_turnover_ratio": null,
            "reinvestment_rate": null,
            "research_to_sale_ratio": null,
            "price_fair": 375.2,
            "eps_avg_yearly": 10.72,
            "eps_latest_yearly": 15.32,
            "eps_growth_yearly": 166.38
        },
        "20031": {
            "year_quarter": 20031,
            "year": 2003,
            "quarter": 1,
            "eps": 2.05,
            "eps_growth_year": 4.59,
            "eps_4q": 10.8,
            "eps_4q_growth_year": 9.69,
            "roe": 4.73,
            "roe_4q": 27.9,
            "gross_profit": 91911,
            "gross_margin": 23,
            "gross_margin_4q_avg": 28.45,
            "net_income": 175242,
            "revenue": 399578,
            "common_shares": 854805,
            "book_valuer_per_share": 43.72,
            "book_valuer_per_share_4q_avg": 39.52,
            "equity": 3737274,
            "current_ratio": 627.58,
            "debt_ratio": 12.87,
            "inventory_turnover_ratio": 1.87,
            "account_receivable_turnover_ratio": null,
            "reinvestment_rate": null,
            "research_to_sale_ratio": null,
            "price_fair": 357.56,
            "eps_avg_yearly": 10.22,
            "eps_latest_yearly": 8.2,
            "eps_growth_yearly": 95.93
        },
        "20032": {
            "year_quarter": 20032,
            "year": 2003,
            "quarter": 2,
            "eps": 2.81,
            "eps_growth_year": 72.39,
            "eps_4q": 10.98,
            "eps_4q_growth_year": 56.15,
            "roe": 7.42,
            "roe_4q": 30.67,
            "gross_profit": 101093,
            "gross_margin": 20.66,
            "gross_margin_4q_avg": 23.79,
            "net_income": 269703,
            "revenue": 489237,
            "common_shares": 958827,
            "book_valuer_per_share": 36.8,
            "book_valuer_per_share_4q_avg": 40.07,
            "equity": 3528581,
            "current_ratio": 243.55,
            "debt_ratio": 25.92,
            "inventory_turnover_ratio": 4.12,
            "account_receivable_turnover_ratio": null,
            "reinvestment_rate": null,
            "research_to_sale_ratio": null,
            "price_fair": 363.53,
            "eps_avg_yearly": 10.39,
            "eps_latest_yearly": 11.24,
            "eps_growth_yearly": 104.65
        },
        "20033": {
            "year_quarter": 20033,
            "year": 2003,
            "quarter": 3,
            "eps": 4.03,
            "eps_growth_year": 22.12,
            "eps_4q": 12.07,
            "eps_4q_growth_year": 69.21,
            "roe": 10.4,
            "roe_4q": 32,
            "gross_profit": 142159,
            "gross_margin": 19.38,
            "gross_margin_4q_avg": 21.32,
            "net_income": 386783,
            "revenue": 733629,
            "common_shares": 958826,
            "book_valuer_per_share": 40.79,
            "book_valuer_per_share_4q_avg": 40.75,
            "equity": 3911165,
            "current_ratio": 225.5,
            "debt_ratio": 23.62,
            "inventory_turnover_ratio": 5.69,
            "account_receivable_turnover_ratio": null,
            "reinvestment_rate": null,
            "research_to_sale_ratio": null,
            "price_fair": 392.2,
            "eps_avg_yearly": 11.21,
            "eps_latest_yearly": 16.12,
            "eps_growth_yearly": 114.51
        },
        "20034": {
            "year_quarter": 20034,
            "year": 2003,
            "quarter": 4,
            "eps": 5.41,
            "eps_growth_year": 41.25,
            "eps_4q": 14.09,
            "eps_4q_growth_year": 38.28,
            "roe": 12.43,
            "roe_4q": 34.980000000000004,
            "gross_profit": 184842,
            "gross_margin": 22.03,
            "gross_margin_4q_avg": 21.27,
            "net_income": 518563,
            "revenue": 839048,
            "common_shares": 958827,
            "book_valuer_per_share": 46.23,
            "book_valuer_per_share_4q_avg": 41.89,
            "equity": 4432739,
            "current_ratio": 388.23,
            "debt_ratio": 18.71,
            "inventory_turnover_ratio": 2.61,
            "account_receivable_turnover_ratio": null,
            "reinvestment_rate": null,
            "research_to_sale_ratio": null,
            "price_fair": 437.85,
            "eps_avg_yearly": 12.51,
            "eps_latest_yearly": 21.64,
            "eps_growth_yearly": 117.32
        },
        "20041": {
            "year_quarter": 20041,
            "year": 2004,
            "quarter": 1,
            "eps": 3.72,
            "eps_growth_year": 81.46,
            "eps_4q": 15.98,
            "eps_4q_growth_year": 47.92,
            "roe": 7.73,
            "roe_4q": 37.980000000000004,
            "gross_profit": 200891,
            "gross_margin": 30.33,
            "gross_margin_4q_avg": 23.1,
            "net_income": 356530,
            "revenue": 662371,
            "common_shares": 958826,
            "book_valuer_per_share": 49.94,
            "book_valuer_per_share_4q_avg": 43.44,
            "equity": 4788113,
            "current_ratio": 231.7,
            "debt_ratio": 21.24,
            "inventory_turnover_ratio": 1.69,
            "account_receivable_turnover_ratio": null,
            "reinvestment_rate": null,
            "research_to_sale_ratio": null,
            "price_fair": 447.07,
            "eps_avg_yearly": 12.77,
            "eps_latest_yearly": 14.88,
            "eps_growth_yearly": 90.4
        },
        "20042": {
            "year_quarter": 20042,
            "year": 2004,
            "quarter": 2,
            "eps": 2.88,
            "eps_growth_year": 2.49,
            "eps_4q": 14.64,
            "eps_4q_growth_year": 33.34,
            "roe": 6.69,
            "roe_4q": 37.25,
            "gross_profit": 167784,
            "gross_margin": 30.17,
            "gross_margin_4q_avg": 25.48,
            "net_income": 308992,
            "revenue": 556101,
            "common_shares": 958827,
            "book_valuer_per_share": 46.41,
            "book_valuer_per_share_4q_avg": 45.84,
            "equity": 4450292,
            "current_ratio": 157.79,
            "debt_ratio": 27.79,
            "inventory_turnover_ratio": 2.84,
            "account_receivable_turnover_ratio": null,
            "reinvestment_rate": null,
            "research_to_sale_ratio": null,
            "price_fair": 442.68,
            "eps_avg_yearly": 12.65,
            "eps_latest_yearly": 11.52,
            "eps_growth_yearly": 72.33
        },
        "20043": {
            "year_quarter": 20043,
            "year": 2004,
            "quarter": 3,
            "eps": 3.42,
            "eps_growth_year": -15.14,
            "eps_4q": 14.43,
            "eps_4q_growth_year": 19.54,
            "roe": 7.93,
            "roe_4q": 34.78,
            "gross_profit": 135717,
            "gross_margin": 24.59,
            "gross_margin_4q_avg": 26.78,
            "net_income": 367699,
            "revenue": 551959,
            "common_shares": 1074249,
            "book_valuer_per_share": 44.87,
            "book_valuer_per_share_4q_avg": 46.86,
            "equity": 4819849,
            "current_ratio": 317.66,
            "debt_ratio": 12.44,
            "inventory_turnover_ratio": 3.21,
            "account_receivable_turnover_ratio": null,
            "reinvestment_rate": null,
            "research_to_sale_ratio": null,
            "price_fair": 445.96,
            "eps_avg_yearly": 12.74,
            "eps_latest_yearly": 13.68,
            "eps_growth_yearly": 72.57
        },
        "20044": {
            "year_quarter": 20044,
            "year": 2004,
            "quarter": 4,
            "eps": 0.86,
            "eps_growth_year": -84.1,
            "eps_4q": 10.49,
            "eps_4q_growth_year": -25.51,
            "roe": 1.9,
            "roe_4q": 24.25,
            "gross_profit": 110227,
            "gross_margin": 22.67,
            "gross_margin_4q_avg": 26.94,
            "net_income": 92237,
            "revenue": 486193,
            "common_shares": 1074249,
            "book_valuer_per_share": 45.65,
            "book_valuer_per_share_4q_avg": 46.72,
            "equity": 4903537,
            "current_ratio": 541.9,
            "debt_ratio": 11.64,
            "inventory_turnover_ratio": 1.07,
            "account_receivable_turnover_ratio": null,
            "reinvestment_rate": 54.35,
            "research_to_sale_ratio": null,
            "price_fair": 418.83,
            "eps_avg_yearly": 11.97,
            "eps_latest_yearly": 3.44,
            "eps_growth_yearly": 41.57
        },
        "20051": {
            "year_quarter": 20051,
            "year": 2005,
            "quarter": 1,
            "eps": 1.68,
            "eps_growth_year": -54.84,
            "eps_4q": 8.84,
            "eps_4q_growth_year": -44.65,
            "roe": 3.61,
            "roe_4q": 20.13,
            "gross_profit": 116726,
            "gross_margin": 22.86,
            "gross_margin_4q_avg": 25.07,
            "net_income": 180296,
            "revenue": 510519,
            "common_shares": 1074249,
            "book_valuer_per_share": 47.3,
            "book_valuer_per_share_4q_avg": 46.06,
            "equity": 5081254,
            "current_ratio": 430.83,
            "debt_ratio": 9.26,
            "inventory_turnover_ratio": 1.1,
            "account_receivable_turnover_ratio": null,
            "reinvestment_rate": 30.54,
            "research_to_sale_ratio": null,
            "price_fair": 404.71,
            "eps_avg_yearly": 11.56,
            "eps_latest_yearly": 6.72,
            "eps_growth_yearly": 67.71
        },
        "20052": {
            "year_quarter": 20052,
            "year": 2005,
            "quarter": 2,
            "eps": 1.43,
            "eps_growth_year": -50.35,
            "eps_4q": 7.03,
            "eps_4q_growth_year": -52.02,
            "roe": 3.34,
            "roe_4q": 16.78,
            "gross_profit": 149563,
            "gross_margin": 24.85,
            "gross_margin_4q_avg": 23.74,
            "net_income": 163620,
            "revenue": 601761,
            "common_shares": 1074249,
            "book_valuer_per_share": 43.82,
            "book_valuer_per_share_4q_avg": 45.41,
            "equity": 4706993,
            "current_ratio": 172.71,
            "debt_ratio": 19.52,
            "inventory_turnover_ratio": 2.94,
            "account_receivable_turnover_ratio": null,
            "reinvestment_rate": 31.76,
            "research_to_sale_ratio": null,
            "price_fair": 390.1,
            "eps_avg_yearly": 11.15,
            "eps_latest_yearly": 5.72,
            "eps_growth_yearly": 58.62
        },
        "20053": {
            "year_quarter": 20053,
            "year": 2005,
            "quarter": 3,
            "eps": 4.69,
            "eps_growth_year": 37.13,
            "eps_4q": 8.49,
            "eps_4q_growth_year": -41.16,
            "roe": 10.78,
            "roe_4q": 19.63,
            "gross_profit": 274852,
            "gross_margin": 31.3,
            "gross_margin_4q_avg": 25.42,
            "net_income": 538036,
            "revenue": 878051,
            "common_shares": 1146151,
            "book_valuer_per_share": 46.01,
            "book_valuer_per_share_4q_avg": 45.7,
            "equity": 5272943,
            "current_ratio": 218.45,
            "debt_ratio": 13.67,
            "inventory_turnover_ratio": 3.54,
            "account_receivable_turnover_ratio": null,
            "reinvestment_rate": 34.1,
            "research_to_sale_ratio": null,
            "price_fair": 407.87,
            "eps_avg_yearly": 11.65,
            "eps_latest_yearly": 18.76,
            "eps_growth_yearly": 115.51
        },
        "20054": {
            "year_quarter": 20054,
            "year": 2005,
            "quarter": 4,
            "eps": 7.23,
            "eps_growth_year": 740.7,
            "eps_4q": 14.92,
            "eps_4q_growth_year": 42.19,
            "roe": 14.59,
            "roe_4q": 32.32,
            "gross_profit": 513889,
            "gross_margin": 36.76,
            "gross_margin_4q_avg": 28.94,
            "net_income": 829127,
            "revenue": 1398122,
            "common_shares": 1146151,
            "book_valuer_per_share": 53.18,
            "book_valuer_per_share_4q_avg": 47.58,
            "equity": 6095008,
            "current_ratio": 299.46,
            "debt_ratio": 17.48,
            "inventory_turnover_ratio": 2.21,
            "account_receivable_turnover_ratio": null,
            "reinvestment_rate": 50.46,
            "research_to_sale_ratio": null,
            "price_fair": 445.64,
            "eps_avg_yearly": 12.73,
            "eps_latest_yearly": 28.92,
            "eps_growth_yearly": 121.83
        },
        "20061": {
            "year_quarter": 20061,
            "year": 2006,
            "quarter": 1,
            "eps": 7.17,
            "eps_growth_year": 326.79,
            "eps_4q": 20.52,
            "eps_4q_growth_year": 131.98,
            "roe": 12.54,
            "roe_4q": 41.25,
            "gross_profit": 558200,
            "gross_margin": 43.5,
            "gross_margin_4q_avg": 34.1,
            "net_income": 822245,
            "revenue": 1283307,
            "common_shares": 1146151,
            "book_valuer_per_share": 61.27,
            "book_valuer_per_share_4q_avg": 51.07,
            "equity": 7022535,
            "current_ratio": 172.23,
            "debt_ratio": 16.77,
            "inventory_turnover_ratio": 1.73,
            "account_receivable_turnover_ratio": null,
            "reinvestment_rate": 39.59,
            "research_to_sale_ratio": null,
            "price_fair": 491.23,
            "eps_avg_yearly": 14.04,
            "eps_latest_yearly": 28.68,
            "eps_growth_yearly": 105.45
        },
        "20062": {
            "year_quarter": 20062,
            "year": 2006,
            "quarter": 2,
            "eps": 6.55,
            "eps_growth_year": 358.04,
            "eps_4q": 24.6,
            "eps_4q_growth_year": 250.13,
            "roe": 11.43,
            "roe_4q": 49.34,
            "gross_profit": 489920,
            "gross_margin": 35.39,
            "gross_margin_4q_avg": 36.74,
            "net_income": 794569,
            "revenue": 1384466,
            "common_shares": 1146151,
            "book_valuer_per_share": 60.02,
            "book_valuer_per_share_4q_avg": 55.12,
            "equity": 6879706,
            "current_ratio": 100.09,
            "debt_ratio": 26.79,
            "inventory_turnover_ratio": 4.52,
            "account_receivable_turnover_ratio": null,
            "reinvestment_rate": 39.35,
            "research_to_sale_ratio": null,
            "price_fair": 534.28,
            "eps_avg_yearly": 15.27,
            "eps_latest_yearly": 26.2,
            "eps_growth_yearly": 107.49
        },
        "20063": {
            "year_quarter": 20063,
            "year": 2006,
            "quarter": 3,
            "eps": 8.79,
            "eps_growth_year": 87.42,
            "eps_4q": 28.95,
            "eps_4q_growth_year": 240.86,
            "roe": 14.4,
            "roe_4q": 52.959999999999994,
            "gross_profit": 472708,
            "gross_margin": 35.02,
            "gross_margin_4q_avg": 37.67,
            "net_income": 1066699,
            "revenue": 1349746,
            "common_shares": 1213272,
            "book_valuer_per_share": 65.4,
            "book_valuer_per_share_4q_avg": 59.97,
            "equity": 7934594,
            "current_ratio": 191.71,
            "debt_ratio": 17.14,
            "inventory_turnover_ratio": 4.39,
            "account_receivable_turnover_ratio": null,
            "reinvestment_rate": 34.91,
            "research_to_sale_ratio": null,
            "price_fair": 582.31,
            "eps_avg_yearly": 16.64,
            "eps_latest_yearly": 35.16,
            "eps_growth_yearly": 90.43
        },
        "20064": {
            "year_quarter": 20064,
            "year": 2006,
            "quarter": 4,
            "eps": 9.95,
            "eps_growth_year": 37.62,
            "eps_4q": 32.08,
            "eps_4q_growth_year": 115,
            "roe": 14.12,
            "roe_4q": 52.49,
            "gross_profit": 350745,
            "gross_margin": 28.45,
            "gross_margin_4q_avg": 35.59,
            "net_income": 1206598,
            "revenue": 1232954,
            "common_shares": 1213272,
            "book_valuer_per_share": 75.45,
            "book_valuer_per_share_4q_avg": 65.54,
            "equity": 9154375,
            "current_ratio": 527.91,
            "debt_ratio": 11.39,
            "inventory_turnover_ratio": 2,
            "account_receivable_turnover_ratio": null,
            "reinvestment_rate": 37.47,
            "research_to_sale_ratio": null,
            "price_fair": 635.86,
            "eps_avg_yearly": 18.17,
            "eps_latest_yearly": 39.8,
            "eps_growth_yearly": 89.71
        },
        "20071": {
            "year_quarter": 20071,
            "year": 2007,
            "quarter": 1,
            "eps": 5.7,
            "eps_growth_year": -20.5,
            "eps_4q": 30.98,
            "eps_4q_growth_year": 50.96,
            "roe": 7.27,
            "roe_4q": 47.22,
            "gross_profit": 229651,
            "gross_margin": 26.06,
            "gross_margin_4q_avg": 31.23,
            "net_income": 691858,
            "revenue": 881069,
            "common_shares": 1213272,
            "book_valuer_per_share": 81.44,
            "book_valuer_per_share_4q_avg": 70.58,
            "equity": 9880785,
            "current_ratio": 329.86,
            "debt_ratio": 8.1,
            "inventory_turnover_ratio": 1.46,
            "account_receivable_turnover_ratio": null,
            "reinvestment_rate": 29.23,
            "research_to_sale_ratio": null,
            "price_fair": 667.8,
            "eps_avg_yearly": 19.08,
            "eps_latest_yearly": 22.8,
            "eps_growth_yearly": 90.65
        },
        "20072": {
            "year_quarter": 20072,
            "year": 2007,
            "quarter": 2,
            "eps": 2.85,
            "eps_growth_year": -56.49,
            "eps_4q": 26.41,
            "eps_4q_growth_year": 7.37,
            "roe": 3.88,
            "roe_4q": 39.669999999999995,
            "gross_profit": 238618,
            "gross_margin": 27.4,
            "gross_margin_4q_avg": 29.23,
            "net_income": 358669,
            "revenue": 870782,
            "common_shares": 1257187,
            "book_valuer_per_share": 68.54,
            "book_valuer_per_share_4q_avg": 72.71,
            "equity": 8616227,
            "current_ratio": 158.71,
            "debt_ratio": 26.45,
            "inventory_turnover_ratio": 2.52,
            "account_receivable_turnover_ratio": null,
            "reinvestment_rate": 27.71,
            "research_to_sale_ratio": null,
            "price_fair": 668.15,
            "eps_avg_yearly": 19.09,
            "eps_latest_yearly": 11.4,
            "eps_growth_yearly": 68.88
        },
        "20073": {
            "year_quarter": 20073,
            "year": 2007,
            "quarter": 3,
            "eps": 5.22,
            "eps_growth_year": -40.61,
            "eps_4q": 23.18,
            "eps_4q_growth_year": -19.92,
            "roe": 7.34,
            "roe_4q": 32.61,
            "gross_profit": 301709,
            "gross_margin": 28.6,
            "gross_margin_4q_avg": 27.63,
            "net_income": 656018,
            "revenue": 1054958,
            "common_shares": 1257187,
            "book_valuer_per_share": 73.6,
            "book_valuer_per_share_4q_avg": 74.76,
            "equity": 9252952,
            "current_ratio": 320.35,
            "debt_ratio": 9.9,
            "inventory_turnover_ratio": 2.84,
            "account_receivable_turnover_ratio": null,
            "reinvestment_rate": 24.43,
            "research_to_sale_ratio": null,
            "price_fair": 678.56,
            "eps_avg_yearly": 19.39,
            "eps_latest_yearly": 20.88,
            "eps_growth_yearly": 78.82
        },
        "20074": {
            "year_quarter": 20074,
            "year": 2007,
            "quarter": 4,
            "eps": 6.87,
            "eps_growth_year": -30.95,
            "eps_4q": 20.45,
            "eps_4q_growth_year": -36.25,
            "roe": 8.91,
            "roe_4q": 27.4,
            "gross_profit": 350316,
            "gross_margin": 25.9,
            "gross_margin_4q_avg": 26.99,
            "net_income": 863310,
            "revenue": 1352711,
            "common_shares": 1257187,
            "book_valuer_per_share": 80.5,
            "book_valuer_per_share_4q_avg": 76.02,
            "equity": 10120640,
            "current_ratio": 663.69,
            "debt_ratio": 9.41,
            "inventory_turnover_ratio": 2.28,
            "account_receivable_turnover_ratio": null,
            "reinvestment_rate": 26.5,
            "research_to_sale_ratio": null,
            "price_fair": 691.34,
            "eps_avg_yearly": 19.75,
            "eps_latest_yearly": 27.48,
            "eps_growth_yearly": 78.16
        },
        "20081": {
            "year_quarter": 20081,
            "year": 2008,
            "quarter": 1,
            "eps": 4.64,
            "eps_growth_year": -18.6,
            "eps_4q": 19.57,
            "eps_4q_growth_year": -36.83,
            "roe": 5.61,
            "roe_4q": 25.74,
            "gross_profit": 923904,
            "gross_margin": 53.94,
            "gross_margin_4q_avg": 33.96,
            "net_income": 583747,
            "revenue": 1712937,
            "common_shares": 1257187,
            "book_valuer_per_share": 85.02,
            "book_valuer_per_share_4q_avg": 76.92,
            "equity": 10688930,
            "current_ratio": 656.05,
            "debt_ratio": 9.61,
            "inventory_turnover_ratio": 1.36,
            "account_receivable_turnover_ratio": null,
            "reinvestment_rate": 32.91,
            "research_to_sale_ratio": null,
            "price_fair": 699.39,
            "eps_avg_yearly": 19.98,
            "eps_latest_yearly": 18.56,
            "eps_growth_yearly": 77.86
        },
        "20082": {
            "year_quarter": 20082,
            "year": 2008,
            "quarter": 2,
            "eps": 5.55,
            "eps_growth_year": 94.74,
            "eps_4q": 21.71,
            "eps_4q_growth_year": -17.8,
            "roe": 6.97,
            "roe_4q": 28.830000000000002,
            "gross_profit": 1015958,
            "gross_margin": 53.93,
            "gross_margin_4q_avg": 40.59,
            "net_income": 722221,
            "revenue": 1883981,
            "common_shares": 1301333,
            "book_valuer_per_share": 77.14,
            "book_valuer_per_share_4q_avg": 79.07,
            "equity": 10038673,
            "current_ratio": 297.11,
            "debt_ratio": 20.86,
            "inventory_turnover_ratio": 1.59,
            "account_receivable_turnover_ratio": null,
            "reinvestment_rate": 34.1,
            "research_to_sale_ratio": null,
            "price_fair": 722.75,
            "eps_avg_yearly": 20.65,
            "eps_latest_yearly": 22.2,
            "eps_growth_yearly": 88.4
        },
        "20083": {
            "year_quarter": 20083,
            "year": 2008,
            "quarter": 3,
            "eps": 8.71,
            "eps_growth_year": 66.86,
            "eps_4q": 25.39,
            "eps_4q_growth_year": 9.53,
            "roe": 10.69,
            "roe_4q": 32.18,
            "gross_profit": 1177349,
            "gross_margin": 54.52,
            "gross_margin_4q_avg": 47.07,
            "net_income": 1132857,
            "revenue": 2159473,
            "common_shares": 1301333,
            "book_valuer_per_share": 85.69,
            "book_valuer_per_share_4q_avg": 82.09,
            "equity": 11150913,
            "current_ratio": 450.76,
            "debt_ratio": 13.6,
            "inventory_turnover_ratio": 1.7,
            "account_receivable_turnover_ratio": null,
            "reinvestment_rate": 33.69,
            "research_to_sale_ratio": null,
            "price_fair": 769.04,
            "eps_avg_yearly": 21.97,
            "eps_latest_yearly": 34.84,
            "eps_growth_yearly": 97.95
        },
        "20084": {
            "year_quarter": 20084,
            "year": 2008,
            "quarter": 4,
            "eps": 6.17,
            "eps_growth_year": -10.19,
            "eps_4q": 24.9,
            "eps_4q_growth_year": 21.75,
            "roe": 6.96,
            "roe_4q": 30.229999999999997,
            "gross_profit": 889099,
            "gross_margin": 51.63,
            "gross_margin_4q_avg": 53.51,
            "net_income": 803478,
            "revenue": 1722078,
            "common_shares": 1301333,
            "book_valuer_per_share": 91.68,
            "book_valuer_per_share_4q_avg": 84.88,
            "equity": 11930770,
            "current_ratio": 496.64,
            "debt_ratio": 12.53,
            "inventory_turnover_ratio": 1.35,
            "account_receivable_turnover_ratio": 2.31,
            "reinvestment_rate": 23.56,
            "research_to_sale_ratio": null,
            "price_fair": 815.5,
            "eps_avg_yearly": 23.3,
            "eps_latest_yearly": 24.68,
            "eps_growth_yearly": 109.37
        },
        "20091": {
            "year_quarter": 20091,
            "year": 2009,
            "quarter": 1,
            "eps": 3.41,
            "eps_growth_year": -26.51,
            "eps_4q": 23.85,
            "eps_4q_growth_year": 21.87,
            "roe": 3.65,
            "roe_4q": 28.269999999999996,
            "gross_profit": 520560,
            "gross_margin": 43.28,
            "gross_margin_4q_avg": 50.84,
            "net_income": 443579,
            "revenue": 1202871,
            "common_shares": 1301333,
            "book_valuer_per_share": 95.22,
            "book_valuer_per_share_4q_avg": 87.43,
            "equity": 12391731,
            "current_ratio": 603.34,
            "debt_ratio": 10.44,
            "inventory_turnover_ratio": 1.1,
            "account_receivable_turnover_ratio": 0.88,
            "reinvestment_rate": 31.1,
            "research_to_sale_ratio": null,
            "price_fair": 830.64,
            "eps_avg_yearly": 23.73,
            "eps_latest_yearly": 13.64,
            "eps_growth_yearly": 74.35
        },
        "20092": {
            "year_quarter": 20092,
            "year": 2009,
            "quarter": 2,
            "eps": 3.14,
            "eps_growth_year": -43.42,
            "eps_4q": 21.04,
            "eps_4q_growth_year": -3.11,
            "roe": 3.42,
            "roe_4q": 24.72,
            "gross_profit": 806915,
            "gross_margin": 45.6,
            "gross_margin_4q_avg": 48.76,
            "net_income": 417559,
            "revenue": 1769645,
            "common_shares": 1301333,
            "book_valuer_per_share": 92.21,
            "book_valuer_per_share_4q_avg": 91.2,
            "equity": 12000182,
            "current_ratio": 348.53,
            "debt_ratio": 18.26,
            "inventory_turnover_ratio": 1.45,
            "account_receivable_turnover_ratio": 1.2,
            "reinvestment_rate": 30.23,
            "research_to_sale_ratio": null,
            "price_fair": 845.6,
            "eps_avg_yearly": 24.16,
            "eps_latest_yearly": 12.56,
            "eps_growth_yearly": 76.09
        },
        "20093": {
            "year_quarter": 20093,
            "year": 2009,
            "quarter": 3,
            "eps": 5.5,
            "eps_growth_year": -36.85,
            "eps_4q": 17.98,
            "eps_4q_growth_year": -29.18,
            "roe": 5.92,
            "roe_4q": 19.95,
            "gross_profit": 1022039,
            "gross_margin": 41.7,
            "gross_margin_4q_avg": 45.55,
            "net_income": 733656,
            "revenue": 2450845,
            "common_shares": 1341402,
            "book_valuer_per_share": 95.28,
            "book_valuer_per_share_4q_avg": 93.6,
            "equity": 12780451,
            "current_ratio": 489.7,
            "debt_ratio": 12.47,
            "inventory_turnover_ratio": 1.95,
            "account_receivable_turnover_ratio": 1.24,
            "reinvestment_rate": 30.45,
            "research_to_sale_ratio": null,
            "price_fair": 852.69,
            "eps_avg_yearly": 24.36,
            "eps_latest_yearly": 22,
            "eps_growth_yearly": 37.89
        },
        "20094": {
            "year_quarter": 20094,
            "year": 2009,
            "quarter": 4,
            "eps": 6.67,
            "eps_growth_year": 8.1,
            "eps_4q": 18.53,
            "eps_4q_growth_year": -25.57,
            "roe": 6.73,
            "roe_4q": 19.72,
            "gross_profit": 1225106,
            "gross_margin": 44.86,
            "gross_margin_4q_avg": 43.86,
            "net_income": 891104,
            "revenue": 2731051,
            "common_shares": 1341402,
            "book_valuer_per_share": 102.18,
            "book_valuer_per_share_4q_avg": 96.22,
            "equity": 13706200,
            "current_ratio": 504.41,
            "debt_ratio": 12.56,
            "inventory_turnover_ratio": 2.18,
            "account_receivable_turnover_ratio": 2.3,
            "reinvestment_rate": 19.98,
            "research_to_sale_ratio": null,
            "price_fair": 847.79,
            "eps_avg_yearly": 24.22,
            "eps_latest_yearly": 26.68,
            "eps_growth_yearly": 29.67
        },
        "20101": {
            "year_quarter": 20101,
            "year": 2010,
            "quarter": 1,
            "eps": 5.48,
            "eps_growth_year": 60.7,
            "eps_4q": 20.7,
            "eps_4q_growth_year": -13.18,
            "roe": 5.22,
            "roe_4q": 21.29,
            "gross_profit": 1082189,
            "gross_margin": 48.55,
            "gross_margin_4q_avg": 45.18,
            "net_income": 734867,
            "revenue": 2229158,
            "common_shares": 1341402,
            "book_valuer_per_share": 107.62,
            "book_valuer_per_share_4q_avg": 99.32,
            "equity": 14436077,
            "current_ratio": 475.61,
            "debt_ratio": 13.75,
            "inventory_turnover_ratio": 1.62,
            "account_receivable_turnover_ratio": 0.96,
            "reinvestment_rate": 26.19,
            "research_to_sale_ratio": 7.09,
            "price_fair": 833,
            "eps_avg_yearly": 23.8,
            "eps_latest_yearly": 21.92,
            "eps_growth_yearly": 25.42
        },
        "20102": {
            "year_quarter": 20102,
            "year": 2010,
            "quarter": 2,
            "eps": 7.17,
            "eps_growth_year": 128.3,
            "eps_4q": 24.76,
            "eps_4q_growth_year": 17.7,
            "roe": 6.74,
            "roe_4q": 24.61,
            "gross_profit": 1303300,
            "gross_margin": 47.21,
            "gross_margin_4q_avg": 45.58,
            "net_income": 961619,
            "revenue": 2760465,
            "common_shares": 1341402,
            "book_valuer_per_share": 105.14,
            "book_valuer_per_share_4q_avg": 102.56,
            "equity": 14103650,
            "current_ratio": 323.72,
            "debt_ratio": 20.85,
            "inventory_turnover_ratio": 1.64,
            "account_receivable_turnover_ratio": 1.11,
            "reinvestment_rate": 23.21,
            "research_to_sale_ratio": 6.21,
            "price_fair": 838.43,
            "eps_avg_yearly": 23.96,
            "eps_latest_yearly": 28.68,
            "eps_growth_yearly": 35.29
        },
        "20103": {
            "year_quarter": 20103,
            "year": 2010,
            "quarter": 3,
            "eps": 9.22,
            "eps_growth_year": 67.66,
            "eps_4q": 28.51,
            "eps_4q_growth_year": 58.58,
            "roe": 8.41,
            "roe_4q": 27.1,
            "gross_profit": 1641734,
            "gross_margin": 47.14,
            "gross_margin_4q_avg": 46.94,
            "net_income": 1236934,
            "revenue": 3483012,
            "common_shares": 1341402,
            "book_valuer_per_share": 114.17,
            "book_valuer_per_share_4q_avg": 107.28,
            "equity": 15314374,
            "current_ratio": 542.19,
            "debt_ratio": 12.31,
            "inventory_turnover_ratio": 1.85,
            "account_receivable_turnover_ratio": 1.23,
            "reinvestment_rate": 23.38,
            "research_to_sale_ratio": 5.58,
            "price_fair": 842.19,
            "eps_avg_yearly": 24.06,
            "eps_latest_yearly": 36.88,
            "eps_growth_yearly": 33.89
        },
        "20104": {
            "year_quarter": 20104,
            "year": 2010,
            "quarter": 4,
            "eps": 8.28,
            "eps_growth_year": 24.17,
            "eps_4q": 30.15,
            "eps_4q_growth_year": 62.69,
            "roe": 7.01,
            "roe_4q": 27.38,
            "gross_profit": 1778126,
            "gross_margin": 45.84,
            "gross_margin_4q_avg": 47.19,
            "net_income": 1110948,
            "revenue": 3878857,
            "common_shares": 1341402,
            "book_valuer_per_share": 122.16,
            "book_valuer_per_share_4q_avg": 112.27,
            "equity": 16385997,
            "current_ratio": 503.93,
            "debt_ratio": 13.74,
            "inventory_turnover_ratio": 2.19,
            "account_receivable_turnover_ratio": 1.26,
            "reinvestment_rate": 16.7,
            "research_to_sale_ratio": 6.35,
            "price_fair": 827.58,
            "eps_avg_yearly": 23.65,
            "eps_latest_yearly": 33.12,
            "eps_growth_yearly": 28.04
        },
        "20111": {
            "year_quarter": 20111,
            "year": 2011,
            "quarter": 1,
            "eps": 8.91,
            "eps_growth_year": 62.59,
            "eps_4q": 33.58,
            "eps_4q_growth_year": 62.18,
            "roe": 7.02,
            "roe_4q": 29.18,
            "gross_profit": 1492691,
            "gross_margin": 42.5,
            "gross_margin_4q_avg": 45.67,
            "net_income": 1194519,
            "revenue": 3512027,
            "common_shares": 1341402,
            "book_valuer_per_share": 131.38,
            "book_valuer_per_share_4q_avg": 118.21,
            "equity": 17623587,
            "current_ratio": 458.86,
            "debt_ratio": 15.41,
            "inventory_turnover_ratio": 1.97,
            "account_receivable_turnover_ratio": 1.08,
            "reinvestment_rate": 25.76,
            "research_to_sale_ratio": 6.01,
            "price_fair": 855.66,
            "eps_avg_yearly": 24.45,
            "eps_latest_yearly": 35.64,
            "eps_growth_yearly": 40.62
        },
        "20112": {
            "year_quarter": 20112,
            "year": 2011,
            "quarter": 2,
            "eps": 8.18,
            "eps_growth_year": 14.17,
            "eps_4q": 34.59,
            "eps_4q_growth_year": 39.72,
            "roe": 6.37,
            "roe_4q": 28.81,
            "gross_profit": 1837686,
            "gross_margin": 45.2,
            "gross_margin_4q_avg": 45.17,
            "net_income": 1097900,
            "revenue": 4065401,
            "common_shares": 1341402,
            "book_valuer_per_share": 125.74,
            "book_valuer_per_share_4q_avg": 123.36,
            "equity": 16866679,
            "current_ratio": 245.21,
            "debt_ratio": 27.28,
            "inventory_turnover_ratio": 1.86,
            "account_receivable_turnover_ratio": 1.21,
            "reinvestment_rate": 34.47,
            "research_to_sale_ratio": 5.73,
            "price_fair": 902.3,
            "eps_avg_yearly": 25.78,
            "eps_latest_yearly": 32.72,
            "eps_growth_yearly": 51.07
        },
        "20113": {
            "year_quarter": 20113,
            "year": 2011,
            "quarter": 3,
            "eps": 13.02,
            "eps_growth_year": 41.14,
            "eps_4q": 38.39,
            "eps_4q_growth_year": 34.64,
            "roe": 9.83,
            "roe_4q": 30.229999999999997,
            "gross_profit": 2016720,
            "gross_margin": 45.89,
            "gross_margin_4q_avg": 44.86,
            "net_income": 1745868,
            "revenue": 4394347,
            "common_shares": 1341402,
            "book_valuer_per_share": 138.97,
            "book_valuer_per_share_4q_avg": 129.56,
            "equity": 18641920,
            "current_ratio": 332.91,
            "debt_ratio": 19.49,
            "inventory_turnover_ratio": 1.73,
            "account_receivable_turnover_ratio": 1.17,
            "reinvestment_rate": 35.15,
            "research_to_sale_ratio": 6.64,
            "price_fair": 970.55,
            "eps_avg_yearly": 27.73,
            "eps_latest_yearly": 52.08,
            "eps_growth_yearly": 45.07
        },
        "20114": {
            "year_quarter": 20114,
            "year": 2011,
            "quarter": 4,
            "eps": 8.65,
            "eps_growth_year": 4.45,
            "eps_4q": 38.76,
            "eps_4q_growth_year": 28.54,
            "roe": 6.04,
            "roe_4q": 29.26,
            "gross_profit": 1593570,
            "gross_margin": 39.72,
            "gross_margin_4q_avg": 43.33,
            "net_income": 1160331,
            "revenue": 4012323,
            "common_shares": 1341402,
            "book_valuer_per_share": 147.68,
            "book_valuer_per_share_4q_avg": 135.94,
            "equity": 19810433,
            "current_ratio": 326.52,
            "debt_ratio": 20.47,
            "inventory_turnover_ratio": 1.63,
            "account_receivable_turnover_ratio": 1.05,
            "reinvestment_rate": 27.52,
            "research_to_sale_ratio": 5.64,
            "price_fair": 986.13,
            "eps_avg_yearly": 28.18,
            "eps_latest_yearly": 34.6,
            "eps_growth_yearly": 28.78
        },
        "20121": {
            "year_quarter": 20121,
            "year": 2012,
            "quarter": 1,
            "eps": 6.58,
            "eps_growth_year": -26.15,
            "eps_4q": 36.43,
            "eps_4q_growth_year": 8.49,
            "roe": 4.36,
            "roe_4q": 26.6,
            "gross_profit": 1401506,
            "gross_margin": 38.5,
            "gross_margin_4q_avg": 42.33,
            "net_income": 882437,
            "revenue": 3640003,
            "common_shares": 1341402,
            "book_valuer_per_share": 154.21,
            "book_valuer_per_share_4q_avg": 141.65,
            "equity": 20685653,
            "current_ratio": 320.73,
            "debt_ratio": 20.75,
            "inventory_turnover_ratio": 1.45,
            "account_receivable_turnover_ratio": 1.07,
            "reinvestment_rate": 28.85,
            "research_to_sale_ratio": 5.63,
            "price_fair": 1003.1,
            "eps_avg_yearly": 28.66,
            "eps_latest_yearly": 26.32,
            "eps_growth_yearly": 30.91
        },
        "20122": {
            "year_quarter": 20122,
            "year": 2012,
            "quarter": 2,
            "eps": 4.96,
            "eps_growth_year": -39.4,
            "eps_4q": 33.2,
            "eps_4q_growth_year": -4.02,
            "roe": 3.35,
            "roe_4q": 23.58,
            "gross_profit": 1241633,
            "gross_margin": 37.2,
            "gross_margin_4q_avg": 40.33,
            "net_income": 665342,
            "revenue": 3337572,
            "common_shares": 1341402,
            "book_valuer_per_share": 142.16,
            "book_valuer_per_share_4q_avg": 145.76,
            "equity": 19069662,
            "current_ratio": 235.39,
            "debt_ratio": 27.61,
            "inventory_turnover_ratio": 1.3,
            "account_receivable_turnover_ratio": 1.02,
            "reinvestment_rate": 29.96,
            "research_to_sale_ratio": 6.46,
            "price_fair": 851.25,
            "eps_avg_yearly": 28.51,
            "eps_latest_yearly": 19.84,
            "eps_growth_yearly": 19.86
        },
        "20123": {
            "year_quarter": 20123,
            "year": 2012,
            "quarter": 3,
            "eps": 8.65,
            "eps_growth_year": -33.53,
            "eps_4q": 28.84,
            "eps_4q_growth_year": -24.87,
            "roe": 5.91,
            "roe_4q": 19.66,
            "gross_profit": 1836117,
            "gross_margin": 40.7,
            "gross_margin_4q_avg": 39.03,
            "net_income": 1160481,
            "revenue": 4511787,
            "common_shares": 1341402,
            "book_valuer_per_share": 150.77,
            "book_valuer_per_share_4q_avg": 148.71,
            "equity": 20223693,
            "current_ratio": 274.27,
            "debt_ratio": 23.01,
            "inventory_turnover_ratio": 1.34,
            "account_receivable_turnover_ratio": 1.22,
            "reinvestment_rate": 31.26,
            "research_to_sale_ratio": 5.48,
            "price_fair": 975.18,
            "eps_avg_yearly": 28.5,
            "eps_latest_yearly": 34.6,
            "eps_growth_yearly": 24.22
        },
        "20124": {
            "year_quarter": 20124,
            "year": 2012,
            "quarter": 4,
            "eps": 21.39,
            "eps_growth_year": 147.29,
            "eps_4q": 41.58,
            "eps_4q_growth_year": 7.29,
            "roe": 13.26,
            "roe_4q": 26.880000000000003,
            "gross_profit": 3882255,
            "gross_margin": 45.23,
            "gross_margin_4q_avg": 40.41,
            "net_income": 2869374,
            "revenue": 8582640,
            "common_shares": 1341402,
            "book_valuer_per_share": 171.94,
            "book_valuer_per_share_4q_avg": 154.77,
            "equity": 23064412,
            "current_ratio": 259.74,
            "debt_ratio": 26.05,
            "inventory_turnover_ratio": 1.91,
            "account_receivable_turnover_ratio": 1.6,
            "reinvestment_rate": 29.16,
            "research_to_sale_ratio": 4.27,
            "price_fair": 1130.59,
            "eps_avg_yearly": 32.3,
            "eps_latest_yearly": 85.56,
            "eps_growth_yearly": 68.33
        },
        "20131": {
            "year_quarter": 20131,
            "year": 2013,
            "quarter": 1,
            "eps": 13.79,
            "eps_growth_year": 109.57,
            "eps_4q": 48.79,
            "eps_4q_growth_year": 33.93,
            "roe": 7.71,
            "roe_4q": 30.23,
            "gross_profit": 2136124,
            "gross_margin": 41.86,
            "gross_margin_4q_avg": 41.25,
            "net_income": 1849221,
            "revenue": 5102761,
            "common_shares": 1341402,
            "book_valuer_per_share": 185.76,
            "book_valuer_per_share_4q_avg": 162.66,
            "equity": 24918242,
            "current_ratio": 299.11,
            "debt_ratio": 22.52,
            "inventory_turnover_ratio": 1.14,
            "account_receivable_turnover_ratio": 0.98,
            "reinvestment_rate": 21.1,
            "research_to_sale_ratio": 5.18,
            "price_fair": 1221.41,
            "eps_avg_yearly": 34.9,
            "eps_latest_yearly": 55.16,
            "eps_growth_yearly": 70.63
        },
        "20132": {
            "year_quarter": 20132,
            "year": 2013,
            "quarter": 2,
            "eps": 15.17,
            "eps_growth_year": 205.84,
            "eps_4q": 59,
            "eps_4q_growth_year": 77.69,
            "roe": 8.21,
            "roe_4q": 35.09,
            "gross_profit": 2955343,
            "gross_margin": 50.45,
            "gross_margin_4q_avg": 44.56,
            "net_income": 2035401,
            "revenue": 5857532,
            "common_shares": 1341402,
            "book_valuer_per_share": 183.96,
            "book_valuer_per_share_4q_avg": 173.11,
            "equity": 24676865,
            "current_ratio": 264.02,
            "debt_ratio": 25.74,
            "inventory_turnover_ratio": 1.16,
            "account_receivable_turnover_ratio": 1.39,
            "reinvestment_rate": 21.42,
            "research_to_sale_ratio": 4.94,
            "price_fair": 1326.68,
            "eps_avg_yearly": 37.91,
            "eps_latest_yearly": 60.68,
            "eps_growth_yearly": 75.11
        },
        "20133": {
            "year_quarter": 20133,
            "year": 2013,
            "quarter": 3,
            "eps": 17.3,
            "eps_growth_year": 99.97,
            "eps_4q": 67.65,
            "eps_4q_growth_year": 134.57,
            "roe": 8.98,
            "roe_4q": 38.160000000000004,
            "gross_profit": 3378509,
            "gross_margin": 47.11,
            "gross_margin_4q_avg": 46.16,
            "net_income": 2320543,
            "revenue": 7170877,
            "common_shares": 1341402,
            "book_valuer_per_share": 201.18,
            "book_valuer_per_share_4q_avg": 185.71,
            "equity": 26986318,
            "current_ratio": 326.07,
            "debt_ratio": 20.33,
            "inventory_turnover_ratio": 1.5,
            "account_receivable_turnover_ratio": 1.35,
            "reinvestment_rate": 20.55,
            "research_to_sale_ratio": 4.78,
            "price_fair": 1429.93,
            "eps_avg_yearly": 40.86,
            "eps_latest_yearly": 69.2,
            "eps_growth_yearly": 59.83
        },
        "20134": {
            "year_quarter": 20134,
            "year": 2013,
            "quarter": 4,
            "eps": 25.38,
            "eps_growth_year": 18.65,
            "eps_4q": 71.64,
            "eps_4q_growth_year": 72.29,
            "roe": 11.86,
            "roe_4q": 36.76,
            "gross_profit": 4490925,
            "gross_margin": 48.28,
            "gross_margin_4q_avg": 46.93,
            "net_income": 3404626,
            "revenue": 9302123,
            "common_shares": 1341402,
            "book_valuer_per_share": 226.97,
            "book_valuer_per_share_4q_avg": 199.47,
            "equity": 30445157,
            "current_ratio": 331.1,
            "debt_ratio": 21.15,
            "inventory_turnover_ratio": 1.77,
            "account_receivable_turnover_ratio": 1.45,
            "reinvestment_rate": 17.82,
            "research_to_sale_ratio": 4.26,
            "price_fair": 1593.64,
            "eps_avg_yearly": 45.53,
            "eps_latest_yearly": 101.52,
            "eps_growth_yearly": 66.19
        },
        "20141": {
            "year_quarter": 20141,
            "year": 2014,
            "quarter": 1,
            "eps": 22.36,
            "eps_growth_year": 62.15,
            "eps_4q": 80.22,
            "eps_4q_growth_year": 64.42,
            "roe": 9.39,
            "roe_4q": 38.44,
            "gross_profit": 3813628,
            "gross_margin": 55.61,
            "gross_margin_4q_avg": 50.36,
            "net_income": 2999700,
            "revenue": 6858274,
            "common_shares": 1341402,
            "book_valuer_per_share": 249.42,
            "book_valuer_per_share_4q_avg": 215.38,
            "equity": 33456723,
            "current_ratio": 400.41,
            "debt_ratio": 18,
            "inventory_turnover_ratio": 1.13,
            "account_receivable_turnover_ratio": 1.22,
            "reinvestment_rate": 16.06,
            "research_to_sale_ratio": 5.8,
            "price_fair": 1741.34,
            "eps_avg_yearly": 49.75,
            "eps_latest_yearly": 89.44,
            "eps_growth_yearly": 67.68
        },
        "20142": {
            "year_quarter": 20142,
            "year": 2014,
            "quarter": 2,
            "eps": 27.75,
            "eps_growth_year": 82.93,
            "eps_4q": 92.79,
            "eps_4q_growth_year": 57.27,
            "roe": 11.15,
            "roe_4q": 41.379999999999995,
            "gross_profit": 5805052,
            "gross_margin": 58.2,
            "gross_margin_4q_avg": 52.3,
            "net_income": 3722062,
            "revenue": 9975008,
            "common_shares": 1341402,
            "book_valuer_per_share": 248.34,
            "book_valuer_per_share_4q_avg": 231.48,
            "equity": 33313031,
            "current_ratio": 271.45,
            "debt_ratio": 27.51,
            "inventory_turnover_ratio": 1.64,
            "account_receivable_turnover_ratio": 1.57,
            "reinvestment_rate": 14.55,
            "research_to_sale_ratio": 4.32,
            "price_fair": 1921.41,
            "eps_avg_yearly": 54.9,
            "eps_latest_yearly": 111,
            "eps_growth_yearly": 65.99
        },
        "20143": {
            "year_quarter": 20143,
            "year": 2014,
            "quarter": 3,
            "eps": 39.4,
            "eps_growth_year": 127.75,
            "eps_4q": 114.89,
            "eps_4q_growth_year": 69.84,
            "roe": 14.69,
            "roe_4q": 47.09,
            "gross_profit": 6344921,
            "gross_margin": 52.49,
            "gross_margin_4q_avg": 53.65,
            "net_income": 5285545,
            "revenue": 12088090,
            "common_shares": 1341402,
            "book_valuer_per_share": 288.21,
            "book_valuer_per_share_4q_avg": 253.24,
            "equity": 38661099,
            "current_ratio": 320.34,
            "debt_ratio": 23.62,
            "inventory_turnover_ratio": 2.08,
            "account_receivable_turnover_ratio": 1.28,
            "reinvestment_rate": 13.94,
            "research_to_sale_ratio": 4.82,
            "price_fair": 2185.49,
            "eps_avg_yearly": 62.44,
            "eps_latest_yearly": 157.6,
            "eps_growth_yearly": 69.34
        },
        "20144": {
            "year_quarter": 20144,
            "year": 2014,
            "quarter": 4,
            "eps": 55.4,
            "eps_growth_year": 118.26,
            "eps_4q": 144.91,
            "eps_4q_growth_year": 102.27,
            "roe": 17.51,
            "roe_4q": 52.74,
            "gross_profit": 8556094,
            "gross_margin": 50.66,
            "gross_margin_4q_avg": 54.24,
            "net_income": 7430787,
            "revenue": 16888891,
            "common_shares": 1341402,
            "book_valuer_per_share": 344.4,
            "book_valuer_per_share_4q_avg": 282.59,
            "equity": 46198169,
            "current_ratio": 303.11,
            "debt_ratio": 24.33,
            "inventory_turnover_ratio": 2.5,
            "account_receivable_turnover_ratio": 1.41,
            "reinvestment_rate": 19.56,
            "research_to_sale_ratio": 4.1,
            "price_fair": 2597.79,
            "eps_avg_yearly": 74.22,
            "eps_latest_yearly": 221.6,
            "eps_growth_yearly": 82.04
        },
        "20151": {
            "year_quarter": 20151,
            "year": 2015,
            "quarter": 1,
            "eps": 32.86,
            "eps_growth_year": 46.96,
            "eps_4q": 155.4,
            "eps_4q_growth_year": 93.73,
            "roe": 9.11,
            "roe_4q": 52.46,
            "gross_profit": 5993657,
            "gross_margin": 56.72,
            "gross_margin_4q_avg": 54.52,
            "net_income": 4407254,
            "revenue": 10567179,
            "common_shares": 1341402,
            "book_valuer_per_share": 376.97,
            "book_valuer_per_share_4q_avg": 314.48,
            "equity": 50566376,
            "current_ratio": 268.38,
            "debt_ratio": 26.37,
            "inventory_turnover_ratio": 1.09,
            "account_receivable_turnover_ratio": 0.98,
            "reinvestment_rate": 27.05,
            "research_to_sale_ratio": 4.65,
            "price_fair": 2807.35,
            "eps_avg_yearly": 80.21,
            "eps_latest_yearly": 131.44,
            "eps_growth_yearly": 69.97
        },
        "20152": {
            "year_quarter": 20152,
            "year": 2015,
            "quarter": 2,
            "eps": 35.96,
            "eps_growth_year": 29.59,
            "eps_4q": 163.62,
            "eps_4q_growth_year": 76.33,
            "roe": 9.74,
            "roe_4q": 51.05,
            "gross_profit": 7950712,
            "gross_margin": 57.72,
            "gross_margin_4q_avg": 54.4,
            "net_income": 4824184,
            "revenue": 13775771,
            "common_shares": 1341402,
            "book_valuer_per_share": 361.27,
            "book_valuer_per_share_4q_avg": 342.71,
            "equity": 48461245,
            "current_ratio": 194.49,
            "debt_ratio": 36.36,
            "inventory_turnover_ratio": 1.26,
            "account_receivable_turnover_ratio": 1.46,
            "reinvestment_rate": 26.82,
            "research_to_sale_ratio": 3.75,
            "price_fair": 3050.43,
            "eps_avg_yearly": 87.16,
            "eps_latest_yearly": 143.84,
            "eps_growth_yearly": 74.38
        },
        "20153": {
            "year_quarter": 20153,
            "year": 2015,
            "quarter": 3,
            "eps": 61.17,
            "eps_growth_year": 55.25,
            "eps_4q": 185.39,
            "eps_4q_growth_year": 61.36,
            "roe": 15.59,
            "roe_4q": 51.95,
            "gross_profit": 8863309,
            "gross_margin": 55.1,
            "gross_margin_4q_avg": 55.05,
            "net_income": 8205752,
            "revenue": 16085503,
            "common_shares": 1341402,
            "book_valuer_per_share": 423.58,
            "book_valuer_per_share_4q_avg": 376.56,
            "equity": 56819089,
            "current_ratio": 289.79,
            "debt_ratio": 26.62,
            "inventory_turnover_ratio": 1.63,
            "account_receivable_turnover_ratio": 1.36,
            "reinvestment_rate": 22.62,
            "research_to_sale_ratio": 5.4,
            "price_fair": 3471.74,
            "eps_avg_yearly": 99.19,
            "eps_latest_yearly": 244.68,
            "eps_growth_yearly": 77.11
        },
        "20154": {
            "year_quarter": 20154,
            "year": 2015,
            "quarter": 4,
            "eps": 50.09,
            "eps_growth_year": -9.57,
            "eps_4q": 180.08,
            "eps_4q_growth_year": 24.27,
            "roe": 11.18,
            "roe_4q": 45.62,
            "gross_profit": 9249107,
            "gross_margin": 59.9,
            "gross_margin_4q_avg": 57.36,
            "net_income": 6719338,
            "revenue": 15440440,
            "common_shares": 1341402,
            "book_valuer_per_share": 472.54,
            "book_valuer_per_share_4q_avg": 408.59,
            "equity": 63386299,
            "current_ratio": 299.6,
            "debt_ratio": 24.53,
            "inventory_turnover_ratio": 1.51,
            "account_receivable_turnover_ratio": 1.26,
            "reinvestment_rate": 20.3,
            "research_to_sale_ratio": 4.59,
            "price_fair": 3834.34,
            "eps_avg_yearly": 109.55,
            "eps_latest_yearly": 200.36,
            "eps_growth_yearly": 80.97
        },
        "20161": {
            "year_quarter": 20161,
            "year": 2016,
            "quarter": 1,
            "eps": 27.01,
            "eps_growth_year": -17.8,
            "eps_4q": 174.24,
            "eps_4q_growth_year": 12.12,
            "roe": 5.58,
            "roe_4q": 42.089999999999996,
            "gross_profit": 4935778,
            "gross_margin": 59.68,
            "gross_margin_4q_avg": 58.1,
            "net_income": 3622708,
            "revenue": 8271081,
            "common_shares": 1341402,
            "book_valuer_per_share": 496.07,
            "book_valuer_per_share_4q_avg": 438.37,
            "equity": 66543403,
            "current_ratio": 319.13,
            "debt_ratio": 23.18,
            "inventory_turnover_ratio": 0.88,
            "account_receivable_turnover_ratio": 0.84,
            "reinvestment_rate": 18.86,
            "research_to_sale_ratio": 6.22,
            "price_fair": 4013.1,
            "eps_avg_yearly": 114.66,
            "eps_latest_yearly": 108.04,
            "eps_growth_yearly": 75.44
        },
        "20162": {
            "year_quarter": 20162,
            "year": 2016,
            "quarter": 2,
            "eps": 27.51,
            "eps_growth_year": -23.5,
            "eps_4q": 165.78,
            "eps_4q_growth_year": 1.32,
            "roe": 5.76,
            "roe_4q": 38.11,
            "gross_profit": 6666145,
            "gross_margin": 66.37,
            "gross_margin_4q_avg": 60.26,
            "net_income": 3690173,
            "revenue": 10043750,
            "common_shares": 1341402,
            "book_valuer_per_share": 459.68,
            "book_valuer_per_share_4q_avg": 462.97,
            "equity": 61661928,
            "current_ratio": 242.73,
            "debt_ratio": 30.78,
            "inventory_turnover_ratio": 0.84,
            "account_receivable_turnover_ratio": 1.09,
            "reinvestment_rate": 17.14,
            "research_to_sale_ratio": 5.22,
            "price_fair": 4210.41,
            "eps_avg_yearly": 120.3,
            "eps_latest_yearly": 110.04,
            "eps_growth_yearly": 82.05
        },
        "20163": {
            "year_quarter": 20163,
            "year": 2016,
            "quarter": 3,
            "eps": 51.89,
            "eps_growth_year": -15.17,
            "eps_4q": 156.5,
            "eps_4q_growth_year": -15.58,
            "roe": 10.75,
            "roe_4q": 33.269999999999996,
            "gross_profit": 9709885,
            "gross_margin": 67.83,
            "gross_margin_4q_avg": 63.45,
            "net_income": 6960590,
            "revenue": 14314600,
            "common_shares": 1341402,
            "book_valuer_per_share": 505.63,
            "book_valuer_per_share_4q_avg": 483.48,
            "equity": 67825141,
            "current_ratio": 359.72,
            "debt_ratio": 20.48,
            "inventory_turnover_ratio": 1.23,
            "account_receivable_turnover_ratio": 1.19,
            "reinvestment_rate": 14.96,
            "research_to_sale_ratio": 5.84,
            "price_fair": 4588.76,
            "eps_avg_yearly": 131.11,
            "eps_latest_yearly": 207.56,
            "eps_growth_yearly": 85.61
        },
        "20164": {
            "year_quarter": 20164,
            "year": 2016,
            "quarter": 4,
            "eps": 63.07,
            "eps_growth_year": 25.9,
            "eps_4q": 169.47,
            "eps_4q_growth_year": -5.89,
            "roe": 11.7,
            "roe_4q": 33.79,
            "gross_profit": 11109442,
            "gross_margin": 70.66,
            "gross_margin_4q_avg": 66.14,
            "net_income": 8459554,
            "revenue": 15722360,
            "common_shares": 1341402,
            "book_valuer_per_share": 572.85,
            "book_valuer_per_share_4q_avg": 508.56,
            "equity": 76842515,
            "current_ratio": 369.11,
            "debt_ratio": 20.84,
            "inventory_turnover_ratio": 1.56,
            "account_receivable_turnover_ratio": 1.08,
            "reinvestment_rate": 13.53,
            "research_to_sale_ratio": 5.86,
            "price_fair": 4953.46,
            "eps_avg_yearly": 141.53,
            "eps_latest_yearly": 252.28,
            "eps_growth_yearly": 54.18
        },
        "20171": {
            "year_quarter": 20171,
            "year": 2017,
            "quarter": 1,
            "eps": 36.41,
            "eps_growth_year": 34.8,
            "eps_4q": 178.88,
            "eps_4q_growth_year": 2.66,
            "roe": 6.22,
            "roe_4q": 34.43,
            "gross_profit": 7666899,
            "gross_margin": 70.94,
            "gross_margin_4q_avg": 68.95,
            "net_income": 4884108,
            "revenue": 10807376,
            "common_shares": 1341402,
            "book_valuer_per_share": 597.11,
            "book_valuer_per_share_4q_avg": 533.82,
            "equity": 80095903,
            "current_ratio": 368.58,
            "debt_ratio": 20.89,
            "inventory_turnover_ratio": 1.12,
            "account_receivable_turnover_ratio": 0.82,
            "reinvestment_rate": 14.62,
            "research_to_sale_ratio": 6.16,
            "price_fair": 5151.39,
            "eps_avg_yearly": 147.18,
            "eps_latest_yearly": 145.64,
            "eps_growth_yearly": 52.49
        },
        "20172": {
            "year_quarter": 20172,
            "year": 2017,
            "quarter": 2,
            "eps": 35.14,
            "eps_growth_year": 27.74,
            "eps_4q": 186.51,
            "eps_4q_growth_year": 12.5,
            "roe": 6.02,
            "roe_4q": 34.69,
            "gross_profit": 7522487,
            "gross_margin": 66.49,
            "gross_margin_4q_avg": 68.98,
            "net_income": 4714349,
            "revenue": 11313620,
            "common_shares": 1341402,
            "book_valuer_per_share": 569.95,
            "book_valuer_per_share_4q_avg": 561.39,
            "equity": 76452744,
            "current_ratio": 284.98,
            "debt_ratio": 27.02,
            "inventory_turnover_ratio": 1.3,
            "account_receivable_turnover_ratio": 0.99,
            "reinvestment_rate": 14.39,
            "research_to_sale_ratio": 5.95,
            "price_fair": 5326.13,
            "eps_avg_yearly": 152.18,
            "eps_latest_yearly": 140.56,
            "eps_growth_yearly": 49.12
        },
        "20173": {
            "year_quarter": 20173,
            "year": 2017,
            "quarter": 3,
            "eps": 57.93,
            "eps_growth_year": 11.64,
            "eps_4q": 192.54,
            "eps_4q_growth_year": 23.03,
            "roe": 9.67,
            "roe_4q": 33.61,
            "gross_profit": 10135133,
            "gross_margin": 67.94,
            "gross_margin_4q_avg": 69.01,
            "net_income": 7769849,
            "revenue": 14918098,
            "common_shares": 1341402,
            "book_valuer_per_share": 627.51,
            "book_valuer_per_share_4q_avg": 591.86,
            "equity": 84174138,
            "current_ratio": 384.79,
            "debt_ratio": 19.38,
            "inventory_turnover_ratio": 1.82,
            "account_receivable_turnover_ratio": 1.15,
            "reinvestment_rate": 15,
            "research_to_sale_ratio": 6.22,
            "price_fair": 5681.64,
            "eps_avg_yearly": 162.33,
            "eps_latest_yearly": 231.72,
            "eps_growth_yearly": 61.82
        },
        "20174": {
            "year_quarter": 20174,
            "year": 2017,
            "quarter": 4,
            "eps": 64.17,
            "eps_growth_year": 1.75,
            "eps_4q": 193.65,
            "eps_4q_growth_year": 14.26,
            "roe": 9.75,
            "roe_4q": 31.66,
            "gross_profit": 11531411,
            "gross_margin": 71.68,
            "gross_margin_4q_avg": 69.26,
            "net_income": 8607317,
            "revenue": 16088416,
            "common_shares": 1341402,
            "book_valuer_per_share": 688.81,
            "book_valuer_per_share_4q_avg": 620.85,
            "equity": 92397231,
            "current_ratio": 376.5,
            "debt_ratio": 20.28,
            "inventory_turnover_ratio": 1.82,
            "account_receivable_turnover_ratio": 1.09,
            "reinvestment_rate": 16.19,
            "research_to_sale_ratio": 6.28,
            "price_fair": 6021.05,
            "eps_avg_yearly": 172.03,
            "eps_latest_yearly": 256.68,
            "eps_growth_yearly": 52.84
        },
        "20181": {
            "year_quarter": 20181,
            "year": 2018,
            "quarter": 1,
            "eps": 29.96,
            "eps_growth_year": -17.71,
            "eps_4q": 187.2,
            "eps_4q_growth_year": 4.65,
            "roe": 4.27,
            "roe_4q": 29.709999999999997,
            "gross_profit": 5628530,
            "gross_margin": 63.4,
            "gross_margin_4q_avg": 67.38,
            "net_income": 4019121,
            "revenue": 8877395,
            "common_shares": 1341402,
            "book_valuer_per_share": 715.81,
            "book_valuer_per_share_4q_avg": 650.52,
            "equity": 96018684,
            "current_ratio": 379.97,
            "debt_ratio": 20.16,
            "inventory_turnover_ratio": 1.08,
            "account_receivable_turnover_ratio": 0.72,
            "reinvestment_rate": 16.56,
            "research_to_sale_ratio": 7.29,
            "price_fair": 6087.55,
            "eps_avg_yearly": 173.93,
            "eps_latest_yearly": 119.84,
            "eps_growth_yearly": 42.48
        },
        "20182": {
            "year_quarter": 20182,
            "year": 2018,
            "quarter": 2,
            "eps": 41.01,
            "eps_growth_year": 16.7,
            "eps_4q": 193.06,
            "eps_4q_growth_year": 3.51,
            "roe": 5.83,
            "roe_4q": 29.520000000000003,
            "gross_profit": 8446293,
            "gross_margin": 68.69,
            "gross_margin_4q_avg": 67.93,
            "net_income": 5501078,
            "revenue": 12296173,
            "common_shares": 1341402,
            "book_valuer_per_share": 691.64,
            "book_valuer_per_share_4q_avg": 680.94,
            "equity": 92777203,
            "current_ratio": 293.11,
            "debt_ratio": 26.3,
            "inventory_turnover_ratio": 1.09,
            "account_receivable_turnover_ratio": 1.08,
            "reinvestment_rate": 16.99,
            "research_to_sale_ratio": 6.33,
            "price_fair": 6203.58,
            "eps_avg_yearly": 177.25,
            "eps_latest_yearly": 164.04,
            "eps_growth_yearly": 45.68
        },
        "20183": {
            "year_quarter": 20183,
            "year": 2018,
            "quarter": 3,
            "eps": 62.41,
            "eps_growth_year": 7.73,
            "eps_4q": 197.55,
            "eps_4q_growth_year": 2.6,
            "roe": 8.64,
            "roe_4q": 28.490000000000002,
            "gross_profit": 11646252,
            "gross_margin": 71.3,
            "gross_margin_4q_avg": 68.77,
            "net_income": 8371302,
            "revenue": 16333634,
            "common_shares": 1341402,
            "book_valuer_per_share": 752.69,
            "book_valuer_per_share_4q_avg": 712.24,
            "equity": 100965687,
            "current_ratio": 417.98,
            "debt_ratio": 18.15,
            "inventory_turnover_ratio": 1.35,
            "account_receivable_turnover_ratio": 1.1,
            "reinvestment_rate": 16.49,
            "research_to_sale_ratio": 6.03,
            "price_fair": 6404.91,
            "eps_avg_yearly": 183,
            "eps_latest_yearly": 249.64,
            "eps_growth_yearly": 48.23
        },
        "20184": {
            "year_quarter": 20184,
            "year": 2018,
            "quarter": 4,
            "eps": 48.29,
            "eps_growth_year": -24.74,
            "eps_4q": 181.67,
            "eps_4q_growth_year": -6.18,
            "roe": 6.21,
            "roe_4q": 24.95,
            "gross_profit": 8636507,
            "gross_margin": 69.4,
            "gross_margin_4q_avg": 68.2,
            "net_income": 6478033,
            "revenue": 12444956,
            "common_shares": 1341402,
            "book_valuer_per_share": 802.14,
            "book_valuer_per_share_4q_avg": 740.57,
            "equity": 107599571,
            "current_ratio": 406.35,
            "debt_ratio": 18.88,
            "inventory_turnover_ratio": 1.06,
            "account_receivable_turnover_ratio": 0.9,
            "reinvestment_rate": 14.63,
            "research_to_sale_ratio": 6.82,
            "price_fair": 6342.7,
            "eps_avg_yearly": 181.22,
            "eps_latest_yearly": 193.16,
            "eps_growth_yearly": 32.42
        },
        "20191": {
            "year_quarter": 20191,
            "year": 2019,
            "quarter": 1,
            "eps": 37.68,
            "eps_growth_year": 25.77,
            "eps_4q": 189.39,
            "eps_4q_growth_year": 1.17,
            "roe": 4.58,
            "roe_4q": 25.259999999999998,
            "gross_profit": 6303266,
            "gross_margin": 64.17,
            "gross_margin_4q_avg": 68.39,
            "net_income": 5053974,
            "revenue": 9823506,
            "common_shares": 1341402,
            "book_valuer_per_share": 841.51,
            "book_valuer_per_share_4q_avg": 772,
            "equity": 112879835,
            "current_ratio": 398.91,
            "debt_ratio": 19.1,
            "inventory_turnover_ratio": 0.84,
            "account_receivable_turnover_ratio": 0.91,
            "reinvestment_rate": 10.41,
            "research_to_sale_ratio": 7.73,
            "price_fair": 6384.88,
            "eps_avg_yearly": 182.43,
            "eps_latest_yearly": 150.72,
            "eps_growth_yearly": 37.1
        },
        "20192": {
            "year_quarter": 20192,
            "year": 2019,
            "quarter": 2,
            "eps": 48.84,
            "eps_growth_year": 19.09,
            "eps_4q": 197.21,
            "eps_4q_growth_year": 2.15,
            "roe": 5.87,
            "roe_4q": 25.3,
            "gross_profit": 9798856,
            "gross_margin": 69.59,
            "gross_margin_4q_avg": 68.62,
            "net_income": 6550996,
            "revenue": 14080738,
            "common_shares": 1341402,
            "book_valuer_per_share": 823.01,
            "book_valuer_per_share_4q_avg": 804.84,
            "equity": 110398528,
            "current_ratio": 315.58,
            "debt_ratio": 24.24,
            "inventory_turnover_ratio": 0.94,
            "account_receivable_turnover_ratio": 1.24,
            "reinvestment_rate": 11.23,
            "research_to_sale_ratio": 6.27,
            "price_fair": 6497.58,
            "eps_avg_yearly": 185.65,
            "eps_latest_yearly": 195.36,
            "eps_growth_yearly": 42.14
        },
        "20193": {
            "year_quarter": 20193,
            "year": 2019,
            "quarter": 3,
            "eps": 63.85,
            "eps_growth_year": 2.31,
            "eps_4q": 198.66,
            "eps_4q_growth_year": 0.56,
            "roe": 7.48,
            "roe_4q": 24.14,
            "gross_profit": 12777066,
            "gross_margin": 69.13,
            "gross_margin_4q_avg": 68.07,
            "net_income": 8565364,
            "revenue": 18483474,
            "common_shares": 1341402,
            "book_valuer_per_share": 884.77,
            "book_valuer_per_share_4q_avg": 837.86,
            "equity": 118683768,
            "current_ratio": 449.85,
            "debt_ratio": 16.83,
            "inventory_turnover_ratio": 1.33,
            "account_receivable_turnover_ratio": 1.23,
            "reinvestment_rate": 11.84,
            "research_to_sale_ratio": 5.86,
            "price_fair": 6521.03,
            "eps_avg_yearly": 186.32,
            "eps_latest_yearly": 255.4,
            "eps_growth_yearly": 32.3
        },
        "20194": {
            "year_quarter": 20194,
            "year": 2019,
            "quarter": 4,
            "eps": 60.33,
            "eps_growth_year": 24.93,
            "eps_4q": 210.7,
            "eps_4q_growth_year": 15.98,
            "roe": 6.6,
            "roe_4q": 24.53,
            "gross_profit": 13042232,
            "gross_margin": 71.05,
            "gross_margin_4q_avg": 68.49,
            "net_income": 8092748,
            "revenue": 18357290,
            "common_shares": 1341402,
            "book_valuer_per_share": 942.25,
            "book_valuer_per_share_4q_avg": 872.89,
            "equity": 126393911,
            "current_ratio": 411.16,
            "debt_ratio": 17.83,
            "inventory_turnover_ratio": 1.4,
            "account_receivable_turnover_ratio": 1.12,
            "reinvestment_rate": 12.42,
            "research_to_sale_ratio": 5.66,
            "price_fair": 6610.63,
            "eps_avg_yearly": 188.88,
            "eps_latest_yearly": 241.32,
            "eps_growth_yearly": 35.45
        },
        "20201": {
            "year_quarter": 20201,
            "year": 2020,
            "quarter": 1,
            "eps": 50.1,
            "eps_growth_year": 32.96,
            "eps_4q": 223.12,
            "eps_4q_growth_year": 17.81,
            "roe": 5.18,
            "roe_4q": 25.13,
            "gross_profit": 9239061,
            "gross_margin": 69.92,
            "gross_margin_4q_avg": 69.92,
            "net_income": 6720273,
            "revenue": 13214517,
            "common_shares": 1341402,
            "book_valuer_per_share": 992.57,
            "book_valuer_per_share_4q_avg": 910.65,
            "equity": 133143319,
            "current_ratio": 395.25,
            "debt_ratio": 18.37,
            "inventory_turnover_ratio": 0.97,
            "account_receivable_turnover_ratio": 0.96,
            "reinvestment_rate": 12.09,
            "research_to_sale_ratio": 7.26,
            "price_fair": 6812.66,
            "eps_avg_yearly": 194.65,
            "eps_latest_yearly": 200.4,
            "eps_growth_yearly": 42.73
        },
        "20202": {
            "year_quarter": 20202,
            "year": 2020,
            "quarter": 2,
            "eps": 37.19,
            "eps_growth_year": -23.85,
            "eps_4q": 211.47,
            "eps_4q_growth_year": 7.23,
            "roe": 3.83,
            "roe_4q": 23.09,
            "gross_profit": 8677470,
            "gross_margin": 68.59,
            "gross_margin_4q_avg": 69.67,
            "net_income": 4988664,
            "revenue": 12650405,
            "common_shares": 1341402,
            "book_valuer_per_share": 947.98,
            "book_valuer_per_share_4q_avg": 941.89,
            "equity": 127162829,
            "current_ratio": 309.48,
            "debt_ratio": 23.52,
            "inventory_turnover_ratio": 0.83,
            "account_receivable_turnover_ratio": 1.04,
            "reinvestment_rate": 12.71,
            "research_to_sale_ratio": 6.64,
            "price_fair": 6897.36,
            "eps_avg_yearly": 197.07,
            "eps_latest_yearly": 148.76,
            "eps_growth_yearly": 35.83
        },
        "20203": {
            "year_quarter": 20203,
            "year": 2020,
            "quarter": 3,
            "eps": 43.74,
            "eps_growth_year": -31.5,
            "eps_4q": 191.36,
            "eps_4q_growth_year": -3.67,
            "roe": 4.5,
            "roe_4q": 20.11,
            "gross_profit": 9696956,
            "gross_margin": 65.58,
            "gross_margin_4q_avg": 68.79,
            "net_income": 5867819,
            "revenue": 14786837,
            "common_shares": 1341402,
            "book_valuer_per_share": 997.06,
            "book_valuer_per_share_4q_avg": 969.97,
            "equity": 133746043,
            "current_ratio": 397.61,
            "debt_ratio": 17.12,
            "inventory_turnover_ratio": 1.08,
            "account_receivable_turnover_ratio": 1.25,
            "reinvestment_rate": 13.3,
            "research_to_sale_ratio": 6.55,
            "price_fair": 5475.27,
            "eps_avg_yearly": 195.03,
            "eps_latest_yearly": 174.96,
            "eps_growth_yearly": 18.07
        },
        "20204": {
            "year_quarter": 20204,
            "year": 2020,
            "quarter": 4,
            "eps": 51.87,
            "eps_growth_year": -14.03,
            "eps_4q": 182.9,
            "eps_4q_growth_year": -13.19,
            "roe": 5.07,
            "roe_4q": 18.58,
            "gross_profit": 9854149,
            "gross_margin": 64.44,
            "gross_margin_4q_avg": 67.13,
            "net_income": 6957375,
            "revenue": 15292730,
            "common_shares": 1341402,
            "book_valuer_per_share": 1049.66,
            "book_valuer_per_share_4q_avg": 996.82,
            "equity": 140802158,
            "current_ratio": 394.98,
            "debt_ratio": 17.79,
            "inventory_turnover_ratio": 1.28,
            "account_receivable_turnover_ratio": 1.33,
            "reinvestment_rate": 13.31,
            "research_to_sale_ratio": 6.71,
            "price_fair": 5254.48,
            "eps_avg_yearly": 192.23,
            "eps_latest_yearly": 207.48,
            "eps_growth_yearly": 17.33
        },
        "20211": {
            "year_quarter": 20211,
            "year": 2021,
            "quarter": 1,
            "eps": 39.62,
            "eps_growth_year": -20.92,
            "eps_4q": 172.42,
            "eps_4q_growth_year": -22.72,
            "roe": 3.86,
            "roe_4q": 17.259999999999998,
            "gross_profit": 7655606,
            "gross_margin": 64.77,
            "gross_margin_4q_avg": 65.85,
            "net_income": 5315245,
            "revenue": 11819843,
            "common_shares": 1341402,
            "book_valuer_per_share": 1003.75,
            "book_valuer_per_share_4q_avg": 999.61,
            "equity": 134643201,
            "current_ratio": 283.66,
            "debt_ratio": 24.78,
            "inventory_turnover_ratio": 0.94,
            "account_receivable_turnover_ratio": 1.21,
            "reinvestment_rate": 13.01,
            "research_to_sale_ratio": 7.8,
            "price_fair": 6176.61,
            "eps_avg_yearly": 193.03,
            "eps_latest_yearly": 158.48,
            "eps_growth_yearly": 22
        },
        "20212": {
            "year_quarter": 20212,
            "year": 2021,
            "quarter": 2,
            "eps": 22.07,
            "eps_growth_year": -40.66,
            "eps_4q": 157.3,
            "eps_4q_growth_year": -25.62,
            "roe": 2.18,
            "roe_4q": 15.61,
            "gross_profit": 6097537,
            "gross_margin": 60.29,
            "gross_margin_4q_avg": 63.77,
            "net_income": 2959949,
            "revenue": 10113080,
            "common_shares": 1341402,
            "book_valuer_per_share": 1021.53,
            "book_valuer_per_share_4q_avg": 1018,
            "equity": 137027955,
            "current_ratio": 305.32,
            "debt_ratio": 22.99,
            "inventory_turnover_ratio": 0.76,
            "account_receivable_turnover_ratio": 1.29,
            "reinvestment_rate": 13.22,
            "research_to_sale_ratio": 7.49,
            "price_fair": 4136.09,
            "eps_avg_yearly": 189.77,
            "eps_latest_yearly": 88.28,
            "eps_growth_yearly": 11.8
        },
        "20213": {
            "year_quarter": 20213,
            "year": 2021,
            "quarter": 3,
            "eps": 39.22,
            "eps_growth_year": -10.33,
            "eps_4q": 152.77,
            "eps_4q_growth_year": -20.17,
            "roe": 3.77,
            "roe_4q": 14.88,
            "gross_profit": 7105426,
            "gross_margin": 59.32,
            "gross_margin_4q_avg": 62.21,
            "net_income": 5260512,
            "revenue": 11977620,
            "common_shares": 1341402,
            "book_valuer_per_share": 1058,
            "book_valuer_per_share_4q_avg": 1033.24,
            "equity": 141919873,
            "current_ratio": 435.53,
            "debt_ratio": 15.99,
            "inventory_turnover_ratio": 0.82,
            "account_receivable_turnover_ratio": 1.48,
            "reinvestment_rate": 12.42,
            "research_to_sale_ratio": 8.15,
            "price_fair": 4628.85,
            "eps_avg_yearly": 185.09,
            "eps_latest_yearly": 156.88,
            "eps_growth_yearly": 15.01
        },
        "20214": {
            "year_quarter": 20214,
            "year": 2021,
            "quarter": 4,
            "eps": 38.48,
            "eps_growth_year": -25.81,
            "eps_4q": 139.89,
            "eps_4q_growth_year": -23.51,
            "roe": 3.62,
            "roe_4q": 13.43,
            "gross_profit": 7290065,
            "gross_margin": 55.85,
            "gross_margin_4q_avg": 60.06,
            "net_income": 5135524,
            "revenue": 13051859,
            "common_shares": 1341402,
            "book_valuer_per_share": 1061.97,
            "book_valuer_per_share_4q_avg": 1036.31,
            "equity": 141739722,
            "current_ratio": 379.85,
            "debt_ratio": 18.87,
            "inventory_turnover_ratio": 0.97,
            "account_receivable_turnover_ratio": 1.39,
            "reinvestment_rate": 10.78,
            "research_to_sale_ratio": 7.24,
            "price_fair": 3902.82,
            "eps_avg_yearly": 178.67,
            "eps_latest_yearly": 153.92,
            "eps_growth_yearly": 11.84
        },
        "20221": {
            "year_quarter": 20221,
            "year": 2022,
            "quarter": 1,
            "eps": 41.3,
            "eps_growth_year": 4.24,
            "eps_4q": 141.37,
            "eps_4q_growth_year": -18.01,
            "roe": 3.88,
            "roe_4q": 13.45,
            "gross_profit": 5408659,
            "gross_margin": 53.38,
            "gross_margin_4q_avg": 57.21,
            "net_income": 5512676,
            "revenue": 10132746,
            "common_shares": 1341402,
            "book_valuer_per_share": 1067.53,
            "book_valuer_per_share_4q_avg": 1052.26,
            "equity": 142480673,
            "current_ratio": 359.63,
            "debt_ratio": 19.71,
            "inventory_turnover_ratio": 0.79,
            "account_receivable_turnover_ratio": 1.15,
            "reinvestment_rate": 10.97,
            "research_to_sale_ratio": 9.92,
            "price_fair": 6352.5,
            "eps_avg_yearly": 181.5,
            "eps_latest_yearly": 165.2,
            "eps_growth_yearly": 27
        },
        "20222": {
            "year_quarter": 20222,
            "year": 2022,
            "quarter": 2,
            "eps": 37.06,
            "eps_growth_year": 67.92,
            "eps_4q": 156.25,
            "eps_4q_growth_year": -0.67,
            "roe": 3.41,
            "roe_4q": 14.68,
            "gross_profit": 5400415,
            "gross_margin": 55.82,
            "gross_margin_4q_avg": 56.09,
            "net_income": 4945818,
            "revenue": 9675073,
            "common_shares": 1334682,
            "book_valuer_per_share": 1104.97,
            "book_valuer_per_share_4q_avg": 1073.12,
            "equity": 147478003,
            "current_ratio": 440.28,
            "debt_ratio": 16.03,
            "inventory_turnover_ratio": 0.65,
            "account_receivable_turnover_ratio": 1.36,
            "reinvestment_rate": 11.42,
            "research_to_sale_ratio": 10.02,
            "price_fair": 4552.01,
            "eps_avg_yearly": 180.51,
            "eps_latest_yearly": 148.24,
            "eps_growth_yearly": 15.22
        },
        "20223": {
            "year_quarter": 20223,
            "year": 2022,
            "quarter": 3,
            "eps": 61.01,
            "eps_growth_year": 55.56,
            "eps_4q": 177.84,
            "eps_4q_growth_year": 16.41,
            "roe": 5.46,
            "roe_4q": 16.37,
            "gross_profit": 7243673,
            "gross_margin": 53.75,
            "gross_margin_4q_avg": 54.7,
            "net_income": 8142429,
            "revenue": 13477290,
            "common_shares": 1334682,
            "book_valuer_per_share": 1130.69,
            "book_valuer_per_share_4q_avg": 1091.29,
            "equity": 150910913,
            "current_ratio": 453.12,
            "debt_ratio": 15.74,
            "inventory_turnover_ratio": 0.93,
            "account_receivable_turnover_ratio": 1.65,
            "reinvestment_rate": 11.5,
            "research_to_sale_ratio": 9.18,
            "price_fair": 5103.6,
            "eps_avg_yearly": 180.16,
            "eps_latest_yearly": 244.04,
            "eps_growth_yearly": 18.33
        },
        "20224": {
            "year_quarter": 20224,
            "year": 2022,
            "quarter": 4,
            "eps": 30.15,
            "eps_growth_year": -21.64,
            "eps_4q": 169.52,
            "eps_4q_growth_year": 21.18,
            "roe": 2.63,
            "roe_4q": 15.379999999999999,
            "gross_profit": 8042898,
            "gross_margin": 55.89,
            "gross_margin_4q_avg": 54.71,
            "net_income": 4024126,
            "revenue": 14390119,
            "common_shares": 1334682,
            "book_valuer_per_share": 1162.14,
            "book_valuer_per_share_4q_avg": 1116.33,
            "equity": 155109100,
            "current_ratio": 439.64,
            "debt_ratio": 16.14,
            "inventory_turnover_ratio": 1.08,
            "account_receivable_turnover_ratio": 1.62,
            "reinvestment_rate": 11.19,
            "research_to_sale_ratio": 6.54,
            "price_fair": 3747.62,
            "eps_avg_yearly": 175.63,
            "eps_latest_yearly": 120.6,
            "eps_growth_yearly": 11.34
        },
        "20231": {
            "year_quarter": 20231,
            "year": 2023,
            "quarter": 1,
            "eps": 24.64,
            "eps_growth_year": -40.34,
            "eps_4q": 152.86,
            "eps_4q_growth_year": 8.12,
            "roe": 2.14,
            "roe_4q": 13.64,
            "gross_profit": 4553349,
            "gross_margin": 49.84,
            "gross_margin_4q_avg": 53.83,
            "net_income": 3288948,
            "revenue": 9136021,
            "common_shares": 1334682,
            "book_valuer_per_share": 1144.89,
            "book_valuer_per_share_4q_avg": 1135.67,
            "equity": 152806878,
            "current_ratio": 363.92,
            "debt_ratio": 19.4,
            "inventory_turnover_ratio": 0.84,
            "account_receivable_turnover_ratio": 1.27,
            "reinvestment_rate": 11.95,
            "research_to_sale_ratio": 10,
            "price_fair": 3837.33,
            "eps_avg_yearly": 172.37,
            "eps_latest_yearly": 98.56,
            "eps_growth_yearly": 12.26
        }
    },
    "months": {
        "2002-03": {
            "month": "2002-03",
            "price": "284.40",
            "revenue": 126065
        },
        "2002-04": {
            "month": "2002-04",
            "price": "277.05",
            "revenue": 150345
        },
        "2002-05": {
            "month": "2002-05",
            "price": "285.91",
            "revenue": 178297
        },
        "2002-06": {
            "month": "2002-06",
            "price": "258.20",
            "revenue": 155491
        },
        "2002-07": {
            "month": "2002-07",
            "price": "229.39",
            "revenue": 189285
        },
        "2002-08": {
            "month": "2002-08",
            "price": "211.59",
            "revenue": 198361
        },
        "2002-09": {
            "month": "2002-09",
            "price": "173.95",
            "revenue": 200297
        },
        "2002-10": {
            "month": "2002-10",
            "price": "183.55",
            "revenue": 199115
        },
        "2002-11": {
            "month": "2002-11",
            "price": "210.86",
            "revenue": 176444
        },
        "2002-12": {
            "month": "2002-12",
            "price": "210.59",
            "revenue": 141614
        },
        "2003-01": {
            "month": "2003-01",
            "price": "185.89",
            "revenue": 147663
        },
        "2003-02": {
            "month": "2003-02",
            "price": "203.88",
            "revenue": 119408
        },
        "2003-03": {
            "month": "2003-03",
            "price": "204.00",
            "revenue": 160773
        },
        "2003-04": {
            "month": "2003-04",
            "price": "206.05",
            "revenue": 171828
        },
        "2003-05": {
            "month": "2003-05",
            "price": "211.57",
            "revenue": 166523
        },
        "2003-06": {
            "month": "2003-06",
            "price": "211.00",
            "revenue": 189440
        },
        "2003-07": {
            "month": "2003-07",
            "price": "230.87",
            "revenue": 221446
        },
        "2003-08": {
            "month": "2003-08",
            "price": "268.52",
            "revenue": 278349
        },
        "2003-09": {
            "month": "2003-09",
            "price": "360.71",
            "revenue": 308112
        },
        "2003-10": {
            "month": "2003-10",
            "price": "350.27",
            "revenue": 327838
        },
        "2003-11": {
            "month": "2003-11",
            "price": "353.00",
            "revenue": 330468
        },
        "2003-12": {
            "month": "2003-12",
            "price": "336.91",
            "revenue": 286935
        },
        "2004-01": {
            "month": "2004-01",
            "price": "359.20",
            "revenue": 251254
        },
        "2004-02": {
            "month": "2004-02",
            "price": "379.60",
            "revenue": 253119
        },
        "2004-03": {
            "month": "2004-03",
            "price": "383.87",
            "revenue": 210782
        },
        "2004-04": {
            "month": "2004-04",
            "price": "411.18",
            "revenue": 198206
        },
        "2004-05": {
            "month": "2004-05",
            "price": "372.52",
            "revenue": 203708
        },
        "2004-06": {
            "month": "2004-06",
            "price": "343.62",
            "revenue": 219885
        },
        "2004-07": {
            "month": "2004-07",
            "price": "246.27",
            "revenue": 209400
        },
        "2004-08": {
            "month": "2004-08",
            "price": "227.95",
            "revenue": 185524
        },
        "2004-09": {
            "month": "2004-09",
            "price": "240.71",
            "revenue": 182869
        },
        "2004-10": {
            "month": "2004-10",
            "price": "221.90",
            "revenue": 192847
        },
        "2004-11": {
            "month": "2004-11",
            "price": "195.05",
            "revenue": 195716
        },
        "2004-12": {
            "month": "2004-12",
            "price": "177.30",
            "revenue": 164218
        },
        "2005-01": {
            "month": "2005-01",
            "price": "147.10",
            "revenue": 192391
        },
        "2005-02": {
            "month": "2005-02",
            "price": "169.27",
            "revenue": 164336
        },
        "2005-03": {
            "month": "2005-03",
            "price": "175.80",
            "revenue": 216129
        },
        "2005-04": {
            "month": "2005-04",
            "price": "188.85",
            "revenue": 212837
        },
        "2005-05": {
            "month": "2005-05",
            "price": "209.55",
            "revenue": 227976
        },
        "2005-06": {
            "month": "2005-06",
            "price": "208.32",
            "revenue": 252480
        },
        "2005-07": {
            "month": "2005-07",
            "price": "238.98",
            "revenue": 279554
        },
        "2005-08": {
            "month": "2005-08",
            "price": "258.55",
            "revenue": 339867
        },
        "2005-09": {
            "month": "2005-09",
            "price": "253.57",
            "revenue": 365386
        },
        "2005-10": {
            "month": "2005-10",
            "price": "291.75",
            "revenue": 436873
        },
        "2005-11": {
            "month": "2005-11",
            "price": "363.27",
            "revenue": 539991
        },
        "2005-12": {
            "month": "2005-12",
            "price": "499.86",
            "revenue": 527300
        },
        "2006-01": {
            "month": "2006-01",
            "price": "583.06",
            "revenue": 521159
        },
        "2006-02": {
            "month": "2006-02",
            "price": "604.41",
            "revenue": 418708
        },
        "2006-03": {
            "month": "2006-03",
            "price": "572.70",
            "revenue": 343440
        },
        "2006-04": {
            "month": "2006-04",
            "price": "610.00",
            "revenue": 574340
        },
        "2006-05": {
            "month": "2006-05",
            "price": "666.57",
            "revenue": 558762
        },
        "2006-06": {
            "month": "2006-06",
            "price": "620.41",
            "revenue": 251364
        },
        "2006-07": {
            "month": "2006-07",
            "price": "688.19",
            "revenue": 504623
        },
        "2006-08": {
            "month": "2006-08",
            "price": "687.83",
            "revenue": 651459
        },
        "2006-09": {
            "month": "2006-09",
            "price": "694.62",
            "revenue": 703470
        },
        "2006-10": {
            "month": "2006-10",
            "price": "664.65",
            "revenue": 735347
        },
        "2006-11": {
            "month": "2006-11",
            "price": "621.59",
            "revenue": 800314
        },
        "2006-12": {
            "month": "2006-12",
            "price": "595.86",
            "revenue": 515164
        },
        "2007-01": {
            "month": "2007-01",
            "price": "543.75",
            "revenue": 520093
        },
        "2007-02": {
            "month": "2007-02",
            "price": "480.46",
            "revenue": 395790
        },
        "2007-03": {
            "month": "2007-03",
            "price": "446.37",
            "revenue": 416125
        },
        "2007-04": {
            "month": "2007-04",
            "price": "431.35",
            "revenue": 423142
        },
        "2007-05": {
            "month": "2007-05",
            "price": "434.84",
            "revenue": 425074
        },
        "2007-06": {
            "month": "2007-06",
            "price": "453.52",
            "revenue": 406921
        },
        "2007-07": {
            "month": "2007-07",
            "price": "431.39",
            "revenue": 440053
        },
        "2007-08": {
            "month": "2007-08",
            "price": "334.02",
            "revenue": 457157
        },
        "2007-09": {
            "month": "2007-09",
            "price": "309.56",
            "revenue": 500169
        },
        "2007-10": {
            "month": "2007-10",
            "price": "391.05",
            "revenue": 612099
        },
        "2007-11": {
            "month": "2007-11",
            "price": "412.80",
            "revenue": 713374
        },
        "2007-12": {
            "month": "2007-12",
            "price": "410.31",
            "revenue": 564063
        },
        "2008-01": {
            "month": "2008-01",
            "price": "326.77",
            "revenue": 600046
        },
        "2008-02": {
            "month": "2008-02",
            "price": "307.82",
            "revenue": 510047
        },
        "2008-03": {
            "month": "2008-03",
            "price": "321.93",
            "revenue": 605063
        },
        "2008-04": {
            "month": "2008-04",
            "price": "391.64",
            "revenue": 616269
        },
        "2008-05": {
            "month": "2008-05",
            "price": "421.95",
            "revenue": 628136
        },
        "2008-06": {
            "month": "2008-06",
            "price": "401.12",
            "revenue": 640633
        },
        "2008-07": {
            "month": "2008-07",
            "price": "392.23",
            "revenue": 673659
        },
        "2008-08": {
            "month": "2008-08",
            "price": "424.69",
            "revenue": 715258
        },
        "2008-09": {
            "month": "2008-09",
            "price": "374.93",
            "revenue": 770560
        },
        "2008-10": {
            "month": "2008-10",
            "price": "310.73",
            "revenue": 808463
        },
        "2008-11": {
            "month": "2008-11",
            "price": "262.30",
            "revenue": 572590
        },
        "2008-12": {
            "month": "2008-12",
            "price": "197.89",
            "revenue": 341025
        },
        "2009-01": {
            "month": "2009-01",
            "price": "212.20",
            "revenue": 338351
        },
        "2009-02": {
            "month": "2009-02",
            "price": "229.60",
            "revenue": 402169
        },
        "2009-03": {
            "month": "2009-03",
            "price": "266.70",
            "revenue": 462351
        },
        "2009-04": {
            "month": "2009-04",
            "price": "262.39",
            "revenue": 534918
        },
        "2009-05": {
            "month": "2009-05",
            "price": "322.53",
            "revenue": 587927
        },
        "2009-06": {
            "month": "2009-06",
            "price": "353.76",
            "revenue": 646801
        },
        "2009-07": {
            "month": "2009-07",
            "price": "407.52",
            "revenue": 745352
        },
        "2009-08": {
            "month": "2009-08",
            "price": "401.02",
            "revenue": 826499
        },
        "2009-09": {
            "month": "2009-09",
            "price": "411.75",
            "revenue": 878993
        },
        "2009-10": {
            "month": "2009-10",
            "price": "394.61",
            "revenue": 913222
        },
        "2009-11": {
            "month": "2009-11",
            "price": "382.81",
            "revenue": 944182
        },
        "2009-12": {
            "month": "2009-12",
            "price": "414.39",
            "revenue": 873647
        },
        "2010-01": {
            "month": "2010-01",
            "price": "407.48",
            "revenue": 736745
        },
        "2010-02": {
            "month": "2010-02",
            "price": "417.00",
            "revenue": 629330
        },
        "2010-03": {
            "month": "2010-03",
            "price": "438.63",
            "revenue": 862882
        },
        "2010-04": {
            "month": "2010-04",
            "price": "497.17",
            "revenue": 881357
        },
        "2010-05": {
            "month": "2010-05",
            "price": "500.69",
            "revenue": 921136
        },
        "2010-06": {
            "month": "2010-06",
            "price": "522.90",
            "revenue": 957972
        },
        "2010-07": {
            "month": "2010-07",
            "price": "572.68",
            "revenue": 1059140
        },
        "2010-08": {
            "month": "2010-08",
            "price": "598.77",
            "revenue": 1173511
        },
        "2010-09": {
            "month": "2010-09",
            "price": "627.52",
            "revenue": 1250361
        },
        "2010-10": {
            "month": "2010-10",
            "price": "588.00",
            "revenue": 1269698
        },
        "2010-11": {
            "month": "2010-11",
            "price": "614.05",
            "revenue": 1289275
        },
        "2010-12": {
            "month": "2010-12",
            "price": "710.48",
            "revenue": 1319884
        },
        "2011-01": {
            "month": "2011-01",
            "price": "778.95",
            "revenue": 1212826
        },
        "2011-02": {
            "month": "2011-02",
            "price": "782.57",
            "revenue": 987682
        },
        "2011-03": {
            "month": "2011-03",
            "price": "798.78",
            "revenue": 1311519
        },
        "2011-04": {
            "month": "2011-04",
            "price": "874.32",
            "revenue": 1343163
        },
        "2011-05": {
            "month": "2011-05",
            "price": "898.19",
            "revenue": 1356656
        },
        "2011-06": {
            "month": "2011-06",
            "price": "935.48",
            "revenue": 1365581
        },
        "2011-07": {
            "month": "2011-07",
            "price": "963.57",
            "revenue": 1382696
        },
        "2011-08": {
            "month": "2011-08",
            "price": "862.39",
            "revenue": 1469168
        },
        "2011-09": {
            "month": "2011-09",
            "price": "763.76",
            "revenue": 1542484
        },
        "2011-10": {
            "month": "2011-10",
            "price": "673.15",
            "revenue": 1408850
        },
        "2011-11": {
            "month": "2011-11",
            "price": "581.57",
            "revenue": 1295019
        },
        "2011-12": {
            "month": "2011-12",
            "price": "523.91",
            "revenue": 1308454
        },
        "2012-01": {
            "month": "2012-01",
            "price": "597.93",
            "revenue": 1098705
        },
        "2012-02": {
            "month": "2012-02",
            "price": "653.40",
            "revenue": 1229763
        },
        "2012-03": {
            "month": "2012-03",
            "price": "620.17",
            "revenue": 1311535
        },
        "2012-04": {
            "month": "2012-04",
            "price": "543.58",
            "revenue": 1179160
        },
        "2012-05": {
            "month": "2012-05",
            "price": "521.27",
            "revenue": 1179889
        },
        "2012-06": {
            "month": "2012-06",
            "price": "582.52",
            "revenue": 977886
        },
        "2012-07": {
            "month": "2012-07",
            "price": "591.18",
            "revenue": 1178730
        },
        "2012-08": {
            "month": "2012-08",
            "price": "613.64",
            "revenue": 1533612
        },
        "2012-09": {
            "month": "2012-09",
            "price": "641.30",
            "revenue": 1798580
        },
        "2012-10": {
            "month": "2012-10",
            "price": "608.41",
            "revenue": 2415575
        },
        "2012-11": {
            "month": "2012-11",
            "price": "698.23",
            "revenue": 3009061
        },
        "2012-12": {
            "month": "2012-12",
            "price": "800.67",
            "revenue": 3160252
        },
        "2013-01": {
            "month": "2013-01",
            "price": "753.64",
            "revenue": 2244671
        },
        "2013-02": {
            "month": "2013-02",
            "price": "808.38",
            "revenue": 1230627
        },
        "2013-03": {
            "month": "2013-03",
            "price": "768.05",
            "revenue": 1623212
        },
        "2013-04": {
            "month": "2013-04",
            "price": "751.10",
            "revenue": 1910432
        },
        "2013-05": {
            "month": "2013-05",
            "price": "909.55",
            "revenue": 1961551
        },
        "2013-06": {
            "month": "2013-06",
            "price": "968.26",
            "revenue": 1971404
        },
        "2013-07": {
            "month": "2013-07",
            "price": "955.70",
            "revenue": 2101213
        },
        "2013-08": {
            "month": "2013-08",
            "price": "1054.38",
            "revenue": 2405529
        },
        "2013-09": {
            "month": "2013-09",
            "price": "996.95",
            "revenue": 2653362
        },
        "2013-10": {
            "month": "2013-10",
            "price": "992.64",
            "revenue": 2923481
        },
        "2013-11": {
            "month": "2013-11",
            "price": "1015.19",
            "revenue": 3181758
        },
        "2013-12": {
            "month": "2013-12",
            "price": "1150.45",
            "revenue": 3192430
        },
        "2014-01": {
            "month": "2014-01",
            "price": "1181.39",
            "revenue": 2427473
        },
        "2014-02": {
            "month": "2014-02",
            "price": "1203.53",
            "revenue": 1600794
        },
        "2014-03": {
            "month": "2014-03",
            "price": "1391.67",
            "revenue": 2834808
        },
        "2014-04": {
            "month": "2014-04",
            "price": "1661.67",
            "revenue": 3213899
        },
        "2014-05": {
            "month": "2014-05",
            "price": "1965.71",
            "revenue": 3392592
        },
        "2014-06": {
            "month": "2014-06",
            "price": "2116.50",
            "revenue": 3410963
        },
        "2014-07": {
            "month": "2014-07",
            "price": "2423.41",
            "revenue": 3514001
        },
        "2014-08": {
            "month": "2014-08",
            "price": "2420.48",
            "revenue": 3962809
        },
        "2014-09": {
            "month": "2014-09",
            "price": "2326.67",
            "revenue": 4623895
        },
        "2014-10": {
            "month": "2014-10",
            "price": "2187.73",
            "revenue": 5453824
        },
        "2014-11": {
            "month": "2014-11",
            "price": "2207.75",
            "revenue": 5619855
        },
        "2014-12": {
            "month": "2014-12",
            "price": "2324.58",
            "revenue": 5753797
        },
        "2015-01": {
            "month": "2015-01",
            "price": "2494.25",
            "revenue": 4033585
        },
        "2015-02": {
            "month": "2015-02",
            "price": "2700.77",
            "revenue": 2616460
        },
        "2015-03": {
            "month": "2015-03",
            "price": "2701.59",
            "revenue": 3924801
        },
        "2015-04": {
            "month": "2015-04",
            "price": "2890.25",
            "revenue": 4274234
        },
        "2015-05": {
            "month": "2015-05",
            "price": "3262.50",
            "revenue": 4418746
        },
        "2015-06": {
            "month": "2015-06",
            "price": "3404.05",
            "revenue": 5106817
        },
        "2015-07": {
            "month": "2015-07",
            "price": "3406.36",
            "revenue": 5254758
        },
        "2015-08": {
            "month": "2015-08",
            "price": "2933.81",
            "revenue": 5304477
        },
        "2015-09": {
            "month": "2015-09",
            "price": "2780.75",
            "revenue": 5515693
        },
        "2015-10": {
            "month": "2015-10",
            "price": "2541.43",
            "revenue": 5768715
        },
        "2015-11": {
            "month": "2015-11",
            "price": "2615.48",
            "revenue": 5707198
        },
        "2015-12": {
            "month": "2015-12",
            "price": "2320.65",
            "revenue": 3979066
        },
        "2016-01": {
            "month": "2016-01",
            "price": "2058.33",
            "revenue": 3226870
        },
        "2016-02": {
            "month": "2016-02",
            "price": "2477.31",
            "revenue": 2037852
        },
        "2016-03": {
            "month": "2016-03",
            "price": "2585.22",
            "revenue": 3024165
        },
        "2016-04": {
            "month": "2016-04",
            "price": "2368.16",
            "revenue": 3104880
        },
        "2016-05": {
            "month": "2016-05",
            "price": "2582.14",
            "revenue": 3362799
        },
        "2016-06": {
            "month": "2016-06",
            "price": "2946.67",
            "revenue": 3594460
        },
        "2016-07": {
            "month": "2016-07",
            "price": "3241.75",
            "revenue": 4590727
        },
        "2016-08": {
            "month": "2016-08",
            "price": "3662.83",
            "revenue": 4820546
        },
        "2016-09": {
            "month": "2016-09",
            "price": "3685.26",
            "revenue": 4953553
        },
        "2016-10": {
            "month": "2016-10",
            "price": "3750.50",
            "revenue": 5073032
        },
        "2016-11": {
            "month": "2016-11",
            "price": "3500.91",
            "revenue": 5207690
        },
        "2016-12": {
            "month": "2016-12",
            "price": "3676.59",
            "revenue": 5446139
        },
        "2017-01": {
            "month": "2017-01",
            "price": "4196.88",
            "revenue": 3803960
        },
        "2017-02": {
            "month": "2017-02",
            "price": "4588.33",
            "revenue": 3453275
        },
        "2017-03": {
            "month": "2017-03",
            "price": "4635.22",
            "revenue": 3629400
        },
        "2017-04": {
            "month": "2017-04",
            "price": "4761.67",
            "revenue": 3690380
        },
        "2017-05": {
            "month": "2017-05",
            "price": "4896.25",
            "revenue": 3757029
        },
        "2017-06": {
            "month": "2017-06",
            "price": "4831.09",
            "revenue": 3858612
        },
        "2017-07": {
            "month": "2017-07",
            "price": "5280.24",
            "revenue": 4440774
        },
        "2017-08": {
            "month": "2017-08",
            "price": "5666.96",
            "revenue": 5011083
        },
        "2017-09": {
            "month": "2017-09",
            "price": "5658.18",
            "revenue": 5442490
        },
        "2017-10": {
            "month": "2017-10",
            "price": "5600.79",
            "revenue": 5613579
        },
        "2017-11": {
            "month": "2017-11",
            "price": "5616.14",
            "revenue": 5616124
        },
        "2017-12": {
            "month": "2017-12",
            "price": "4291.67",
            "revenue": 4878109
        },
        "2018-01": {
            "month": "2018-01",
            "price": "3974.09",
            "revenue": 3509761
        },
        "2018-02": {
            "month": "2018-02",
            "price": "3779.62",
            "revenue": 2217329
        },
        "2018-03": {
            "month": "2018-03",
            "price": "3652.83",
            "revenue": 3142741
        },
        "2018-04": {
            "month": "2018-04",
            "price": "3330.00",
            "revenue": 3467234
        },
        "2018-05": {
            "month": "2018-05",
            "price": "3996.36",
            "revenue": 4319223
        },
        "2018-06": {
            "month": "2018-06",
            "price": "4482.50",
            "revenue": 4507713
        },
        "2018-07": {
            "month": "2018-07",
            "price": "4953.86",
            "revenue": 5329052
        },
        "2018-08": {
            "month": "2018-08",
            "price": "4765.00",
            "revenue": 5507054
        },
        "2018-09": {
            "month": "2018-09",
            "price": "4203.16",
            "revenue": 5517581
        },
        "2018-10": {
            "month": "2018-10",
            "price": "3440.68",
            "revenue": 5210468
        },
        "2018-11": {
            "month": "2018-11",
            "price": "3296.14",
            "revenue": 4007828
        },
        "2018-12": {
            "month": "2018-12",
            "price": "3256.19",
            "revenue": 3226615
        },
        "2019-01": {
            "month": "2019-01",
            "price": "3495.24",
            "revenue": 3346531
        },
        "2019-02": {
            "month": "2019-02",
            "price": "4108.85",
            "revenue": 2532450
        },
        "2019-03": {
            "month": "2019-03",
            "price": "4599.00",
            "revenue": 3925899
        },
        "2019-04": {
            "month": "2019-04",
            "price": "4647.50",
            "revenue": 5008700
        },
        "2019-05": {
            "month": "2019-05",
            "price": "4155.68",
            "revenue": 5026964
        },
        "2019-06": {
            "month": "2019-06",
            "price": "3717.11",
            "revenue": 4075854
        },
        "2019-07": {
            "month": "2019-07",
            "price": "4170.00",
            "revenue": 5473225
        },
        "2019-08": {
            "month": "2019-08",
            "price": "3848.33",
            "revenue": 6476246
        },
        "2019-09": {
            "month": "2019-09",
            "price": "4101.32",
            "revenue": 6595863
        },
        "2019-10": {
            "month": "2019-10",
            "price": "4419.29",
            "revenue": 6625612
        },
        "2019-11": {
            "month": "2019-11",
            "price": "4516.19",
            "revenue": 6655996
        },
        "2019-12": {
            "month": "2019-12",
            "price": "4825.00",
            "revenue": 5099378
        },
        "2020-01": {
            "month": "2020-01",
            "price": "4917.67",
            "revenue": 4110169
        },
        "2020-02": {
            "month": "2020-02",
            "price": "4724.47",
            "revenue": 3672912
        },
        "2020-03": {
            "month": "2020-03",
            "price": "4015.68",
            "revenue": 5444235
        },
        "2020-04": {
            "month": "2020-04",
            "price": "3816.75",
            "revenue": 4683100
        },
        "2020-05": {
            "month": "2020-05",
            "price": "3976.75",
            "revenue": 3866021
        },
        "2020-06": {
            "month": "2020-06",
            "price": "4156.75",
            "revenue": 4136186
        },
        "2020-07": {
            "month": "2020-07",
            "price": "4061.52",
            "revenue": 4612265
        },
        "2020-08": {
            "month": "2020-08",
            "price": "3743.81",
            "revenue": 5024595
        },
        "2020-09": {
            "month": "2020-09",
            "price": "3512.05",
            "revenue": 5124654
        },
        "2020-10": {
            "month": "2020-10",
            "price": "3116.05",
            "revenue": 5137815
        },
        "2020-11": {
            "month": "2020-11",
            "price": "3301.19",
            "revenue": 5243639
        },
        "2020-12": {
            "month": "2020-12",
            "price": "3313.91",
            "revenue": 4910911
        },
        "2021-01": {
            "month": "2021-01",
            "price": "2990.75",
            "revenue": 4607376
        },
        "2021-02": {
            "month": "2021-02",
            "price": "3246.92",
            "revenue": 3212644
        },
        "2021-03": {
            "month": "2021-03",
            "price": "3356.36",
            "revenue": 4010541
        },
        "2021-04": {
            "month": "2021-04",
            "price": "3079.47",
            "revenue": 3398663
        },
        "2021-05": {
            "month": "2021-05",
            "price": "2918.81",
            "revenue": 3358902
        },
        "2021-06": {
            "month": "2021-06",
            "price": "3034.76",
            "revenue": 3370651
        },
        "2021-07": {
            "month": "2021-07",
            "price": "3027.05",
            "revenue": 3803311
        },
        "2021-08": {
            "month": "2021-08",
            "price": "2750.00",
            "revenue": 4011935
        },
        "2021-09": {
            "month": "2021-09",
            "price": "2477.25",
            "revenue": 4172183
        },
        "2021-10": {
            "month": "2021-10",
            "price": "2060.75",
            "revenue": 4203117
        },
        "2021-11": {
            "month": "2021-11",
            "price": "2062.50",
            "revenue": 4351997
        },
        "2021-12": {
            "month": "2021-12",
            "price": "2198.86",
            "revenue": 4502016
        },
        "2022-01": {
            "month": "2022-01",
            "price": "2295.56",
            "revenue": 3729465
        },
        "2022-02": {
            "month": "2022-02",
            "price": "2089.00",
            "revenue": 2608555
        },
        "2022-03": {
            "month": "2022-03",
            "price": "1978.26",
            "revenue": 3756153
        },
        "2022-04": {
            "month": "2022-04",
            "price": "1675.00",
            "revenue": 3127928
        },
        "2022-05": {
            "month": "2022-05",
            "price": "1620.48",
            "revenue": 3147587
        },
        "2022-06": {
            "month": "2022-06",
            "price": "1708.33",
            "revenue": 3393175
        },
        "2022-07": {
            "month": "2022-07",
            "price": "1892.62",
            "revenue": 3885328
        },
        "2022-08": {
            "month": "2022-08",
            "price": "2024.13",
            "revenue": 4441781
        },
        "2022-09": {
            "month": "2022-09",
            "price": "1893.10",
            "revenue": 5102922
        },
        "2022-10": {
            "month": "2022-10",
            "price": "1770.50",
            "revenue": 5212690
        },
        "2022-11": {
            "month": "2022-11",
            "price": "2112.73",
            "revenue": 5230674
        },
        "2022-12": {
            "month": "2022-12",
            "price": "2200.45",
            "revenue": 4015226
        },
        "2023-01": {
            "month": "2023-01",
            "price": "2125.38",
            "revenue": 3262688
        },
        "2023-02": {
            "month": "2023-02",
            "price": "2219.72",
            "revenue": 2565337
        },
        "2023-03": {
            "month": "2023-03",
            "price": "2293.48",
            "revenue": 3308723
        },
        "2023-04": {
            "month": "2023-04",
            "price": "2083.24",
            "revenue": 2870180
        }
    }
}
