{
    "summary": {
        "stock_name": "華立",
        "stock_id": "3010",
        "category": "電子通路",
        "main_business": "資訊通訊用材料及設備、平面顯示器材料及設備。<br>半導體製程用材料及設備、印刷電路板用材料、設備及零組件。<br>太陽能、風力、及風電等綠能材料、設備及發電及其他",
        "website_url": "http://www.wahlee.com",
        "ceo": "張尊賢",
        "pe_ratio": 13,
        "report_year_from": 2002,
        "report_year_to": 2023,
        "age": 22,
        "eps_negative_percentage": 0,
        "eps_growth_avg": {
            "last_all": 4.82,
            "last_2y": 1.88,
            "last_4y": 8.47,
            "last_8y": 5.99,
            "last_12y": 4.05,
            "last_16y": 4.81,
            "last_20y": 5.19,
            "at_2006_last_3y": 6.8,
            "at_2007_last_3y": 7.4,
            "at_2008_last_3y": -8.64,
            "at_2009_last_3y": -10.77,
            "at_2010_last_3y": 7.29,
            "at_2011_last_3y": -0.97,
            "at_2012_last_3y": 12.4,
            "at_2013_last_3y": 15.51,
            "at_2014_last_3y": -0.32,
            "at_2015_last_3y": 4.98,
            "at_2016_last_3y": 2.35,
            "at_2017_last_3y": 6.5,
            "at_2018_last_3y": 2.9,
            "at_2019_last_3y": 7.04,
            "at_2020_last_3y": 16.82,
            "at_2021_last_3y": 20.83,
            "at_2022_last_3y": 18.59,
            "at_2023_last_3y": 9.3,
            "at_2024_last_3y": 9.3,
            "at_2006_last_all": 4.85,
            "at_2007_last_all": 4.11,
            "at_2008_last_all": -3.7,
            "at_2009_last_all": -2.49,
            "at_2010_last_all": 5.93,
            "at_2011_last_all": 2.08,
            "at_2012_last_all": 2.15,
            "at_2013_last_all": 3.51,
            "at_2014_last_all": 4.01,
            "at_2015_last_all": 2.91,
            "at_2016_last_all": 2.21,
            "at_2017_last_all": 4.26,
            "at_2018_last_all": 3.75,
            "at_2019_last_all": 3.83,
            "at_2020_last_all": 5.28,
            "at_2021_last_all": 7.57,
            "at_2022_last_all": 6.57,
            "at_2023_last_all": 4.82,
            "at_2024_last_all": 4.82
        },
        "latest_eps": 8.53,
        "latest_price": 107.5,
        "latest_roe": 11.42,
        "latest_gross_margin": 8.14,
        "latest_equity": 19899768,
        "latest_revenue": 19019201,
        "latest_gross_profit": 1548160,
        "latest_net_income": 778560,
        "latest_debt_ratio": 60.94,
        "latest_current_ratio": 145.77,
        "latest_account_receivable_turnover_ratio": 1.05,
        "latest_inventory_turnover_ratio": 3.44,
        "latest_reinvestment_rate": 58.61,
        "latest_research_to_sale_ratio": null
    },
    "eps_dividends": {
        "1998": {
            "cash": 2,
            "stock": 7,
            "eps": 0
        },
        "1999": {
            "cash": 0,
            "stock": 4,
            "eps": 0
        },
        "2000": {
            "cash": 0,
            "stock": 3.5,
            "eps": 0
        },
        "2001": {
            "cash": 1,
            "stock": 3,
            "eps": 5.35
        },
        "2002": {
            "cash": 1.5,
            "stock": 1.5,
            "eps": 5.19
        },
        "2003": {
            "cash": 2,
            "stock": 1,
            "eps": 5.09
        },
        "2004": {
            "cash": 2.43,
            "stock": 0.61,
            "eps": 5.78
        },
        "2005": {
            "cash": 3,
            "stock": 0.5,
            "eps": 6.62
        },
        "2006": {
            "cash": 3.6,
            "stock": 0.4,
            "eps": 6.69
        },
        "2007": {
            "cash": 3.86,
            "stock": 0.3,
            "eps": 6.72
        },
        "2008": {
            "cash": 3.5,
            "stock": 0.3,
            "eps": 3.32
        },
        "2009": {
            "cash": 1.55,
            "stock": 0.15,
            "eps": 3.52
        },
        "2010": {
            "cash": 2.3,
            "stock": 0,
            "eps": 6.1
        },
        "2011": {
            "cash": 5.8,
            "stock": 0,
            "eps": 4.11
        },
        "2012": {
            "cash": 0,
            "stock": 0,
            "eps": 4.23
        },
        "2013": {
            "cash": 2.5,
            "stock": 0,
            "eps": 5.01
        },
        "2014": {
            "cash": 3,
            "stock": 0,
            "eps": 5.51
        },
        "2015": {
            "cash": 3.3,
            "stock": 0,
            "eps": 4.88
        },
        "2016": {
            "cash": 2.7,
            "stock": 0,
            "eps": 4.51
        },
        "2017": {
            "cash": 2.6,
            "stock": 0,
            "eps": 6.09
        },
        "2018": {
            "cash": 3.3,
            "stock": 0,
            "eps": 5.82
        },
        "2019": {
            "cash": 3.2,
            "stock": 0,
            "eps": 6.12
        },
        "2020": {
            "cash": 3.3,
            "stock": 0,
            "eps": 8.05
        },
        "2021": {
            "cash": 4.4,
            "stock": 0.2,
            "eps": 12.16
        },
        "2022": {
            "cash": 6.8,
            "stock": 0,
            "eps": 10.53
        },
        "2023": {
            "cash": 6.1,
            "stock": 0,
            "eps": 7.16
        }
    },
    "dividends": {
        "1998-05-19": {
            "cash": 2,
            "stock": 7
        },
        "1999-06-15": {
            "cash": 0,
            "stock": 4
        },
        "2000-05-15": {
            "cash": 0,
            "stock": 3.5
        },
        "2001-04-30": {
            "cash": 1,
            "stock": 3
        },
        "2002-05-30": {
            "cash": 1.5,
            "stock": 1.5
        },
        "2003-03-19": {
            "cash": 2,
            "stock": 1
        },
        "2004-04-08": {
            "cash": 2.43,
            "stock": 0.61
        },
        "2005-03-22": {
            "cash": 3,
            "stock": 0.5
        },
        "2006-04-12": {
            "cash": 3.6,
            "stock": 0.4
        },
        "2007-04-17": {
            "cash": 3.86,
            "stock": 0.3
        },
        "2008-04-24": {
            "cash": 3.5,
            "stock": 0.3
        },
        "2009-04-14": {
            "cash": 1.55,
            "stock": 0.15
        },
        "2010-04-20": {
            "cash": 2.3,
            "stock": 0
        },
        "2011-01-01": {
            "cash": 2.3,
            "stock": 0
        },
        "2011-04-19": {
            "cash": 3.5,
            "stock": 0
        },
        "2013-03-21": {
            "cash": 2.5,
            "stock": 0
        },
        "2014-06-17": {
            "cash": 3,
            "stock": 0
        },
        "2015-08-14": {
            "cash": 3.3,
            "stock": 0
        },
        "2016-08-18": {
            "cash": 2.7,
            "stock": 0
        },
        "2017-09-22": {
            "cash": 2.6,
            "stock": 0
        },
        "2018-07-26": {
            "cash": 3.3,
            "stock": 0
        },
        "2019-07-26": {
            "cash": 3.2,
            "stock": 0
        },
        "2020-07-29": {
            "cash": 3.3,
            "stock": 0
        },
        "2021-09-24": {
            "cash": 4.4,
            "stock": 0.2
        },
        "2022-07-21": {
            "cash": 6.8,
            "stock": 0
        },
        "2023-07-21": {
            "cash": 6.1,
            "stock": 0
        }
    },
    "prices": {
        "200101": "無",
        "200102": "無",
        "200103": "無",
        "200104": "無",
        "200105": "無",
        "200106": "無",
        "200107": "無",
        "200108": "無",
        "200109": "無",
        "200110": "無",
        "200111": "無",
        "200112": "無",
        "200201": "無",
        "200202": "無",
        "200203": "無",
        "200204": "無",
        "200205": "無",
        "200206": "無",
        "200207": "61.88",
        "200208": "67.09",
        "200209": "62.70",
        "200210": "58.45",
        "200211": "57.55",
        "200212": "52.03",
        "200301": "50.13",
        "200302": "47.16",
        "200303": "43.84",
        "200304": "46.94",
        "200305": "50.59",
        "200306": "56.15",
        "200307": "57.76",
        "200308": "55.12",
        "200309": "51.79",
        "200310": "51.21",
        "200311": "52.88",
        "200312": "51.87",
        "200401": "52.80",
        "200402": "54.10",
        "200403": "54.15",
        "200404": "52.88",
        "200405": "47.60",
        "200406": "45.26",
        "200407": "40.37",
        "200408": "40.31",
        "200409": "40.61",
        "200410": "40.36",
        "200411": "40.65",
        "200412": "40.81",
        "200501": "40.67",
        "200502": "43.28",
        "200503": "43.82",
        "200504": "43.92",
        "200505": "44.87",
        "200506": "46.96",
        "200507": "55.89",
        "200508": "62.19",
        "200509": "62.19",
        "200510": "58.36",
        "200511": "58.67",
        "200512": "63.46",
        "200601": "65.61",
        "200602": "65.12",
        "200603": "68.07",
        "200604": "72.33",
        "200605": "73.70",
        "200606": "63.71",
        "200607": "59.85",
        "200608": "64.60",
        "200609": "65.09",
        "200610": "65.62",
        "200611": "65.96",
        "200612": "66.11",
        "200701": "66.22",
        "200702": "67.62",
        "200703": "66.33",
        "200704": "67.37",
        "200705": "68.55",
        "200706": "72.75",
        "200707": "71.86",
        "200708": "69.15",
        "200709": "74.21",
        "200710": "73.02",
        "200711": "66.53",
        "200712": "63.08",
        "200801": "57.47",
        "200802": "56.41",
        "200803": "57.31",
        "200804": "62.20",
        "200805": "63.37",
        "200806": "58.41",
        "200807": "53.50",
        "200808": "51.21",
        "200809": "39.56",
        "200810": "32.48",
        "200811": "26.19",
        "200812": "21.80",
        "200901": "20.74",
        "200902": "21.13",
        "200903": "24.43",
        "200904": "29.17",
        "200905": "31.64",
        "200906": "28.76",
        "200907": "31.41",
        "200908": "32.40",
        "200909": "37.64",
        "200910": "39.30",
        "200911": "39.75",
        "200912": "43.14",
        "201001": "43.49",
        "201002": "39.94",
        "201003": "42.13",
        "201004": "46.50",
        "201005": "45.40",
        "201006": "45.38",
        "201007": "44.99",
        "201008": "47.18",
        "201009": "52.68",
        "201010": "54.53",
        "201011": "55.96",
        "201012": "58.94",
        "201101": "59.88",
        "201102": "59.57",
        "201103": "57.98",
        "201104": "58.62",
        "201105": "55.94",
        "201106": "55.57",
        "201107": "52.11",
        "201108": "45.52",
        "201109": "42.25",
        "201110": "40.20",
        "201111": "38.67",
        "201112": "36.39",
        "201201": "36.84",
        "201202": "40.99",
        "201203": "42.84",
        "201204": "39.64",
        "201205": "39.45",
        "201206": "38.32",
        "201207": "37.68",
        "201208": "38.75",
        "201209": "38.82",
        "201210": "38.04",
        "201211": "38.96",
        "201212": "39.33",
        "201301": "39.53",
        "201302": "41.23",
        "201303": "42.19",
        "201304": "44.02",
        "201305": "45.06",
        "201306": "43.56",
        "201307": "42.14",
        "201308": "41.68",
        "201309": "42.03",
        "201310": "44.18",
        "201311": "45.78",
        "201312": "46.68",
        "201401": "47.95",
        "201402": "49.51",
        "201403": "56.05",
        "201404": "60.19",
        "201405": "58.51",
        "201406": "59.38",
        "201407": "58.82",
        "201408": "57.18",
        "201409": "55.28",
        "201410": "52.64",
        "201411": "52.84",
        "201412": "52.87",
        "201501": "54.26",
        "201502": "54.06",
        "201503": "55.03",
        "201504": "55.60",
        "201505": "55.12",
        "201506": "52.49",
        "201507": "49.48",
        "201508": "43.38",
        "201509": "43.92",
        "201510": "45.53",
        "201511": "44.94",
        "201512": "44.42",
        "201601": "42.99",
        "201602": "44.17",
        "201603": "45.11",
        "201604": "44.36",
        "201605": "44.11",
        "201606": "46.36",
        "201607": "48.53",
        "201608": "47.80",
        "201609": "46.24",
        "201610": "45.57",
        "201611": "44.37",
        "201612": "46.35",
        "201701": "46.20",
        "201702": "48.28",
        "201703": "49.27",
        "201704": "48.96",
        "201705": "49.81",
        "201706": "50.70",
        "201707": "50.67",
        "201708": "51.36",
        "201709": "50.41",
        "201710": "52.49",
        "201711": "55.19",
        "201712": "55.45",
        "201801": "56.75",
        "201802": "55.37",
        "201803": "58.21",
        "201804": "56.87",
        "201805": "55.87",
        "201806": "56.18",
        "201807": "53.34",
        "201808": "54.90",
        "201809": "55.22",
        "201810": "51.40",
        "201811": "50.65",
        "201812": "50.14",
        "201901": "50.07",
        "201902": "51.66",
        "201903": "52.83",
        "201904": "54.36",
        "201905": "53.52",
        "201906": "53.99",
        "201907": "53.14",
        "201908": "53.51",
        "201909": "53.59",
        "201910": "53.39",
        "201911": "55.70",
        "201912": "57.05",
        "202001": "56.75",
        "202002": "55.01",
        "202003": "49.52",
        "202004": "50.80",
        "202005": "54.82",
        "202006": "55.88",
        "202007": "54.84",
        "202008": "57.91",
        "202009": "56.64",
        "202010": "59.65",
        "202011": "69.10",
        "202012": "76.71",
        "202101": "75.96",
        "202102": "78.00",
        "202103": "80.85",
        "202104": "81.84",
        "202105": "76.89",
        "202106": "79.40",
        "202107": "85.64",
        "202108": "88.12",
        "202109": "83.37",
        "202110": "81.68",
        "202111": "88.50",
        "202112": "95.73",
        "202201": "104.78",
        "202202": "106.57",
        "202203": "107.89",
        "202204": "105.29",
        "202205": "101.44",
        "202206": "98.21",
        "202207": "83.39",
        "202208": "90.78",
        "202209": "89.30",
        "202210": "81.42",
        "202211": "84.00",
        "202212": "85.67",
        "202301": "85.15",
        "202302": "87.10",
        "202303": "88.30",
        "202304": "87.84",
        "202305": "85.97",
        "202306": "86.90",
        "202307": "81.40",
        "202308": "85.98",
        "202309": "92.93",
        "202310": "94.63",
        "202311": "99.17",
        "202312": "99.18"
    },
    "quarters": {
        "20011": {
            "year_quarter": 20011,
            "year": 2001,
            "quarter": 1,
            "eps": 1.81,
            "eps_growth_year": -25.51,
            "eps_4q": 6.68,
            "eps_4q_growth_year": null,
            "roe": 8.74,
            "roe_4q": 8.74,
            "gross_profit": 281774,
            "gross_margin": 18.8,
            "gross_margin_4q_avg": 18.8,
            "net_income": 150335,
            "net_income_4q": null,
            "revenue": 1498437,
            "revenue_4q": null,
            "common_shares": 835257,
            "book_valuer_per_share": 21.09,
            "book_valuer_per_share_4q_avg": 21.09,
            "equity": 1761492,
            "current_ratio": 135.33,
            "debt_ratio": 56.47,
            "inventory_turnover_ratio": 1.14,
            "account_receivable_turnover_ratio": null,
            "reinvestment_rate": null,
            "research_to_sale_ratio": null,
            "price_fair": 0,
            "eps_avg_yearly": 0,
            "eps_latest_yearly": 0,
            "eps_growth_yearly": 0
        },
        "20012": {
            "year_quarter": 20012,
            "year": 2001,
            "quarter": 2,
            "eps": 1.01,
            "eps_growth_year": -29.37,
            "eps_4q": 4.98,
            "eps_4q_growth_year": 3.6,
            "roe": 5.72,
            "roe_4q": 14.46,
            "gross_profit": 262200,
            "gross_margin": 17.16,
            "gross_margin_4q_avg": 17.98,
            "net_income": 111474,
            "net_income_4q": null,
            "revenue": 1528369,
            "revenue_4q": null,
            "common_shares": 1160884,
            "book_valuer_per_share": 18.38,
            "book_valuer_per_share_4q_avg": 19.74,
            "equity": 2133679,
            "current_ratio": 162.43,
            "debt_ratio": 58.3,
            "inventory_turnover_ratio": 1.27,
            "account_receivable_turnover_ratio": null,
            "reinvestment_rate": null,
            "research_to_sale_ratio": null,
            "price_fair": 0,
            "eps_avg_yearly": 0,
            "eps_latest_yearly": 0,
            "eps_growth_yearly": 0
        },
        "20013": {
            "year_quarter": 20013,
            "year": 2001,
            "quarter": 3,
            "eps": 1.18,
            "eps_growth_year": -32.57,
            "eps_4q": 4.79,
            "eps_4q_growth_year": -17.59,
            "roe": 6.05,
            "roe_4q": 20.509999999999998,
            "gross_profit": 278116,
            "gross_margin": 17.68,
            "gross_margin_4q_avg": 17.88,
            "net_income": 133195,
            "net_income_4q": null,
            "revenue": 1573058,
            "revenue_4q": null,
            "common_shares": 1160884,
            "book_valuer_per_share": 19.56,
            "book_valuer_per_share_4q_avg": 19.68,
            "equity": 2271172,
            "current_ratio": 177,
            "debt_ratio": 49.66,
            "inventory_turnover_ratio": 1.41,
            "account_receivable_turnover_ratio": null,
            "reinvestment_rate": null,
            "research_to_sale_ratio": null,
            "price_fair": 0,
            "eps_avg_yearly": 0,
            "eps_latest_yearly": 0,
            "eps_growth_yearly": 0
        },
        "20014": {
            "year_quarter": 20014,
            "year": 2001,
            "quarter": 4,
            "eps": 1.35,
            "eps_growth_year": -23.73,
            "eps_4q": 4.84,
            "eps_4q_growth_year": -26.69,
            "roe": 6.15,
            "roe_4q": 26.659999999999997,
            "gross_profit": 305713,
            "gross_margin": 18.23,
            "gross_margin_4q_avg": 17.97,
            "net_income": 152758,
            "net_income_4q": null,
            "revenue": 1677012,
            "revenue_4q": null,
            "common_shares": 1160884,
            "book_valuer_per_share": 20.78,
            "book_valuer_per_share_4q_avg": 19.95,
            "equity": 2696625,
            "current_ratio": 173.36,
            "debt_ratio": 52.92,
            "inventory_turnover_ratio": 1.52,
            "account_receivable_turnover_ratio": null,
            "reinvestment_rate": null,
            "research_to_sale_ratio": null,
            "price_fair": 0,
            "eps_avg_yearly": 0,
            "eps_latest_yearly": 0,
            "eps_growth_yearly": 0
        },
        "20021": {
            "year_quarter": 20021,
            "year": 2002,
            "quarter": 1,
            "eps": 1.35,
            "eps_growth_year": -25.41,
            "eps_4q": 4.78,
            "eps_4q_growth_year": -28.4,
            "roe": 5.94,
            "roe_4q": 23.86,
            "gross_profit": 285523,
            "gross_margin": 16.92,
            "gross_margin_4q_avg": 17.5,
            "net_income": 156324,
            "net_income_4q": null,
            "revenue": 1687877,
            "revenue_4q": null,
            "common_shares": 1160884,
            "book_valuer_per_share": 22.12,
            "book_valuer_per_share_4q_avg": 20.21,
            "equity": 2568247,
            "current_ratio": 179.78,
            "debt_ratio": 49.05,
            "inventory_turnover_ratio": 1.65,
            "account_receivable_turnover_ratio": null,
            "reinvestment_rate": null,
            "research_to_sale_ratio": null,
            "price_fair": 54,
            "eps_avg_yearly": 5.4,
            "eps_latest_yearly": 5.4,
            "eps_growth_yearly": 0
        },
        "20022": {
            "year_quarter": 20022,
            "year": 2002,
            "quarter": 2,
            "eps": 1.54,
            "eps_growth_year": 52.48,
            "eps_4q": 5.35,
            "eps_4q_growth_year": 7.59,
            "roe": 7.06,
            "roe_4q": 25.2,
            "gross_profit": 345782,
            "gross_margin": 18.55,
            "gross_margin_4q_avg": 17.85,
            "net_income": 178577,
            "net_income_4q": null,
            "revenue": 1864345,
            "revenue_4q": null,
            "common_shares": 1160884,
            "book_valuer_per_share": 21.48,
            "book_valuer_per_share_4q_avg": 20.99,
            "equity": 2493207,
            "current_ratio": 163.64,
            "debt_ratio": 50.57,
            "inventory_turnover_ratio": 2.09,
            "account_receivable_turnover_ratio": null,
            "reinvestment_rate": null,
            "research_to_sale_ratio": null,
            "price_fair": 202.3,
            "eps_avg_yearly": 5.78,
            "eps_latest_yearly": 6.16,
            "eps_growth_yearly": 28.15
        },
        "20023": {
            "year_quarter": 20023,
            "year": 2002,
            "quarter": 3,
            "eps": 1.35,
            "eps_growth_year": 14.41,
            "eps_4q": 4.92,
            "eps_4q_growth_year": 2.87,
            "roe": 7.12,
            "roe_4q": 26.270000000000003,
            "gross_profit": 383309,
            "gross_margin": 20.49,
            "gross_margin_4q_avg": 18.55,
            "net_income": 184176,
            "net_income_4q": null,
            "revenue": 1870900,
            "revenue_4q": null,
            "common_shares": 1365017,
            "book_valuer_per_share": 19.66,
            "book_valuer_per_share_4q_avg": 21.01,
            "equity": 2683900,
            "current_ratio": 156.66,
            "debt_ratio": 51.66,
            "inventory_turnover_ratio": 1.9,
            "account_receivable_turnover_ratio": null,
            "reinvestment_rate": null,
            "research_to_sale_ratio": null,
            "price_fair": 69.62,
            "eps_avg_yearly": 5.65,
            "eps_latest_yearly": 5.4,
            "eps_growth_yearly": 2.32
        },
        "20024": {
            "year_quarter": 20024,
            "year": 2002,
            "quarter": 4,
            "eps": 0.95,
            "eps_growth_year": -29.63,
            "eps_4q": 4.73,
            "eps_4q_growth_year": -2.3,
            "roe": 4.32,
            "roe_4q": 24.44,
            "gross_profit": 345436,
            "gross_margin": 17.96,
            "gross_margin_4q_avg": 18.48,
            "net_income": 130472,
            "net_income_4q": null,
            "revenue": 1923017,
            "revenue_4q": null,
            "common_shares": 1465017,
            "book_valuer_per_share": 22.73,
            "book_valuer_per_share_4q_avg": 21.5,
            "equity": 3350888,
            "current_ratio": 174.6,
            "debt_ratio": 48.75,
            "inventory_turnover_ratio": 1.55,
            "account_receivable_turnover_ratio": null,
            "reinvestment_rate": null,
            "research_to_sale_ratio": null,
            "price_fair": 15.57,
            "eps_avg_yearly": 5.19,
            "eps_latest_yearly": 3.8,
            "eps_growth_yearly": -27.89
        },
        "20031": {
            "year_quarter": 20031,
            "year": 2003,
            "quarter": 1,
            "eps": 1.59,
            "eps_growth_year": 17.78,
            "eps_4q": 4.96,
            "eps_4q_growth_year": 3.65,
            "roe": 6.73,
            "roe_4q": 25.23,
            "gross_profit": 297381,
            "gross_margin": 16.74,
            "gross_margin_4q_avg": 18.44,
            "net_income": 232926,
            "net_income_4q": null,
            "revenue": 1776442,
            "revenue_4q": null,
            "common_shares": 1465017,
            "book_valuer_per_share": 24.36,
            "book_valuer_per_share_4q_avg": 22.06,
            "equity": 3568745,
            "current_ratio": 190.19,
            "debt_ratio": 42.03,
            "inventory_turnover_ratio": 1.39,
            "account_receivable_turnover_ratio": null,
            "reinvestment_rate": null,
            "research_to_sale_ratio": null,
            "price_fair": 189.84,
            "eps_avg_yearly": 5.42,
            "eps_latest_yearly": 6.36,
            "eps_growth_yearly": 31.58
        },
        "20032": {
            "year_quarter": 20032,
            "year": 2003,
            "quarter": 2,
            "eps": 1.03,
            "eps_growth_year": -33.12,
            "eps_4q": 4.75,
            "eps_4q_growth_year": -11.29,
            "roe": 4.37,
            "roe_4q": 22.540000000000003,
            "gross_profit": 331207,
            "gross_margin": 17.25,
            "gross_margin_4q_avg": 18.11,
            "net_income": 151624,
            "net_income_4q": null,
            "revenue": 1919517,
            "revenue_4q": null,
            "common_shares": 1465017,
            "book_valuer_per_share": 23.05,
            "book_valuer_per_share_4q_avg": 22.45,
            "equity": 3376633,
            "current_ratio": 170.97,
            "debt_ratio": 46.9,
            "inventory_turnover_ratio": 1.75,
            "account_receivable_turnover_ratio": null,
            "reinvestment_rate": 17.74,
            "research_to_sale_ratio": null,
            "price_fair": 66.84,
            "eps_avg_yearly": 5.21,
            "eps_latest_yearly": 4.12,
            "eps_growth_yearly": 2.84
        },
        "20033": {
            "year_quarter": 20033,
            "year": 2003,
            "quarter": 3,
            "eps": 0.95,
            "eps_growth_year": -29.63,
            "eps_4q": 4.08,
            "eps_4q_growth_year": -17.07,
            "roe": 4.52,
            "roe_4q": 19.94,
            "gross_profit": 327452,
            "gross_margin": 15.52,
            "gross_margin_4q_avg": 16.87,
            "net_income": 156113,
            "net_income_4q": null,
            "revenue": 2110040,
            "revenue_4q": null,
            "common_shares": 1646518,
            "book_valuer_per_share": 21.43,
            "book_valuer_per_share_4q_avg": 22.89,
            "equity": 3527819,
            "current_ratio": 182.61,
            "debt_ratio": 44.06,
            "inventory_turnover_ratio": 2.01,
            "account_receivable_turnover_ratio": null,
            "reinvestment_rate": 3.28,
            "research_to_sale_ratio": null,
            "price_fair": 15.02,
            "eps_avg_yearly": 5.01,
            "eps_latest_yearly": 3.8,
            "eps_growth_yearly": -2.01
        },
        "20034": {
            "year_quarter": 20034,
            "year": 2003,
            "quarter": 4,
            "eps": 1.52,
            "eps_growth_year": 60,
            "eps_4q": 4.8,
            "eps_4q_growth_year": 1.45,
            "roe": 6.77,
            "roe_4q": 22.39,
            "gross_profit": 349203,
            "gross_margin": 15.97,
            "gross_margin_4q_avg": 16.37,
            "net_income": 250704,
            "net_income_4q": null,
            "revenue": 2186041,
            "revenue_4q": null,
            "common_shares": 1646519,
            "book_valuer_per_share": 22.9,
            "book_valuer_per_share_4q_avg": 22.94,
            "equity": 3875478,
            "current_ratio": 167.06,
            "debt_ratio": 51.57,
            "inventory_turnover_ratio": 1.69,
            "account_receivable_turnover_ratio": null,
            "reinvestment_rate": 6.88,
            "research_to_sale_ratio": null,
            "price_fair": 179.9,
            "eps_avg_yearly": 5.14,
            "eps_latest_yearly": 6.08,
            "eps_growth_yearly": 28.24
        },
        "20041": {
            "year_quarter": 20041,
            "year": 2004,
            "quarter": 1,
            "eps": 1.56,
            "eps_growth_year": -1.89,
            "eps_4q": 4.94,
            "eps_4q_growth_year": -0.25,
            "roe": 6.52,
            "roe_4q": 22.18,
            "gross_profit": 346192,
            "gross_margin": 16.43,
            "gross_margin_4q_avg": 16.29,
            "net_income": 257387,
            "net_income_4q": null,
            "revenue": 2107248,
            "revenue_4q": null,
            "common_shares": 1646519,
            "book_valuer_per_share": 24.38,
            "book_valuer_per_share_4q_avg": 22.94,
            "equity": 4014992,
            "current_ratio": 186.19,
            "debt_ratio": 42.56,
            "inventory_turnover_ratio": 1.54,
            "account_receivable_turnover_ratio": null,
            "reinvestment_rate": 2.65,
            "research_to_sale_ratio": null,
            "price_fair": 184.18,
            "eps_avg_yearly": 5.26,
            "eps_latest_yearly": 6.24,
            "eps_growth_yearly": 26.28
        },
        "20042": {
            "year_quarter": 20042,
            "year": 2004,
            "quarter": 2,
            "eps": 1.17,
            "eps_growth_year": 13.59,
            "eps_4q": 4.89,
            "eps_4q_growth_year": 2.96,
            "roe": 5.42,
            "roe_4q": 23.23,
            "gross_profit": 392759,
            "gross_margin": 15.78,
            "gross_margin_4q_avg": 15.93,
            "net_income": 208877,
            "net_income_4q": null,
            "revenue": 2489082,
            "revenue_4q": null,
            "common_shares": 1646519,
            "book_valuer_per_share": 22.45,
            "book_valuer_per_share_4q_avg": 22.79,
            "equity": 3695644,
            "current_ratio": 155.24,
            "debt_ratio": 50.93,
            "inventory_turnover_ratio": 2.02,
            "account_receivable_turnover_ratio": null,
            "reinvestment_rate": 2.53,
            "research_to_sale_ratio": null,
            "price_fair": 123.06,
            "eps_avg_yearly": 5.2,
            "eps_latest_yearly": 4.68,
            "eps_growth_yearly": 13.65
        },
        "20043": {
            "year_quarter": 20043,
            "year": 2004,
            "quarter": 3,
            "eps": 1.93,
            "eps_growth_year": 103.16,
            "eps_4q": 6.01,
            "eps_4q_growth_year": 47.21,
            "roe": 8.91,
            "roe_4q": 27.62,
            "gross_profit": 404274,
            "gross_margin": 15.92,
            "gross_margin_4q_avg": 16.03,
            "net_income": 338978,
            "net_income_4q": null,
            "revenue": 2539952,
            "revenue_4q": null,
            "common_shares": 1737519,
            "book_valuer_per_share": 22.53,
            "book_valuer_per_share_4q_avg": 23.07,
            "equity": 3914724,
            "current_ratio": 147.83,
            "debt_ratio": 46.19,
            "inventory_turnover_ratio": 1.98,
            "account_receivable_turnover_ratio": null,
            "reinvestment_rate": 2.46,
            "research_to_sale_ratio": null,
            "price_fair": 190.15,
            "eps_avg_yearly": 5.43,
            "eps_latest_yearly": 7.72,
            "eps_growth_yearly": 36.03
        },
        "20044": {
            "year_quarter": 20044,
            "year": 2004,
            "quarter": 4,
            "eps": 1.12,
            "eps_growth_year": -26.32,
            "eps_4q": 5.7,
            "eps_4q_growth_year": 18.74,
            "roe": 4.89,
            "roe_4q": 25.74,
            "gross_profit": 382700,
            "gross_margin": 16.24,
            "gross_margin_4q_avg": 16.09,
            "net_income": 197028,
            "net_income_4q": null,
            "revenue": 2356842,
            "revenue_4q": null,
            "common_shares": 1737519,
            "book_valuer_per_share": 23.36,
            "book_valuer_per_share_4q_avg": 23.18,
            "equity": 4142509,
            "current_ratio": 151.22,
            "debt_ratio": 50.17,
            "inventory_turnover_ratio": 1.38,
            "account_receivable_turnover_ratio": null,
            "reinvestment_rate": 5.01,
            "research_to_sale_ratio": null,
            "price_fair": 155.44,
            "eps_avg_yearly": 5.35,
            "eps_latest_yearly": 4.48,
            "eps_growth_yearly": 19.04
        },
        "20051": {
            "year_quarter": 20051,
            "year": 2005,
            "quarter": 1,
            "eps": 1.52,
            "eps_growth_year": -2.56,
            "eps_4q": 5.81,
            "eps_4q_growth_year": 17.57,
            "roe": 6.23,
            "roe_4q": 25.450000000000003,
            "gross_profit": 367225,
            "gross_margin": 14.42,
            "gross_margin_4q_avg": 15.59,
            "net_income": 263707,
            "net_income_4q": null,
            "revenue": 2546134,
            "revenue_4q": null,
            "common_shares": 1737519,
            "book_valuer_per_share": 24.91,
            "book_valuer_per_share_4q_avg": 23.31,
            "equity": 4327439,
            "current_ratio": 146.3,
            "debt_ratio": 43.74,
            "inventory_turnover_ratio": 1.51,
            "account_receivable_turnover_ratio": null,
            "reinvestment_rate": 2.44,
            "research_to_sale_ratio": null,
            "price_fair": 189.32,
            "eps_avg_yearly": 5.41,
            "eps_latest_yearly": 6.08,
            "eps_growth_yearly": 28.56
        },
        "20052": {
            "year_quarter": 20052,
            "year": 2005,
            "quarter": 2,
            "eps": 2.03,
            "eps_growth_year": 73.5,
            "eps_4q": 6.31,
            "eps_4q_growth_year": 28.96,
            "roe": 8.99,
            "roe_4q": 29.02,
            "gross_profit": 421406,
            "gross_margin": 14.93,
            "gross_margin_4q_avg": 15.38,
            "net_income": 379576,
            "net_income_4q": null,
            "revenue": 2821848,
            "revenue_4q": null,
            "common_shares": 1737519,
            "book_valuer_per_share": 23.69,
            "book_valuer_per_share_4q_avg": 23.62,
            "equity": 4115506,
            "current_ratio": 132.85,
            "debt_ratio": 49.01,
            "inventory_turnover_ratio": 2.32,
            "account_receivable_turnover_ratio": null,
            "reinvestment_rate": 2.69,
            "research_to_sale_ratio": null,
            "price_fair": 196.1,
            "eps_avg_yearly": 5.6,
            "eps_latest_yearly": 8.12,
            "eps_growth_yearly": 36.11
        },
        "20053": {
            "year_quarter": 20053,
            "year": 2005,
            "quarter": 3,
            "eps": 1.66,
            "eps_growth_year": -13.99,
            "eps_4q": 6.12,
            "eps_4q_growth_year": 1.85,
            "roe": 6.91,
            "roe_4q": 27.020000000000003,
            "gross_profit": 434885,
            "gross_margin": 14.88,
            "gross_margin_4q_avg": 15.12,
            "net_income": 312530,
            "net_income_4q": null,
            "revenue": 2921867,
            "revenue_4q": null,
            "common_shares": 1957283,
            "book_valuer_per_share": 25.18,
            "book_valuer_per_share_4q_avg": 24.29,
            "equity": 4929042,
            "current_ratio": 161.34,
            "debt_ratio": 41.05,
            "inventory_turnover_ratio": 2.41,
            "account_receivable_turnover_ratio": null,
            "reinvestment_rate": 2.54,
            "research_to_sale_ratio": null,
            "price_fair": 198.52,
            "eps_avg_yearly": 5.67,
            "eps_latest_yearly": 6.64,
            "eps_growth_yearly": 28.84
        },
        "20054": {
            "year_quarter": 20054,
            "year": 2005,
            "quarter": 4,
            "eps": 1.41,
            "eps_growth_year": 25.89,
            "eps_4q": 6.42,
            "eps_4q_growth_year": 12.67,
            "roe": 4.62,
            "roe_4q": 26.750000000000004,
            "gross_profit": 459261,
            "gross_margin": 15,
            "gross_margin_4q_avg": 14.81,
            "net_income": 269042,
            "net_income_4q": null,
            "revenue": 3061189,
            "revenue_4q": null,
            "common_shares": 1964950,
            "book_valuer_per_share": 26.73,
            "book_valuer_per_share_4q_avg": 25.13,
            "equity": 6729135,
            "current_ratio": 159.44,
            "debt_ratio": 51.31,
            "inventory_turnover_ratio": 1.41,
            "account_receivable_turnover_ratio": null,
            "reinvestment_rate": 32.87,
            "research_to_sale_ratio": null,
            "price_fair": 188.65,
            "eps_avg_yearly": 5.67,
            "eps_latest_yearly": 5.64,
            "eps_growth_yearly": 23.27
        },
        "20061": {
            "year_quarter": 20061,
            "year": 2006,
            "quarter": 1,
            "eps": 2.5,
            "eps_growth_year": 64.47,
            "eps_4q": 7.4,
            "eps_4q_growth_year": 27.24,
            "roe": 7.85,
            "roe_4q": 28.369999999999997,
            "gross_profit": 438920,
            "gross_margin": 14.01,
            "gross_margin_4q_avg": 14.71,
            "net_income": 490669,
            "net_income_4q": null,
            "revenue": 3131947,
            "revenue_4q": null,
            "common_shares": 1964951,
            "book_valuer_per_share": 29.37,
            "book_valuer_per_share_4q_avg": 26.24,
            "equity": 5770320,
            "current_ratio": 170.81,
            "debt_ratio": 37.45,
            "inventory_turnover_ratio": 1.41,
            "account_receivable_turnover_ratio": null,
            "reinvestment_rate": 2.63,
            "research_to_sale_ratio": null,
            "price_fair": 208.51,
            "eps_avg_yearly": 5.96,
            "eps_latest_yearly": 10,
            "eps_growth_yearly": 42.6
        },
        "20062": {
            "year_quarter": 20062,
            "year": 2006,
            "quarter": 2,
            "eps": 1.53,
            "eps_growth_year": -24.63,
            "eps_4q": 6.66,
            "eps_4q_growth_year": 5.58,
            "roe": 5.77,
            "roe_4q": 25.15,
            "gross_profit": 502646,
            "gross_margin": 15.16,
            "gross_margin_4q_avg": 14.76,
            "net_income": 319882,
            "net_income_4q": null,
            "revenue": 3316104,
            "revenue_4q": null,
            "common_shares": 2093549,
            "book_valuer_per_share": 25.36,
            "book_valuer_per_share_4q_avg": 26.66,
            "equity": 5309116,
            "current_ratio": 140.14,
            "debt_ratio": 46.51,
            "inventory_turnover_ratio": 2.36,
            "account_receivable_turnover_ratio": null,
            "reinvestment_rate": 2.47,
            "research_to_sale_ratio": null,
            "price_fair": 208.43,
            "eps_avg_yearly": 5.96,
            "eps_latest_yearly": 6.12,
            "eps_growth_yearly": 29.38
        },
        "20063": {
            "year_quarter": 20063,
            "year": 2006,
            "quarter": 3,
            "eps": 1.65,
            "eps_growth_year": -0.6,
            "eps_4q": 6.82,
            "eps_4q_growth_year": 11.39,
            "roe": 6.28,
            "roe_4q": 24.52,
            "gross_profit": 504556,
            "gross_margin": 13.92,
            "gross_margin_4q_avg": 14.52,
            "net_income": 344505,
            "net_income_4q": null,
            "revenue": 3624775,
            "revenue_4q": null,
            "common_shares": 2093549,
            "book_valuer_per_share": 27.01,
            "book_valuer_per_share_4q_avg": 27.12,
            "equity": 5654947,
            "current_ratio": 151.95,
            "debt_ratio": 42.74,
            "inventory_turnover_ratio": 2.58,
            "account_receivable_turnover_ratio": null,
            "reinvestment_rate": 0.91,
            "research_to_sale_ratio": null,
            "price_fair": 211.05,
            "eps_avg_yearly": 6.03,
            "eps_latest_yearly": 6.6,
            "eps_growth_yearly": 34.42
        },
        "20064": {
            "year_quarter": 20064,
            "year": 2006,
            "quarter": 4,
            "eps": 1.01,
            "eps_growth_year": -28.37,
            "eps_4q": 6.53,
            "eps_4q_growth_year": 1.78,
            "roe": 3.54,
            "roe_4q": 23.439999999999998,
            "gross_profit": 461852,
            "gross_margin": 14.43,
            "gross_margin_4q_avg": 14.38,
            "net_income": 211212,
            "net_income_4q": null,
            "revenue": 3199988,
            "revenue_4q": null,
            "common_shares": 2093548,
            "book_valuer_per_share": 28.91,
            "book_valuer_per_share_4q_avg": 27.66,
            "equity": 6270333,
            "current_ratio": 156.87,
            "debt_ratio": 48.62,
            "inventory_turnover_ratio": 1.45,
            "account_receivable_turnover_ratio": null,
            "reinvestment_rate": 5.09,
            "research_to_sale_ratio": null,
            "price_fair": 211.58,
            "eps_avg_yearly": 6.05,
            "eps_latest_yearly": 4.04,
            "eps_growth_yearly": 32.14
        },
        "20071": {
            "year_quarter": 20071,
            "year": 2007,
            "quarter": 1,
            "eps": 1.67,
            "eps_growth_year": -33.2,
            "eps_4q": 5.85,
            "eps_4q_growth_year": -20.97,
            "roe": 5.53,
            "roe_4q": 21.12,
            "gross_profit": 449241,
            "gross_margin": 13.56,
            "gross_margin_4q_avg": 14.27,
            "net_income": 350145,
            "net_income_4q": null,
            "revenue": 3314159,
            "revenue_4q": null,
            "common_shares": 2093548,
            "book_valuer_per_share": 30.57,
            "book_valuer_per_share_4q_avg": 27.96,
            "equity": 6399383,
            "current_ratio": 157.55,
            "debt_ratio": 39.53,
            "inventory_turnover_ratio": 1.44,
            "account_receivable_turnover_ratio": null,
            "reinvestment_rate": 1.71,
            "research_to_sale_ratio": null,
            "price_fair": 212.28,
            "eps_avg_yearly": 6.07,
            "eps_latest_yearly": 6.68,
            "eps_growth_yearly": 31.63
        },
        "20072": {
            "year_quarter": 20072,
            "year": 2007,
            "quarter": 2,
            "eps": 1.59,
            "eps_growth_year": 3.92,
            "eps_4q": 5.73,
            "eps_4q_growth_year": -13.95,
            "roe": 5.79,
            "roe_4q": 21.14,
            "gross_profit": 603105,
            "gross_margin": 14.88,
            "gross_margin_4q_avg": 14.2,
            "net_income": 347909,
            "net_income_4q": null,
            "revenue": 4053133,
            "revenue_4q": null,
            "common_shares": 2093549,
            "book_valuer_per_share": 26.88,
            "book_valuer_per_share_4q_avg": 28.34,
            "equity": 5627900,
            "current_ratio": 127.7,
            "debt_ratio": 48.67,
            "inventory_turnover_ratio": 2.37,
            "account_receivable_turnover_ratio": null,
            "reinvestment_rate": 2.04,
            "research_to_sale_ratio": null,
            "price_fair": 217.18,
            "eps_avg_yearly": 6.21,
            "eps_latest_yearly": 6.36,
            "eps_growth_yearly": 39.24
        },
        "20073": {
            "year_quarter": 20073,
            "year": 2007,
            "quarter": 3,
            "eps": 1.98,
            "eps_growth_year": 20,
            "eps_4q": 6.14,
            "eps_4q_growth_year": -9.93,
            "roe": 7.47,
            "roe_4q": 22.33,
            "gross_profit": 622041,
            "gross_margin": 13.39,
            "gross_margin_4q_avg": 14.07,
            "net_income": 432395,
            "net_income_4q": null,
            "revenue": 4646812,
            "revenue_4q": null,
            "common_shares": 2196355,
            "book_valuer_per_share": 27.1,
            "book_valuer_per_share_4q_avg": 28.37,
            "equity": 5952564,
            "current_ratio": 134.52,
            "debt_ratio": 47.96,
            "inventory_turnover_ratio": 2.56,
            "account_receivable_turnover_ratio": null,
            "reinvestment_rate": 6.66,
            "research_to_sale_ratio": null,
            "price_fair": 226.19,
            "eps_avg_yearly": 6.46,
            "eps_latest_yearly": 7.92,
            "eps_growth_yearly": 47.31
        },
        "20074": {
            "year_quarter": 20074,
            "year": 2007,
            "quarter": 4,
            "eps": 1.48,
            "eps_growth_year": 46.53,
            "eps_4q": 6.68,
            "eps_4q_growth_year": 2.28,
            "roe": 5.1,
            "roe_4q": 23.89,
            "gross_profit": 639499,
            "gross_margin": 12.25,
            "gross_margin_4q_avg": 13.52,
            "net_income": 321580,
            "net_income_4q": null,
            "revenue": 5221587,
            "revenue_4q": null,
            "common_shares": 2196355,
            "book_valuer_per_share": 28.99,
            "book_valuer_per_share_4q_avg": 28.39,
            "equity": 6651748,
            "current_ratio": 144.79,
            "debt_ratio": 55.22,
            "inventory_turnover_ratio": 1.73,
            "account_receivable_turnover_ratio": null,
            "reinvestment_rate": 10.1,
            "research_to_sale_ratio": null,
            "price_fair": 225.84,
            "eps_avg_yearly": 6.45,
            "eps_latest_yearly": 5.92,
            "eps_growth_yearly": 26
        },
        "20081": {
            "year_quarter": 20081,
            "year": 2008,
            "quarter": 1,
            "eps": 1.41,
            "eps_growth_year": -15.57,
            "eps_4q": 6.27,
            "eps_4q_growth_year": 7.26,
            "roe": 4.68,
            "roe_4q": 23.04,
            "gross_profit": 790531,
            "gross_margin": 12.96,
            "gross_margin_4q_avg": 13.37,
            "net_income": 316626,
            "net_income_4q": null,
            "revenue": 6098059,
            "revenue_4q": null,
            "common_shares": 2196355,
            "book_valuer_per_share": 29.95,
            "book_valuer_per_share_4q_avg": 28.23,
            "equity": 6865847,
            "current_ratio": 151.51,
            "debt_ratio": 51.91,
            "inventory_turnover_ratio": 1.43,
            "account_receivable_turnover_ratio": null,
            "reinvestment_rate": 11.83,
            "research_to_sale_ratio": null,
            "price_fair": 219.12,
            "eps_avg_yearly": 6.42,
            "eps_latest_yearly": 5.64,
            "eps_growth_yearly": 24.16
        },
        "20082": {
            "year_quarter": 20082,
            "year": 2008,
            "quarter": 2,
            "eps": 1.03,
            "eps_growth_year": -35.22,
            "eps_4q": 5.69,
            "eps_4q_growth_year": -0.75,
            "roe": 3.56,
            "roe_4q": 20.81,
            "gross_profit": 800036,
            "gross_margin": 11.71,
            "gross_margin_4q_avg": 12.58,
            "net_income": 232476,
            "net_income_4q": null,
            "revenue": 6832654,
            "revenue_4q": null,
            "common_shares": 2196355,
            "book_valuer_per_share": 26.94,
            "book_valuer_per_share_4q_avg": 28.25,
            "equity": 6208540,
            "current_ratio": 132.96,
            "debt_ratio": 59.78,
            "inventory_turnover_ratio": 1.63,
            "account_receivable_turnover_ratio": null,
            "reinvestment_rate": 12.08,
            "research_to_sale_ratio": null,
            "price_fair": 214.82,
            "eps_avg_yearly": 6.38,
            "eps_latest_yearly": 4.12,
            "eps_growth_yearly": 23.67
        },
        "20083": {
            "year_quarter": 20083,
            "year": 2008,
            "quarter": 3,
            "eps": 1.45,
            "eps_growth_year": -26.77,
            "eps_4q": 4.94,
            "eps_4q_growth_year": -19.53,
            "roe": 5.36,
            "roe_4q": 18.7,
            "gross_profit": 930491,
            "gross_margin": 14.06,
            "gross_margin_4q_avg": 12.75,
            "net_income": 345962,
            "net_income_4q": null,
            "revenue": 6619641,
            "revenue_4q": null,
            "common_shares": 2301340,
            "book_valuer_per_share": 27.69,
            "book_valuer_per_share_4q_avg": 28.39,
            "equity": 6700017,
            "current_ratio": 135.96,
            "debt_ratio": 59.4,
            "inventory_turnover_ratio": 1.46,
            "account_receivable_turnover_ratio": null,
            "reinvestment_rate": 10.75,
            "research_to_sale_ratio": null,
            "price_fair": 172.93,
            "eps_avg_yearly": 6.26,
            "eps_latest_yearly": 5.8,
            "eps_growth_yearly": 17.62
        },
        "20084": {
            "year_quarter": 20084,
            "year": 2008,
            "quarter": 4,
            "eps": -0.57,
            "eps_growth_year": -138.51,
            "eps_4q": 3.03,
            "eps_4q_growth_year": -54.65,
            "roe": -1.86,
            "roe_4q": 11.74,
            "gross_profit": 472435,
            "gross_margin": 10.02,
            "gross_margin_4q_avg": 12.19,
            "net_income": -123483,
            "net_income_4q": null,
            "revenue": 4714724,
            "revenue_4q": null,
            "common_shares": 2301340,
            "book_valuer_per_share": 27.27,
            "book_valuer_per_share_4q_avg": 27.96,
            "equity": 6610451,
            "current_ratio": 147.16,
            "debt_ratio": 53.1,
            "inventory_turnover_ratio": 1.1,
            "account_receivable_turnover_ratio": 1.94,
            "reinvestment_rate": 10.87,
            "research_to_sale_ratio": null,
            "price_fair": 223.25,
            "eps_avg_yearly": 6.38,
            "eps_latest_yearly": 5.8,
            "eps_growth_yearly": 29.99
        },
        "20091": {
            "year_quarter": 20091,
            "year": 2009,
            "quarter": 1,
            "eps": 0.3,
            "eps_growth_year": -78.72,
            "eps_4q": 2.11,
            "eps_4q_growth_year": -66.35,
            "roe": 1.04,
            "roe_4q": 8.1,
            "gross_profit": 403033,
            "gross_margin": 11.66,
            "gross_margin_4q_avg": 11.86,
            "net_income": 69827,
            "net_income_4q": null,
            "revenue": 3457311,
            "revenue_4q": null,
            "common_shares": 2301340,
            "book_valuer_per_share": 28.07,
            "book_valuer_per_share_4q_avg": 27.49,
            "equity": 6807043,
            "current_ratio": 159.76,
            "debt_ratio": 47.47,
            "inventory_turnover_ratio": 0.97,
            "account_receivable_turnover_ratio": 0.76,
            "reinvestment_rate": 13.07,
            "research_to_sale_ratio": null,
            "price_fair": 204.35,
            "eps_avg_yearly": 6.4,
            "eps_latest_yearly": 5.8,
            "eps_growth_yearly": 21.93
        },
        "20092": {
            "year_quarter": 20092,
            "year": 2009,
            "quarter": 2,
            "eps": 1.12,
            "eps_growth_year": 8.74,
            "eps_4q": 2.2,
            "eps_4q_growth_year": -61.27,
            "roe": 3.93,
            "roe_4q": 8.47,
            "gross_profit": 583817,
            "gross_margin": 12.15,
            "gross_margin_4q_avg": 11.97,
            "net_income": 266094,
            "net_income_4q": null,
            "revenue": 4806612,
            "revenue_4q": null,
            "common_shares": 2301340,
            "book_valuer_per_share": 27.72,
            "book_valuer_per_share_4q_avg": 27.69,
            "equity": 6726105,
            "current_ratio": 173.87,
            "debt_ratio": 51.85,
            "inventory_turnover_ratio": 1.65,
            "account_receivable_turnover_ratio": 1.01,
            "reinvestment_rate": 12.12,
            "research_to_sale_ratio": null,
            "price_fair": 214.9,
            "eps_avg_yearly": 6.14,
            "eps_latest_yearly": 4.48,
            "eps_growth_yearly": 90.44
        },
        "20093": {
            "year_quarter": 20093,
            "year": 2009,
            "quarter": 3,
            "eps": 1.23,
            "eps_growth_year": -15.17,
            "eps_4q": 1.98,
            "eps_4q_growth_year": -59.94,
            "roe": 4.33,
            "roe_4q": 7.44,
            "gross_profit": 641892,
            "gross_margin": 11.8,
            "gross_margin_4q_avg": 11.41,
            "net_income": 297795,
            "net_income_4q": null,
            "revenue": 5440434,
            "revenue_4q": null,
            "common_shares": 2344091,
            "book_valuer_per_share": 28.5,
            "book_valuer_per_share_4q_avg": 27.89,
            "equity": 7033335,
            "current_ratio": 174.83,
            "debt_ratio": 51.47,
            "inventory_turnover_ratio": 2.08,
            "account_receivable_turnover_ratio": 0.98,
            "reinvestment_rate": 11.71,
            "research_to_sale_ratio": null,
            "price_fair": 210.6,
            "eps_avg_yearly": 6.02,
            "eps_latest_yearly": 4.92,
            "eps_growth_yearly": 98.45
        },
        "20094": {
            "year_quarter": 20094,
            "year": 2009,
            "quarter": 4,
            "eps": 0.87,
            "eps_growth_year": null,
            "eps_4q": 3.5,
            "eps_4q_growth_year": 15.49,
            "roe": 2.94,
            "roe_4q": 12.239999999999998,
            "gross_profit": 687196,
            "gross_margin": 12.45,
            "gross_margin_4q_avg": 12.02,
            "net_income": 209506,
            "net_income_4q": null,
            "revenue": 5521583,
            "revenue_4q": null,
            "common_shares": 2344091,
            "book_valuer_per_share": 29.76,
            "book_valuer_per_share_4q_avg": 28.51,
            "equity": 7242151,
            "current_ratio": 171.87,
            "debt_ratio": 51.8,
            "inventory_turnover_ratio": 2.06,
            "account_receivable_turnover_ratio": 1.97,
            "reinvestment_rate": 48.11,
            "research_to_sale_ratio": null,
            "price_fair": 205.2,
            "eps_avg_yearly": 5.86,
            "eps_latest_yearly": 3.48,
            "eps_growth_yearly": 94.39
        },
        "20101": {
            "year_quarter": 20101,
            "year": 2010,
            "quarter": 1,
            "eps": 1.58,
            "eps_growth_year": 426.67,
            "eps_4q": 4.78,
            "eps_4q_growth_year": 126.62,
            "roe": 5.17,
            "roe_4q": 16.37,
            "gross_profit": 714959,
            "gross_margin": 11.95,
            "gross_margin_4q_avg": 12.09,
            "net_income": 382930,
            "net_income_4q": null,
            "revenue": 5984862,
            "revenue_4q": null,
            "common_shares": 2344091,
            "book_valuer_per_share": 31.12,
            "book_valuer_per_share_4q_avg": 29.28,
            "equity": 7572435,
            "current_ratio": 169.72,
            "debt_ratio": 52.46,
            "inventory_turnover_ratio": 2.13,
            "account_receivable_turnover_ratio": 1.04,
            "reinvestment_rate": 77.08,
            "research_to_sale_ratio": null,
            "price_fair": 196,
            "eps_avg_yearly": 5.6,
            "eps_latest_yearly": 6.32,
            "eps_growth_yearly": 95.62
        },
        "20102": {
            "year_quarter": 20102,
            "year": 2010,
            "quarter": 2,
            "eps": 1.63,
            "eps_growth_year": 45.1,
            "eps_4q": 5.3,
            "eps_4q_growth_year": 140.81,
            "roe": 5.29,
            "roe_4q": 17.73,
            "gross_profit": 878016,
            "gross_margin": 12.59,
            "gross_margin_4q_avg": 12.2,
            "net_income": 397082,
            "net_income_4q": null,
            "revenue": 6975701,
            "revenue_4q": null,
            "common_shares": 2313901,
            "book_valuer_per_share": 30.36,
            "book_valuer_per_share_4q_avg": 29.94,
            "equity": 7428684,
            "current_ratio": 157.03,
            "debt_ratio": 56.61,
            "inventory_turnover_ratio": 2.37,
            "account_receivable_turnover_ratio": 1.08,
            "reinvestment_rate": 76.98,
            "research_to_sale_ratio": null,
            "price_fair": 197,
            "eps_avg_yearly": 5.63,
            "eps_latest_yearly": 6.52,
            "eps_growth_yearly": 107.61
        },
        "20103": {
            "year_quarter": 20103,
            "year": 2010,
            "quarter": 3,
            "eps": 1.98,
            "eps_growth_year": 61.06,
            "eps_4q": 6.05,
            "eps_4q_growth_year": 205.65,
            "roe": 6.31,
            "roe_4q": 19.71,
            "gross_profit": 864977,
            "gross_margin": 12.45,
            "gross_margin_4q_avg": 12.36,
            "net_income": 481541,
            "net_income_4q": null,
            "revenue": 6945646,
            "revenue_4q": null,
            "common_shares": 2313901,
            "book_valuer_per_share": 32,
            "book_valuer_per_share_4q_avg": 30.81,
            "equity": 7826590,
            "current_ratio": 168.12,
            "debt_ratio": 53.22,
            "inventory_turnover_ratio": 2.23,
            "account_receivable_turnover_ratio": 0.98,
            "reinvestment_rate": 78.64,
            "research_to_sale_ratio": null,
            "price_fair": 200.3,
            "eps_avg_yearly": 5.72,
            "eps_latest_yearly": 7.92,
            "eps_growth_yearly": 111.51
        },
        "20104": {
            "year_quarter": 20104,
            "year": 2010,
            "quarter": 4,
            "eps": 0.91,
            "eps_growth_year": 4.14,
            "eps_4q": 6.09,
            "eps_4q_growth_year": 74.05,
            "roe": 2.69,
            "roe_4q": 19.46,
            "gross_profit": 742448,
            "gross_margin": 10.43,
            "gross_margin_4q_avg": 11.86,
            "net_income": 210016,
            "net_income_4q": null,
            "revenue": 7117259,
            "revenue_4q": null,
            "common_shares": 2313901,
            "book_valuer_per_share": 32.04,
            "book_valuer_per_share_4q_avg": 31.38,
            "equity": 7814339,
            "current_ratio": 163.66,
            "debt_ratio": 55.32,
            "inventory_turnover_ratio": 2.05,
            "account_receivable_turnover_ratio": 0.98,
            "reinvestment_rate": 72.69,
            "research_to_sale_ratio": null,
            "price_fair": 199.3,
            "eps_avg_yearly": 5.69,
            "eps_latest_yearly": 3.64,
            "eps_growth_yearly": 107.15
        },
        "20111": {
            "year_quarter": 20111,
            "year": 2011,
            "quarter": 1,
            "eps": 1.57,
            "eps_growth_year": -0.63,
            "eps_4q": 6.09,
            "eps_4q_growth_year": 27.28,
            "roe": 4.84,
            "roe_4q": 19.13,
            "gross_profit": 918255,
            "gross_margin": 10.69,
            "gross_margin_4q_avg": 11.54,
            "net_income": 389282,
            "net_income_4q": null,
            "revenue": 8588273,
            "revenue_4q": null,
            "common_shares": 2313901,
            "book_valuer_per_share": 33.9,
            "book_valuer_per_share_4q_avg": 32.08,
            "equity": 8274620,
            "current_ratio": 158.7,
            "debt_ratio": 56.88,
            "inventory_turnover_ratio": 2.24,
            "account_receivable_turnover_ratio": 1.07,
            "reinvestment_rate": 79.63,
            "research_to_sale_ratio": null,
            "price_fair": 198.3,
            "eps_avg_yearly": 5.67,
            "eps_latest_yearly": 6.28,
            "eps_growth_yearly": 109.2
        },
        "20112": {
            "year_quarter": 20112,
            "year": 2011,
            "quarter": 2,
            "eps": 1.44,
            "eps_growth_year": -11.11,
            "eps_4q": 5.91,
            "eps_4q_growth_year": 11.36,
            "roe": 4.43,
            "roe_4q": 18.27,
            "gross_profit": 833012,
            "gross_margin": 10.15,
            "gross_margin_4q_avg": 10.93,
            "net_income": 353520,
            "net_income_4q": null,
            "revenue": 8209761,
            "revenue_4q": null,
            "common_shares": 2313901,
            "book_valuer_per_share": 31.29,
            "book_valuer_per_share_4q_avg": 32.31,
            "equity": 7686123,
            "current_ratio": 148.05,
            "debt_ratio": 60.77,
            "inventory_turnover_ratio": 2.03,
            "account_receivable_turnover_ratio": 0.93,
            "reinvestment_rate": 78.35,
            "research_to_sale_ratio": null,
            "price_fair": 196.8,
            "eps_avg_yearly": 5.62,
            "eps_latest_yearly": 5.76,
            "eps_growth_yearly": 108.2
        },
        "20113": {
            "year_quarter": 20113,
            "year": 2011,
            "quarter": 3,
            "eps": 0.99,
            "eps_growth_year": -50.2,
            "eps_4q": 4.91,
            "eps_4q_growth_year": -18.87,
            "roe": 3.05,
            "roe_4q": 15.01,
            "gross_profit": 646612,
            "gross_margin": 8.72,
            "gross_margin_4q_avg": 10,
            "net_income": 240636,
            "net_income_4q": null,
            "revenue": 7415167,
            "revenue_4q": null,
            "common_shares": 2313901,
            "book_valuer_per_share": 32.84,
            "book_valuer_per_share_4q_avg": 32.52,
            "equity": 8092526,
            "current_ratio": 162.52,
            "debt_ratio": 57.46,
            "inventory_turnover_ratio": 1.84,
            "account_receivable_turnover_ratio": 0.87,
            "reinvestment_rate": 86.29,
            "research_to_sale_ratio": null,
            "price_fair": 186.9,
            "eps_avg_yearly": 5.34,
            "eps_latest_yearly": 3.96,
            "eps_growth_yearly": 92.27
        },
        "20114": {
            "year_quarter": 20114,
            "year": 2011,
            "quarter": 4,
            "eps": 0.11,
            "eps_growth_year": -87.88,
            "eps_4q": 4.12,
            "eps_4q_growth_year": -32.45,
            "roe": 0.39,
            "roe_4q": 12.709999999999999,
            "gross_profit": 423881,
            "gross_margin": 6.05,
            "gross_margin_4q_avg": 8.9,
            "net_income": 31259,
            "net_income_4q": null,
            "revenue": 7011300,
            "revenue_4q": null,
            "common_shares": 2313901,
            "book_valuer_per_share": 32.88,
            "book_valuer_per_share_4q_avg": 32.73,
            "equity": 8108943,
            "current_ratio": 164.41,
            "debt_ratio": 57.07,
            "inventory_turnover_ratio": 1.95,
            "account_receivable_turnover_ratio": 0.88,
            "reinvestment_rate": 85.85,
            "research_to_sale_ratio": null,
            "price_fair": 173.2,
            "eps_avg_yearly": 4.95,
            "eps_latest_yearly": 0.44,
            "eps_growth_yearly": 74.08
        },
        "20121": {
            "year_quarter": 20121,
            "year": 2012,
            "quarter": 1,
            "eps": 1.04,
            "eps_growth_year": -33.76,
            "eps_4q": 3.58,
            "eps_4q_growth_year": -41.13,
            "roe": 3.02,
            "roe_4q": 10.89,
            "gross_profit": 684225,
            "gross_margin": 8.85,
            "gross_margin_4q_avg": 8.44,
            "net_income": 248063,
            "net_income_4q": null,
            "revenue": 7734099,
            "revenue_4q": null,
            "common_shares": 2313901,
            "book_valuer_per_share": 33.74,
            "book_valuer_per_share_4q_avg": 32.69,
            "equity": 8301934,
            "current_ratio": 163.14,
            "debt_ratio": 57.43,
            "inventory_turnover_ratio": 2.38,
            "account_receivable_turnover_ratio": 0.96,
            "reinvestment_rate": 89.17,
            "research_to_sale_ratio": null,
            "price_fair": 169.5,
            "eps_avg_yearly": 4.84,
            "eps_latest_yearly": 4.16,
            "eps_growth_yearly": 316.99
        },
        "20122": {
            "year_quarter": 20122,
            "year": 2012,
            "quarter": 2,
            "eps": 0.95,
            "eps_growth_year": -33.98,
            "eps_4q": 3.09,
            "eps_4q_growth_year": -47.64,
            "roe": 2.82,
            "roe_4q": 9.28,
            "gross_profit": 754901,
            "gross_margin": 9.12,
            "gross_margin_4q_avg": 8.19,
            "net_income": 230238,
            "net_income_4q": null,
            "revenue": 8279285,
            "revenue_4q": null,
            "common_shares": 2313901,
            "book_valuer_per_share": 32.43,
            "book_valuer_per_share_4q_avg": 32.97,
            "equity": 8013865,
            "current_ratio": 155.79,
            "debt_ratio": 59.79,
            "inventory_turnover_ratio": 2.85,
            "account_receivable_turnover_ratio": 0.97,
            "reinvestment_rate": 88.93,
            "research_to_sale_ratio": null,
            "price_fair": 168.7,
            "eps_avg_yearly": 4.82,
            "eps_latest_yearly": 3.8,
            "eps_growth_yearly": 322.22
        },
        "20123": {
            "year_quarter": 20123,
            "year": 2012,
            "quarter": 3,
            "eps": 1.27,
            "eps_growth_year": 29.16,
            "eps_4q": 3.38,
            "eps_4q_growth_year": -31.18,
            "roe": 3.93,
            "roe_4q": 10.16,
            "gross_profit": 779578,
            "gross_margin": 10.11,
            "gross_margin_4q_avg": 8.53,
            "net_income": 319983,
            "net_income_4q": null,
            "revenue": 7709420,
            "revenue_4q": null,
            "common_shares": 2313901,
            "book_valuer_per_share": 33.48,
            "book_valuer_per_share_4q_avg": 33.13,
            "equity": 8267269,
            "current_ratio": 165.31,
            "debt_ratio": 56.84,
            "inventory_turnover_ratio": 2.73,
            "account_receivable_turnover_ratio": 0.92,
            "reinvestment_rate": 92.75,
            "research_to_sale_ratio": null,
            "price_fair": 166.9,
            "eps_avg_yearly": 4.77,
            "eps_latest_yearly": 5.08,
            "eps_growth_yearly": 320.2
        },
        "20124": {
            "year_quarter": 20124,
            "year": 2012,
            "quarter": 4,
            "eps": 0.97,
            "eps_growth_year": 783.41,
            "eps_4q": 4.24,
            "eps_4q_growth_year": 3.03,
            "roe": 2.87,
            "roe_4q": 12.64,
            "gross_profit": 639181,
            "gross_margin": 8.17,
            "gross_margin_4q_avg": 9.06,
            "net_income": 241911,
            "net_income_4q": null,
            "revenue": 7822470,
            "revenue_4q": null,
            "common_shares": 2313901,
            "book_valuer_per_share": 34.75,
            "book_valuer_per_share_4q_avg": 33.6,
            "equity": 8615598,
            "current_ratio": 162.2,
            "debt_ratio": 57.19,
            "inventory_turnover_ratio": 2.79,
            "account_receivable_turnover_ratio": 0.94,
            "reinvestment_rate": 90.67,
            "research_to_sale_ratio": null,
            "price_fair": 164.83,
            "eps_avg_yearly": 4.71,
            "eps_latest_yearly": 3.88,
            "eps_growth_yearly": 292.55
        },
        "20131": {
            "year_quarter": 20131,
            "year": 2013,
            "quarter": 1,
            "eps": 1.24,
            "eps_growth_year": 19.23,
            "eps_4q": 4.44,
            "eps_4q_growth_year": 23.8,
            "roe": 3.34,
            "roe_4q": 12.96,
            "gross_profit": 671404,
            "gross_margin": 8.8,
            "gross_margin_4q_avg": 9.05,
            "net_income": 299142,
            "net_income_4q": null,
            "revenue": 7625467,
            "revenue_4q": null,
            "common_shares": 2313901,
            "book_valuer_per_share": 37.55,
            "book_valuer_per_share_4q_avg": 34.55,
            "equity": 9292161,
            "current_ratio": 160.89,
            "debt_ratio": 55.87,
            "inventory_turnover_ratio": 2.61,
            "account_receivable_turnover_ratio": 0.89,
            "reinvestment_rate": 102.01,
            "research_to_sale_ratio": null,
            "price_fair": 165.38,
            "eps_avg_yearly": 4.73,
            "eps_latest_yearly": 4.96,
            "eps_growth_yearly": 281.22
        },
        "20132": {
            "year_quarter": 20132,
            "year": 2013,
            "quarter": 2,
            "eps": 1.12,
            "eps_growth_year": 17.44,
            "eps_4q": 4.61,
            "eps_4q_growth_year": 48.95,
            "roe": 3.07,
            "roe_4q": 13.21,
            "gross_profit": 773736,
            "gross_margin": 8.86,
            "gross_margin_4q_avg": 8.99,
            "net_income": 280591,
            "net_income_4q": null,
            "revenue": 8737838,
            "revenue_4q": null,
            "common_shares": 2313901,
            "book_valuer_per_share": 36.1,
            "book_valuer_per_share_4q_avg": 35.47,
            "equity": 9014920,
            "current_ratio": 155.3,
            "debt_ratio": 57.84,
            "inventory_turnover_ratio": 2.91,
            "account_receivable_turnover_ratio": 0.98,
            "reinvestment_rate": 102.57,
            "research_to_sale_ratio": null,
            "price_fair": 165.38,
            "eps_avg_yearly": 4.73,
            "eps_latest_yearly": 4.48,
            "eps_growth_yearly": 210.47
        },
        "20133": {
            "year_quarter": 20133,
            "year": 2013,
            "quarter": 3,
            "eps": 1.35,
            "eps_growth_year": 5.95,
            "eps_4q": 4.68,
            "eps_4q_growth_year": 38.59,
            "roe": 3.71,
            "roe_4q": 12.989999999999998,
            "gross_profit": 850777,
            "gross_margin": 9.32,
            "gross_margin_4q_avg": 8.79,
            "net_income": 339876,
            "net_income_4q": null,
            "revenue": 9127265,
            "revenue_4q": null,
            "common_shares": 2313901,
            "book_valuer_per_share": 37.28,
            "book_valuer_per_share_4q_avg": 36.42,
            "equity": 9307702,
            "current_ratio": 155.56,
            "debt_ratio": 58.18,
            "inventory_turnover_ratio": 2.97,
            "account_receivable_turnover_ratio": 0.97,
            "reinvestment_rate": 106.26,
            "research_to_sale_ratio": null,
            "price_fair": 166.43,
            "eps_avg_yearly": 4.76,
            "eps_latest_yearly": 5.4,
            "eps_growth_yearly": 213.15
        },
        "20134": {
            "year_quarter": 20134,
            "year": 2013,
            "quarter": 4,
            "eps": 1.3,
            "eps_growth_year": 33.65,
            "eps_4q": 5.01,
            "eps_4q_growth_year": 18.18,
            "roe": 3.37,
            "roe_4q": 13.49,
            "gross_profit": 808228,
            "gross_margin": 9.07,
            "gross_margin_4q_avg": 9.01,
            "net_income": 319414,
            "net_income_4q": null,
            "revenue": 8907828,
            "revenue_4q": null,
            "common_shares": 2313901,
            "book_valuer_per_share": 38.66,
            "book_valuer_per_share_4q_avg": 37.4,
            "equity": 9655728,
            "current_ratio": 158.19,
            "debt_ratio": 58.25,
            "inventory_turnover_ratio": 2.76,
            "account_receivable_turnover_ratio": 0.93,
            "reinvestment_rate": 43.15,
            "research_to_sale_ratio": null,
            "price_fair": 170.19,
            "eps_avg_yearly": 4.86,
            "eps_latest_yearly": 5.2,
            "eps_growth_yearly": 219.54
        },
        "20141": {
            "year_quarter": 20141,
            "year": 2014,
            "quarter": 1,
            "eps": 1.25,
            "eps_growth_year": 0.81,
            "eps_4q": 5.02,
            "eps_4q_growth_year": 13.25,
            "roe": 3.09,
            "roe_4q": 13.24,
            "gross_profit": 792512,
            "gross_margin": 8.93,
            "gross_margin_4q_avg": 9.05,
            "net_income": 302503,
            "net_income_4q": null,
            "revenue": 8870920,
            "revenue_4q": null,
            "common_shares": 2313901,
            "book_valuer_per_share": 39.8,
            "book_valuer_per_share_4q_avg": 37.96,
            "equity": 9932249,
            "current_ratio": 158.18,
            "debt_ratio": 58.29,
            "inventory_turnover_ratio": 2.54,
            "account_receivable_turnover_ratio": 0.92,
            "reinvestment_rate": 45.38,
            "research_to_sale_ratio": null,
            "price_fair": 167.3,
            "eps_avg_yearly": 4.78,
            "eps_latest_yearly": 5,
            "eps_growth_yearly": 198.18
        },
        "20142": {
            "year_quarter": 20142,
            "year": 2014,
            "quarter": 2,
            "eps": 1.26,
            "eps_growth_year": 12.5,
            "eps_4q": 5.16,
            "eps_4q_growth_year": 11.97,
            "roe": 3.25,
            "roe_4q": 13.420000000000002,
            "gross_profit": 877687,
            "gross_margin": 8.66,
            "gross_margin_4q_avg": 9,
            "net_income": 313969,
            "net_income_4q": null,
            "revenue": 10130115,
            "revenue_4q": null,
            "common_shares": 2313901,
            "book_valuer_per_share": 37.46,
            "book_valuer_per_share_4q_avg": 38.3,
            "equity": 9400235,
            "current_ratio": 147.3,
            "debt_ratio": 61.73,
            "inventory_turnover_ratio": 2.84,
            "account_receivable_turnover_ratio": 1,
            "reinvestment_rate": 54.5,
            "research_to_sale_ratio": null,
            "price_fair": 164.06,
            "eps_avg_yearly": 4.69,
            "eps_latest_yearly": 5.04,
            "eps_growth_yearly": 197.59
        },
        "20143": {
            "year_quarter": 20143,
            "year": 2014,
            "quarter": 3,
            "eps": 1.5,
            "eps_growth_year": 11.11,
            "eps_4q": 5.3,
            "eps_4q_growth_year": 13.24,
            "roe": 3.85,
            "roe_4q": 13.559999999999999,
            "gross_profit": 974889,
            "gross_margin": 9.05,
            "gross_margin_4q_avg": 8.93,
            "net_income": 371679,
            "net_income_4q": null,
            "revenue": 10777192,
            "revenue_4q": null,
            "common_shares": 2313901,
            "book_valuer_per_share": 39.54,
            "book_valuer_per_share_4q_avg": 38.87,
            "equity": 9923375,
            "current_ratio": 147.46,
            "debt_ratio": 62.25,
            "inventory_turnover_ratio": 2.94,
            "account_receivable_turnover_ratio": 0.99,
            "reinvestment_rate": 54.02,
            "research_to_sale_ratio": null,
            "price_fair": 159.86,
            "eps_avg_yearly": 4.57,
            "eps_latest_yearly": 6,
            "eps_growth_yearly": 196.98
        },
        "20144": {
            "year_quarter": 20144,
            "year": 2014,
            "quarter": 4,
            "eps": 1.5,
            "eps_growth_year": 15.4,
            "eps_4q": 5.5,
            "eps_4q_growth_year": 9.84,
            "roe": 3.68,
            "roe_4q": 13.870000000000001,
            "gross_profit": 928818,
            "gross_margin": 9.18,
            "gross_margin_4q_avg": 8.96,
            "net_income": 375896,
            "net_income_4q": null,
            "revenue": 10122523,
            "revenue_4q": null,
            "common_shares": 2313901,
            "book_valuer_per_share": 41.88,
            "book_valuer_per_share_4q_avg": 39.67,
            "equity": 10513136,
            "current_ratio": 153.6,
            "debt_ratio": 60.04,
            "inventory_turnover_ratio": 2.62,
            "account_receivable_turnover_ratio": 0.89,
            "reinvestment_rate": 63.54,
            "research_to_sale_ratio": null,
            "price_fair": 165.03,
            "eps_avg_yearly": 4.72,
            "eps_latest_yearly": 6,
            "eps_growth_yearly": 210.49
        },
        "20151": {
            "year_quarter": 20151,
            "year": 2015,
            "quarter": 1,
            "eps": 1.16,
            "eps_growth_year": -7.2,
            "eps_4q": 5.41,
            "eps_4q_growth_year": 7.75,
            "roe": 2.74,
            "roe_4q": 13.52,
            "gross_profit": 846856,
            "gross_margin": 9.38,
            "gross_margin_4q_avg": 9.07,
            "net_income": 290249,
            "net_income_4q": null,
            "revenue": 9027373,
            "revenue_4q": null,
            "common_shares": 2313901,
            "book_valuer_per_share": 42.67,
            "book_valuer_per_share_4q_avg": 40.39,
            "equity": 10710030,
            "current_ratio": 158.77,
            "debt_ratio": 58.02,
            "inventory_turnover_ratio": 2.27,
            "account_receivable_turnover_ratio": 0.84,
            "reinvestment_rate": 64.74,
            "research_to_sale_ratio": null,
            "price_fair": 161.44,
            "eps_avg_yearly": 4.61,
            "eps_latest_yearly": 4.64,
            "eps_growth_yearly": 186.69
        },
        "20152": {
            "year_quarter": 20152,
            "year": 2015,
            "quarter": 2,
            "eps": 1.11,
            "eps_growth_year": -11.9,
            "eps_4q": 5.27,
            "eps_4q_growth_year": 2.16,
            "roe": 2.69,
            "roe_4q": 12.959999999999999,
            "gross_profit": 852871,
            "gross_margin": 9.06,
            "gross_margin_4q_avg": 9.17,
            "net_income": 279499,
            "net_income_4q": null,
            "revenue": 9409808,
            "revenue_4q": null,
            "common_shares": 2313901,
            "book_valuer_per_share": 40,
            "book_valuer_per_share_4q_avg": 41.02,
            "equity": 10100273,
            "current_ratio": 155.62,
            "debt_ratio": 59.87,
            "inventory_turnover_ratio": 2.33,
            "account_receivable_turnover_ratio": 0.93,
            "reinvestment_rate": 68.58,
            "research_to_sale_ratio": null,
            "price_fair": 158.55,
            "eps_avg_yearly": 4.53,
            "eps_latest_yearly": 4.44,
            "eps_growth_yearly": 187.68
        },
        "20153": {
            "year_quarter": 20153,
            "year": 2015,
            "quarter": 3,
            "eps": 1.24,
            "eps_growth_year": -17.33,
            "eps_4q": 5.01,
            "eps_4q_growth_year": -5.62,
            "roe": 3.09,
            "roe_4q": 12.2,
            "gross_profit": 954436,
            "gross_margin": 8.94,
            "gross_margin_4q_avg": 9.14,
            "net_income": 320968,
            "net_income_4q": null,
            "revenue": 10670552,
            "revenue_4q": null,
            "common_shares": 2313901,
            "book_valuer_per_share": 42.05,
            "book_valuer_per_share_4q_avg": 41.65,
            "equity": 10648582,
            "current_ratio": 162.27,
            "debt_ratio": 60.89,
            "inventory_turnover_ratio": 2.52,
            "account_receivable_turnover_ratio": 1,
            "reinvestment_rate": 66.69,
            "research_to_sale_ratio": null,
            "price_fair": 160.74,
            "eps_avg_yearly": 4.59,
            "eps_latest_yearly": 4.96,
            "eps_growth_yearly": 198.42
        },
        "20154": {
            "year_quarter": 20154,
            "year": 2015,
            "quarter": 4,
            "eps": 1.37,
            "eps_growth_year": -8.18,
            "eps_4q": 4.88,
            "eps_4q_growth_year": -11.26,
            "roe": 3.16,
            "roe_4q": 11.68,
            "gross_profit": 1007284,
            "gross_margin": 9.21,
            "gross_margin_4q_avg": 9.15,
            "net_income": 337637,
            "net_income_4q": null,
            "revenue": 10935932,
            "revenue_4q": null,
            "common_shares": 2313901,
            "book_valuer_per_share": 42.31,
            "book_valuer_per_share_4q_avg": 41.76,
            "equity": 10724764,
            "current_ratio": 166.95,
            "debt_ratio": 59.88,
            "inventory_turnover_ratio": 2.47,
            "account_receivable_turnover_ratio": 0.98,
            "reinvestment_rate": 65.91,
            "research_to_sale_ratio": null,
            "price_fair": 171.76,
            "eps_avg_yearly": 4.91,
            "eps_latest_yearly": 5.48,
            "eps_growth_yearly": 223.27
        },
        "20161": {
            "year_quarter": 20161,
            "year": 2016,
            "quarter": 1,
            "eps": 1.45,
            "eps_growth_year": 25,
            "eps_4q": 5.18,
            "eps_4q_growth_year": -4.31,
            "roe": 3.29,
            "roe_4q": 12.229999999999999,
            "gross_profit": 879519,
            "gross_margin": 9.88,
            "gross_margin_4q_avg": 9.27,
            "net_income": 358342,
            "net_income_4q": null,
            "revenue": 8902785,
            "revenue_4q": null,
            "common_shares": 2313901,
            "book_valuer_per_share": 43.73,
            "book_valuer_per_share_4q_avg": 42.02,
            "equity": 11066262,
            "current_ratio": 179.28,
            "debt_ratio": 56.64,
            "inventory_turnover_ratio": 2.05,
            "account_receivable_turnover_ratio": 0.85,
            "reinvestment_rate": 67.57,
            "research_to_sale_ratio": null,
            "price_fair": 117.06,
            "eps_avg_yearly": 5.01,
            "eps_latest_yearly": 5.8,
            "eps_growth_yearly": 13.36
        },
        "20162": {
            "year_quarter": 20162,
            "year": 2016,
            "quarter": 2,
            "eps": 0.86,
            "eps_growth_year": -22.52,
            "eps_4q": 4.93,
            "eps_4q_growth_year": -6.49,
            "roe": 2.03,
            "roe_4q": 11.57,
            "gross_profit": 927484,
            "gross_margin": 9.15,
            "gross_margin_4q_avg": 9.3,
            "net_income": 219605,
            "net_income_4q": null,
            "revenue": 10135586,
            "revenue_4q": null,
            "common_shares": 2313901,
            "book_valuer_per_share": 41.42,
            "book_valuer_per_share_4q_avg": 42.38,
            "equity": 10526854,
            "current_ratio": 168.05,
            "debt_ratio": 59.97,
            "inventory_turnover_ratio": 2.48,
            "account_receivable_turnover_ratio": 0.98,
            "reinvestment_rate": 64.57,
            "research_to_sale_ratio": null,
            "price_fair": 76.59,
            "eps_avg_yearly": 4.99,
            "eps_latest_yearly": 3.44,
            "eps_growth_yearly": 5.36
        },
        "20163": {
            "year_quarter": 20163,
            "year": 2016,
            "quarter": 3,
            "eps": 1.15,
            "eps_growth_year": -7.26,
            "eps_4q": 4.84,
            "eps_4q_growth_year": -3.4,
            "roe": 2.89,
            "roe_4q": 11.370000000000001,
            "gross_profit": 985056,
            "gross_margin": 9.7,
            "gross_margin_4q_avg": 9.49,
            "net_income": 305145,
            "net_income_4q": null,
            "revenue": 10152877,
            "revenue_4q": null,
            "common_shares": 2313901,
            "book_valuer_per_share": 41.77,
            "book_valuer_per_share_4q_avg": 42.31,
            "equity": 10619558,
            "current_ratio": 159.6,
            "debt_ratio": 57.99,
            "inventory_turnover_ratio": 2.62,
            "account_receivable_turnover_ratio": 0.95,
            "reinvestment_rate": 63.44,
            "research_to_sale_ratio": null,
            "price_fair": 76.17,
            "eps_avg_yearly": 4.96,
            "eps_latest_yearly": 4.6,
            "eps_growth_yearly": 5.36
        },
        "20164": {
            "year_quarter": 20164,
            "year": 2016,
            "quarter": 4,
            "eps": 1.05,
            "eps_growth_year": -23.2,
            "eps_4q": 4.52,
            "eps_4q_growth_year": -7.5,
            "roe": 2.45,
            "roe_4q": 10.66,
            "gross_profit": 962320,
            "gross_margin": 9.3,
            "gross_margin_4q_avg": 9.51,
            "net_income": 262825,
            "net_income_4q": null,
            "revenue": 10350553,
            "revenue_4q": null,
            "common_shares": 2313901,
            "book_valuer_per_share": 42.73,
            "book_valuer_per_share_4q_avg": 42.41,
            "equity": 10838248,
            "current_ratio": 161.03,
            "debt_ratio": 56.51,
            "inventory_turnover_ratio": 2.87,
            "account_receivable_turnover_ratio": 0.96,
            "reinvestment_rate": 50.62,
            "research_to_sale_ratio": null,
            "price_fair": 95.05,
            "eps_avg_yearly": 4.98,
            "eps_latest_yearly": 4.2,
            "eps_growth_yearly": 9.1
        },
        "20171": {
            "year_quarter": 20171,
            "year": 2017,
            "quarter": 1,
            "eps": 1.26,
            "eps_growth_year": -13.1,
            "eps_4q": 4.33,
            "eps_4q_growth_year": -16.46,
            "roe": 2.91,
            "roe_4q": 10.28,
            "gross_profit": 890373,
            "gross_margin": 9.69,
            "gross_margin_4q_avg": 9.46,
            "net_income": 316476,
            "net_income_4q": null,
            "revenue": 9188470,
            "revenue_4q": null,
            "common_shares": 2313901,
            "book_valuer_per_share": 43.23,
            "book_valuer_per_share_4q_avg": 42.29,
            "equity": 10933076,
            "current_ratio": 161.27,
            "debt_ratio": 54.8,
            "inventory_turnover_ratio": 2.46,
            "account_receivable_turnover_ratio": 0.9,
            "reinvestment_rate": 37.82,
            "research_to_sale_ratio": null,
            "price_fair": 85.39,
            "eps_avg_yearly": 4.98,
            "eps_latest_yearly": 5.04,
            "eps_growth_yearly": 7.14
        },
        "20172": {
            "year_quarter": 20172,
            "year": 2017,
            "quarter": 2,
            "eps": 1.17,
            "eps_growth_year": 36.05,
            "eps_4q": 4.64,
            "eps_4q_growth_year": -5.9,
            "roe": 2.82,
            "roe_4q": 11.07,
            "gross_profit": 932185,
            "gross_margin": 9.22,
            "gross_margin_4q_avg": 9.48,
            "net_income": 305438,
            "net_income_4q": null,
            "revenue": 10115108,
            "revenue_4q": null,
            "common_shares": 2313901,
            "book_valuer_per_share": 42.24,
            "book_valuer_per_share_4q_avg": 42.49,
            "equity": 10755180,
            "current_ratio": 160.67,
            "debt_ratio": 56.45,
            "inventory_turnover_ratio": 2.53,
            "account_receivable_turnover_ratio": 1.01,
            "reinvestment_rate": 35.56,
            "research_to_sale_ratio": null,
            "price_fair": 88.77,
            "eps_avg_yearly": 5,
            "eps_latest_yearly": 4.68,
            "eps_growth_yearly": 7.77
        },
        "20173": {
            "year_quarter": 20173,
            "year": 2017,
            "quarter": 3,
            "eps": 1.8,
            "eps_growth_year": 56.52,
            "eps_4q": 5.29,
            "eps_4q_growth_year": 9.35,
            "roe": 4.12,
            "roe_4q": 12.3,
            "gross_profit": 1074546,
            "gross_margin": 9.18,
            "gross_margin_4q_avg": 9.35,
            "net_income": 454463,
            "net_income_4q": null,
            "revenue": 11711030,
            "revenue_4q": null,
            "common_shares": 2313901,
            "book_valuer_per_share": 44.45,
            "book_valuer_per_share_4q_avg": 43.16,
            "equity": 11316407,
            "current_ratio": 169.36,
            "debt_ratio": 56.84,
            "inventory_turnover_ratio": 2.89,
            "account_receivable_turnover_ratio": 1.05,
            "reinvestment_rate": 24.41,
            "research_to_sale_ratio": null,
            "price_fair": 133.3,
            "eps_avg_yearly": 5.11,
            "eps_latest_yearly": 7.2,
            "eps_growth_yearly": 16.1
        },
        "20174": {
            "year_quarter": 20174,
            "year": 2017,
            "quarter": 4,
            "eps": 1.86,
            "eps_growth_year": 76.1,
            "eps_4q": 6.09,
            "eps_4q_growth_year": 34.83,
            "roe": 3.99,
            "roe_4q": 13.84,
            "gross_profit": 1019837,
            "gross_margin": 8.57,
            "gross_margin_4q_avg": 9.17,
            "net_income": 461629,
            "net_income_4q": null,
            "revenue": 11901312,
            "revenue_4q": null,
            "common_shares": 2313901,
            "book_valuer_per_share": 46.62,
            "book_valuer_per_share_4q_avg": 44.14,
            "equity": 11841391,
            "current_ratio": 169.89,
            "debt_ratio": 56.68,
            "inventory_turnover_ratio": 2.91,
            "account_receivable_turnover_ratio": 0.97,
            "reinvestment_rate": 29.43,
            "research_to_sale_ratio": null,
            "price_fair": 146.18,
            "eps_avg_yearly": 5.25,
            "eps_latest_yearly": 7.44,
            "eps_growth_yearly": 17.86
        },
        "20181": {
            "year_quarter": 20181,
            "year": 2018,
            "quarter": 1,
            "eps": 0.67,
            "eps_growth_year": -46.83,
            "eps_4q": 5.5,
            "eps_4q_growth_year": 27.04,
            "roe": 1.62,
            "roe_4q": 12.55,
            "gross_profit": 1043097,
            "gross_margin": 8.96,
            "gross_margin_4q_avg": 8.98,
            "net_income": 193822,
            "net_income_4q": null,
            "revenue": 11640162,
            "revenue_4q": null,
            "common_shares": 2313901,
            "book_valuer_per_share": 47.48,
            "book_valuer_per_share_4q_avg": 45.2,
            "equity": 12091616,
            "current_ratio": 170.95,
            "debt_ratio": 56.99,
            "inventory_turnover_ratio": 2.69,
            "account_receivable_turnover_ratio": 0.92,
            "reinvestment_rate": 15.42,
            "research_to_sale_ratio": null,
            "price_fair": 65.44,
            "eps_avg_yearly": 5.1,
            "eps_latest_yearly": 2.68,
            "eps_growth_yearly": 2.82
        },
        "20182": {
            "year_quarter": 20182,
            "year": 2018,
            "quarter": 2,
            "eps": 1.89,
            "eps_growth_year": 61.54,
            "eps_4q": 6.21,
            "eps_4q_growth_year": 34.04,
            "roe": 4,
            "roe_4q": 13.73,
            "gross_profit": 1127364,
            "gross_margin": 8.41,
            "gross_margin_4q_avg": 8.78,
            "net_income": 480693,
            "net_income_4q": null,
            "revenue": 13408395,
            "revenue_4q": null,
            "common_shares": 2313901,
            "book_valuer_per_share": 45.85,
            "book_valuer_per_share_4q_avg": 46.1,
            "equity": 11939531,
            "current_ratio": 155.92,
            "debt_ratio": 61.47,
            "inventory_turnover_ratio": 2.78,
            "account_receivable_turnover_ratio": 0.98,
            "reinvestment_rate": 3.98,
            "research_to_sale_ratio": null,
            "price_fair": 184.1,
            "eps_avg_yearly": 5.26,
            "eps_latest_yearly": 7.56,
            "eps_growth_yearly": 48.15
        },
        "20183": {
            "year_quarter": 20183,
            "year": 2018,
            "quarter": 3,
            "eps": 1.72,
            "eps_growth_year": -4.44,
            "eps_4q": 6.14,
            "eps_4q_growth_year": 16,
            "roe": 3.57,
            "roe_4q": 13.180000000000001,
            "gross_profit": 1036731,
            "gross_margin": 7.24,
            "gross_margin_4q_avg": 8.3,
            "net_income": 427702,
            "net_income_4q": null,
            "revenue": 14318202,
            "revenue_4q": null,
            "common_shares": 2313901,
            "book_valuer_per_share": 46.31,
            "book_valuer_per_share_4q_avg": 46.57,
            "equity": 12042992,
            "current_ratio": 152.99,
            "debt_ratio": 62.3,
            "inventory_turnover_ratio": 2.77,
            "account_receivable_turnover_ratio": 0.96,
            "reinvestment_rate": 0.19,
            "research_to_sale_ratio": null,
            "price_fair": 186.03,
            "eps_avg_yearly": 5.32,
            "eps_latest_yearly": 6.88,
            "eps_growth_yearly": 41.14
        },
        "20184": {
            "year_quarter": 20184,
            "year": 2018,
            "quarter": 4,
            "eps": 1.54,
            "eps_growth_year": -17.13,
            "eps_4q": 5.82,
            "eps_4q_growth_year": -4.51,
            "roe": 3.17,
            "roe_4q": 12.36,
            "gross_profit": 1003160,
            "gross_margin": 7.39,
            "gross_margin_4q_avg": 8,
            "net_income": 387144,
            "net_income_4q": null,
            "revenue": 13568257,
            "revenue_4q": null,
            "common_shares": 2313901,
            "book_valuer_per_share": 47.82,
            "book_valuer_per_share_4q_avg": 46.87,
            "equity": 12408935,
            "current_ratio": 157.24,
            "debt_ratio": 61.02,
            "inventory_turnover_ratio": 2.55,
            "account_receivable_turnover_ratio": 0.9,
            "reinvestment_rate": -4.96,
            "research_to_sale_ratio": null,
            "price_fair": 186.38,
            "eps_avg_yearly": 5.33,
            "eps_latest_yearly": 6.16,
            "eps_growth_yearly": 38.52
        },
        "20191": {
            "year_quarter": 20191,
            "year": 2019,
            "quarter": 1,
            "eps": 1.36,
            "eps_growth_year": 102.99,
            "eps_4q": 6.51,
            "eps_4q_growth_year": 18.39,
            "roe": 2.72,
            "roe_4q": 13.46,
            "gross_profit": 918037,
            "gross_margin": 7.61,
            "gross_margin_4q_avg": 7.66,
            "net_income": 344880,
            "net_income_4q": null,
            "revenue": 12065881,
            "revenue_4q": null,
            "common_shares": 2313901,
            "book_valuer_per_share": 49.86,
            "book_valuer_per_share_4q_avg": 47.46,
            "equity": 12948026,
            "current_ratio": 164.11,
            "debt_ratio": 58.9,
            "inventory_turnover_ratio": 2.29,
            "account_receivable_turnover_ratio": 0.83,
            "reinvestment_rate": 1.33,
            "research_to_sale_ratio": null,
            "price_fair": 188.13,
            "eps_avg_yearly": 5.38,
            "eps_latest_yearly": 5.44,
            "eps_growth_yearly": 41.26
        },
        "20192": {
            "year_quarter": 20192,
            "year": 2019,
            "quarter": 2,
            "eps": 1.49,
            "eps_growth_year": -21.16,
            "eps_4q": 6.11,
            "eps_4q_growth_year": -1.67,
            "roe": 2.98,
            "roe_4q": 12.440000000000001,
            "gross_profit": 1081426,
            "gross_margin": 7.7,
            "gross_margin_4q_avg": 7.49,
            "net_income": 383841,
            "net_income_4q": null,
            "revenue": 14041492,
            "revenue_4q": null,
            "common_shares": 2313901,
            "book_valuer_per_share": 47.63,
            "book_valuer_per_share_4q_avg": 47.91,
            "equity": 12776098,
            "current_ratio": 156.2,
            "debt_ratio": 62.91,
            "inventory_turnover_ratio": 2.83,
            "account_receivable_turnover_ratio": 0.95,
            "reinvestment_rate": 20,
            "research_to_sale_ratio": null,
            "price_fair": 191.45,
            "eps_avg_yearly": 5.47,
            "eps_latest_yearly": 5.96,
            "eps_growth_yearly": 44.73
        },
        "20193": {
            "year_quarter": 20193,
            "year": 2019,
            "quarter": 3,
            "eps": 1.94,
            "eps_growth_year": 12.79,
            "eps_4q": 6.33,
            "eps_4q_growth_year": 3.15,
            "roe": 3.87,
            "roe_4q": 12.74,
            "gross_profit": 1153611,
            "gross_margin": 7.92,
            "gross_margin_4q_avg": 7.66,
            "net_income": 499150,
            "net_income_4q": null,
            "revenue": 14558500,
            "revenue_4q": null,
            "common_shares": 2313901,
            "book_valuer_per_share": 48.55,
            "book_valuer_per_share_4q_avg": 48.47,
            "equity": 13001168,
            "current_ratio": 160.47,
            "debt_ratio": 62.07,
            "inventory_turnover_ratio": 3.23,
            "account_receivable_turnover_ratio": 0.89,
            "reinvestment_rate": 16.89,
            "research_to_sale_ratio": null,
            "price_fair": 197.58,
            "eps_avg_yearly": 5.65,
            "eps_latest_yearly": 7.76,
            "eps_growth_yearly": 49.35
        },
        "20194": {
            "year_quarter": 20194,
            "year": 2019,
            "quarter": 4,
            "eps": 1.33,
            "eps_growth_year": -13.62,
            "eps_4q": 6.12,
            "eps_4q_growth_year": 5.19,
            "roe": 2.52,
            "roe_4q": 12.090000000000002,
            "gross_profit": 1031617,
            "gross_margin": 7.36,
            "gross_margin_4q_avg": 7.65,
            "net_income": 331210,
            "net_income_4q": null,
            "revenue": 14015956,
            "revenue_4q": null,
            "common_shares": 2313901,
            "book_valuer_per_share": 49.46,
            "book_valuer_per_share_4q_avg": 48.88,
            "equity": 13284603,
            "current_ratio": 161.59,
            "debt_ratio": 61.39,
            "inventory_turnover_ratio": 3.32,
            "account_receivable_turnover_ratio": 0.86,
            "reinvestment_rate": 18.71,
            "research_to_sale_ratio": null,
            "price_fair": 197.23,
            "eps_avg_yearly": 5.64,
            "eps_latest_yearly": 5.32,
            "eps_growth_yearly": 38.87
        },
        "20201": {
            "year_quarter": 20201,
            "year": 2020,
            "quarter": 1,
            "eps": 1.49,
            "eps_growth_year": 9.56,
            "eps_4q": 6.24,
            "eps_4q_growth_year": -4.09,
            "roe": 2.74,
            "roe_4q": 12.11,
            "gross_profit": 1005126,
            "gross_margin": 8.14,
            "gross_margin_4q_avg": 7.78,
            "net_income": 365068,
            "net_income_4q": null,
            "revenue": 12353027,
            "revenue_4q": null,
            "common_shares": 2313901,
            "book_valuer_per_share": 49.97,
            "book_valuer_per_share_4q_avg": 48.9,
            "equity": 13397177,
            "current_ratio": 164.77,
            "debt_ratio": 60.99,
            "inventory_turnover_ratio": 2.9,
            "account_receivable_turnover_ratio": 0.83,
            "reinvestment_rate": 12.47,
            "research_to_sale_ratio": null,
            "price_fair": 197.58,
            "eps_avg_yearly": 5.65,
            "eps_latest_yearly": 5.96,
            "eps_growth_yearly": 40.42
        },
        "20202": {
            "year_quarter": 20202,
            "year": 2020,
            "quarter": 2,
            "eps": 1.91,
            "eps_growth_year": 28.19,
            "eps_4q": 6.66,
            "eps_4q_growth_year": 8.98,
            "roe": 3.62,
            "roe_4q": 12.75,
            "gross_profit": 1195177,
            "gross_margin": 8.06,
            "gross_margin_4q_avg": 7.87,
            "net_income": 480270,
            "net_income_4q": null,
            "revenue": 14836451,
            "revenue_4q": null,
            "common_shares": 2313901,
            "book_valuer_per_share": 48.83,
            "book_valuer_per_share_4q_avg": 49.2,
            "equity": 13167951,
            "current_ratio": 155.99,
            "debt_ratio": 63.17,
            "inventory_turnover_ratio": 3.55,
            "account_receivable_turnover_ratio": 1,
            "reinvestment_rate": 13.19,
            "research_to_sale_ratio": null,
            "price_fair": 206.76,
            "eps_avg_yearly": 5.91,
            "eps_latest_yearly": 7.64,
            "eps_growth_yearly": 57.64
        },
        "20203": {
            "year_quarter": 20203,
            "year": 2020,
            "quarter": 3,
            "eps": 2.75,
            "eps_growth_year": 41.75,
            "eps_4q": 7.47,
            "eps_4q_growth_year": 18.01,
            "roe": 5.3,
            "roe_4q": 14.18,
            "gross_profit": 1287255,
            "gross_margin": 7.97,
            "gross_margin_4q_avg": 7.88,
            "net_income": 719490,
            "net_income_4q": null,
            "revenue": 16160492,
            "revenue_4q": null,
            "common_shares": 2313901,
            "book_valuer_per_share": 51.85,
            "book_valuer_per_share_4q_avg": 50.03,
            "equity": 13965591,
            "current_ratio": 164.97,
            "debt_ratio": 60.93,
            "inventory_turnover_ratio": 3.96,
            "account_receivable_turnover_ratio": 1.01,
            "reinvestment_rate": 14.48,
            "research_to_sale_ratio": null,
            "price_fair": 220.76,
            "eps_avg_yearly": 6.31,
            "eps_latest_yearly": 11,
            "eps_growth_yearly": 60.2
        },
        "20204": {
            "year_quarter": 20204,
            "year": 2020,
            "quarter": 4,
            "eps": 1.9,
            "eps_growth_year": 42.59,
            "eps_4q": 8.03,
            "eps_4q_growth_year": 31.31,
            "roe": 3.33,
            "roe_4q": 14.99,
            "gross_profit": 1313132,
            "gross_margin": 8.35,
            "gross_margin_4q_avg": 8.13,
            "net_income": 481288,
            "net_income_4q": null,
            "revenue": 15730950,
            "revenue_4q": null,
            "common_shares": 2313901,
            "book_valuer_per_share": 55.65,
            "book_valuer_per_share_4q_avg": 51.58,
            "equity": 14908460,
            "current_ratio": 158.23,
            "debt_ratio": 61.53,
            "inventory_turnover_ratio": 3.6,
            "account_receivable_turnover_ratio": 0.92,
            "reinvestment_rate": 25.18,
            "research_to_sale_ratio": null,
            "price_fair": 228.2,
            "eps_avg_yearly": 6.52,
            "eps_latest_yearly": 7.6,
            "eps_growth_yearly": 54.65
        },
        "20211": {
            "year_quarter": 20211,
            "year": 2021,
            "quarter": 1,
            "eps": 2.58,
            "eps_growth_year": 73.15,
            "eps_4q": 9.13,
            "eps_4q_growth_year": 46.27,
            "roe": 4.33,
            "roe_4q": 16.580000000000002,
            "gross_profit": 1438432,
            "gross_margin": 8.83,
            "gross_margin_4q_avg": 8.3,
            "net_income": 668916,
            "net_income_4q": null,
            "revenue": 16283540,
            "revenue_4q": null,
            "common_shares": 2313901,
            "book_valuer_per_share": 60.02,
            "book_valuer_per_share_4q_avg": 54.09,
            "equity": 15978631,
            "current_ratio": 161.08,
            "debt_ratio": 59.25,
            "inventory_turnover_ratio": 3.49,
            "account_receivable_turnover_ratio": 0.93,
            "reinvestment_rate": 28.64,
            "research_to_sale_ratio": null,
            "price_fair": 239.75,
            "eps_avg_yearly": 6.85,
            "eps_latest_yearly": 10.32,
            "eps_growth_yearly": 58.6
        },
        "20212": {
            "year_quarter": 20212,
            "year": 2021,
            "quarter": 2,
            "eps": 2.77,
            "eps_growth_year": 45.03,
            "eps_4q": 9.99,
            "eps_4q_growth_year": 50.07,
            "roe": 4.45,
            "roe_4q": 17.41,
            "gross_profit": 1496013,
            "gross_margin": 8.87,
            "gross_margin_4q_avg": 8.51,
            "net_income": 723721,
            "net_income_4q": null,
            "revenue": 16865834,
            "revenue_4q": null,
            "common_shares": 2313901,
            "book_valuer_per_share": 62.25,
            "book_valuer_per_share_4q_avg": 57.44,
            "equity": 16557043,
            "current_ratio": 164.03,
            "debt_ratio": 59.51,
            "inventory_turnover_ratio": 3.5,
            "account_receivable_turnover_ratio": 0.97,
            "reinvestment_rate": 33.31,
            "research_to_sale_ratio": null,
            "price_fair": 253.75,
            "eps_avg_yearly": 7.25,
            "eps_latest_yearly": 11.08,
            "eps_growth_yearly": 62.23
        },
        "20213": {
            "year_quarter": 20213,
            "year": 2021,
            "quarter": 3,
            "eps": 3.57,
            "eps_growth_year": 29.82,
            "eps_4q": 10.67,
            "eps_4q_growth_year": 42.88,
            "roe": 5.55,
            "roe_4q": 17.66,
            "gross_profit": 1571967,
            "gross_margin": 8.38,
            "gross_margin_4q_avg": 8.61,
            "net_income": 908247,
            "net_income_4q": null,
            "revenue": 18756298,
            "revenue_4q": null,
            "common_shares": 2360179,
            "book_valuer_per_share": 60.22,
            "book_valuer_per_share_4q_avg": 59.54,
            "equity": 16180225,
            "current_ratio": 159.12,
            "debt_ratio": 62.06,
            "inventory_turnover_ratio": 3.68,
            "account_receivable_turnover_ratio": 1.04,
            "reinvestment_rate": 38.69,
            "research_to_sale_ratio": null,
            "price_fair": 269.24,
            "eps_avg_yearly": 7.69,
            "eps_latest_yearly": 14.28,
            "eps_growth_yearly": 55.98
        },
        "20214": {
            "year_quarter": 20214,
            "year": 2021,
            "quarter": 4,
            "eps": 3.24,
            "eps_growth_year": 70.62,
            "eps_4q": 12.05,
            "eps_4q_growth_year": 49.94,
            "roe": 4.77,
            "roe_4q": 19.1,
            "gross_profit": 1476274,
            "gross_margin": 7.93,
            "gross_margin_4q_avg": 8.5,
            "net_income": 808288,
            "net_income_4q": null,
            "revenue": 18609631,
            "revenue_4q": null,
            "common_shares": 2360179,
            "book_valuer_per_share": 66.51,
            "book_valuer_per_share_4q_avg": 62.25,
            "equity": 17716818,
            "current_ratio": 160.96,
            "debt_ratio": 61.39,
            "inventory_turnover_ratio": 3.44,
            "account_receivable_turnover_ratio": 1,
            "reinvestment_rate": 49.18,
            "research_to_sale_ratio": null,
            "price_fair": 281.31,
            "eps_avg_yearly": 8.04,
            "eps_latest_yearly": 12.96,
            "eps_growth_yearly": 52.84
        },
        "20221": {
            "year_quarter": 20221,
            "year": 2022,
            "quarter": 1,
            "eps": 3.26,
            "eps_growth_year": 26.36,
            "eps_4q": 12.77,
            "eps_4q_growth_year": 39.88,
            "roe": 4.64,
            "roe_4q": 19.41,
            "gross_profit": 1558135,
            "gross_margin": 7.99,
            "gross_margin_4q_avg": 8.29,
            "net_income": 850901,
            "net_income_4q": null,
            "revenue": 19509886,
            "revenue_4q": null,
            "common_shares": 2360179,
            "book_valuer_per_share": 71.14,
            "book_valuer_per_share_4q_avg": 65.03,
            "equity": 18962083,
            "current_ratio": 168.48,
            "debt_ratio": 60.19,
            "inventory_turnover_ratio": 3.49,
            "account_receivable_turnover_ratio": 1.02,
            "reinvestment_rate": 52.8,
            "research_to_sale_ratio": null,
            "price_fair": 303.98,
            "eps_avg_yearly": 8.69,
            "eps_latest_yearly": 13.04,
            "eps_growth_yearly": 68.99
        },
        "20222": {
            "year_quarter": 20222,
            "year": 2022,
            "quarter": 2,
            "eps": 2.78,
            "eps_growth_year": 0.36,
            "eps_4q": 12.84,
            "eps_4q_growth_year": 28.48,
            "roe": 3.85,
            "roe_4q": 18.81,
            "gross_profit": 1427667,
            "gross_margin": 7.79,
            "gross_margin_4q_avg": 8.02,
            "net_income": 708207,
            "net_income_4q": null,
            "revenue": 18336230,
            "revenue_4q": null,
            "common_shares": 2360179,
            "book_valuer_per_share": 66.09,
            "book_valuer_per_share_4q_avg": 65.99,
            "equity": 17785774,
            "current_ratio": 158.75,
            "debt_ratio": 63.68,
            "inventory_turnover_ratio": 3.18,
            "account_receivable_turnover_ratio": 0.95,
            "reinvestment_rate": 70.53,
            "research_to_sale_ratio": null,
            "price_fair": 265.31,
            "eps_avg_yearly": 8.91,
            "eps_latest_yearly": 11.12,
            "eps_growth_yearly": 19.79
        },
        "20223": {
            "year_quarter": 20223,
            "year": 2022,
            "quarter": 3,
            "eps": 3.12,
            "eps_growth_year": -12.6,
            "eps_4q": 12.4,
            "eps_4q_growth_year": 16.17,
            "roe": 4.38,
            "roe_4q": 17.64,
            "gross_profit": 1437903,
            "gross_margin": 7.51,
            "gross_margin_4q_avg": 7.81,
            "net_income": 800208,
            "net_income_4q": null,
            "revenue": 19149147,
            "revenue_4q": null,
            "common_shares": 2360179,
            "book_valuer_per_share": 69.27,
            "book_valuer_per_share_4q_avg": 68.25,
            "equity": 18711798,
            "current_ratio": 166.48,
            "debt_ratio": 62.21,
            "inventory_turnover_ratio": 3.02,
            "account_receivable_turnover_ratio": 1.02,
            "reinvestment_rate": 71.15,
            "research_to_sale_ratio": null,
            "price_fair": 324.01,
            "eps_avg_yearly": 9.26,
            "eps_latest_yearly": 12.48,
            "eps_growth_yearly": 25.09
        },
        "20224": {
            "year_quarter": 20224,
            "year": 2022,
            "quarter": 4,
            "eps": 1.37,
            "eps_growth_year": -57.75,
            "eps_4q": 10.53,
            "eps_4q_growth_year": -12.61,
            "roe": 1.97,
            "roe_4q": 14.84,
            "gross_profit": 1142904,
            "gross_margin": 6.9,
            "gross_margin_4q_avg": 7.55,
            "net_income": 366956,
            "net_income_4q": null,
            "revenue": 16575033,
            "revenue_4q": null,
            "common_shares": 2360179,
            "book_valuer_per_share": 70.99,
            "book_valuer_per_share_4q_avg": 69.37,
            "equity": 18540652,
            "current_ratio": 163.37,
            "debt_ratio": 62.29,
            "inventory_turnover_ratio": 2.45,
            "account_receivable_turnover_ratio": 0.93,
            "reinvestment_rate": 71.32,
            "research_to_sale_ratio": null,
            "price_fair": 218.26,
            "eps_avg_yearly": 9.22,
            "eps_latest_yearly": 5.48,
            "eps_growth_yearly": 13.69
        },
        "20231": {
            "year_quarter": 20231,
            "year": 2023,
            "quarter": 1,
            "eps": 1.22,
            "eps_growth_year": -62.58,
            "eps_4q": 8.5,
            "eps_4q_growth_year": -33.47,
            "roe": 1.77,
            "roe_4q": 11.97,
            "gross_profit": 1094332,
            "gross_margin": 7.61,
            "gross_margin_4q_avg": 7.45,
            "net_income": 324034,
            "net_income_4q": null,
            "revenue": 14378284,
            "revenue_4q": null,
            "common_shares": 2360179,
            "book_valuer_per_share": 68.5,
            "book_valuer_per_share_4q_avg": 68.71,
            "equity": 17981962,
            "current_ratio": 166.58,
            "debt_ratio": 60.23,
            "inventory_turnover_ratio": 2.14,
            "account_receivable_turnover_ratio": 0.9,
            "reinvestment_rate": 69.87,
            "research_to_sale_ratio": null,
            "price_fair": 219.13,
            "eps_avg_yearly": 9.18,
            "eps_latest_yearly": 4.88,
            "eps_growth_yearly": 13.87
        },
        "20232": {
            "year_quarter": 20232,
            "year": 2023,
            "quarter": 2,
            "eps": 2.92,
            "eps_growth_year": 5.04,
            "eps_4q": 8.64,
            "eps_4q_growth_year": -32.74,
            "roe": 4.01,
            "roe_4q": 12.129999999999999,
            "gross_profit": 1509586,
            "gross_margin": 9.34,
            "gross_margin_4q_avg": 7.84,
            "net_income": 735690,
            "net_income_4q": null,
            "revenue": 16167074,
            "revenue_4q": null,
            "common_shares": 2360179,
            "book_valuer_per_share": 71.62,
            "book_valuer_per_share_4q_avg": 70.1,
            "equity": 18718771,
            "current_ratio": 164.76,
            "debt_ratio": 59.88,
            "inventory_turnover_ratio": 2.6,
            "account_receivable_turnover_ratio": 1.04,
            "reinvestment_rate": 56.99,
            "research_to_sale_ratio": null,
            "price_fair": 333.81,
            "eps_avg_yearly": 9.54,
            "eps_latest_yearly": 11.68,
            "eps_growth_yearly": 46.32
        },
        "20233": {
            "year_quarter": 20233,
            "year": 2023,
            "quarter": 3,
            "eps": 3.02,
            "eps_growth_year": -3.21,
            "eps_4q": 8.53,
            "eps_4q_growth_year": -31.2,
            "roe": 4.03,
            "roe_4q": 11.78,
            "gross_profit": 1548160,
            "gross_margin": 8.14,
            "gross_margin_4q_avg": 8,
            "net_income": 778560,
            "net_income_4q": null,
            "revenue": 19019201,
            "revenue_4q": null,
            "common_shares": 2360179,
            "book_valuer_per_share": 76.59,
            "book_valuer_per_share_4q_avg": 71.93,
            "equity": 19899768,
            "current_ratio": 145.77,
            "debt_ratio": 60.94,
            "inventory_turnover_ratio": 3.44,
            "account_receivable_turnover_ratio": 1.05,
            "reinvestment_rate": 58.61,
            "research_to_sale_ratio": null,
            "price_fair": 343.26,
            "eps_avg_yearly": 9.81,
            "eps_latest_yearly": 12.08,
            "eps_growth_yearly": 39.62
        }
    },
    "months": {
        "2002-07": {
            "month": "2002-07",
            "price": "61.88",
            "revenue": 591813
        },
        "2002-08": {
            "month": "2002-08",
            "price": "67.09",
            "revenue": 640822
        },
        "2002-09": {
            "month": "2002-09",
            "price": "62.70",
            "revenue": 638265
        },
        "2002-10": {
            "month": "2002-10",
            "price": "58.45",
            "revenue": 683044
        },
        "2002-11": {
            "month": "2002-11",
            "price": "57.55",
            "revenue": 667836
        },
        "2002-12": {
            "month": "2002-12",
            "price": "52.03",
            "revenue": 567913
        },
        "2003-01": {
            "month": "2003-01",
            "price": "50.13",
            "revenue": 597727
        },
        "2003-02": {
            "month": "2003-02",
            "price": "47.16",
            "revenue": 529547
        },
        "2003-03": {
            "month": "2003-03",
            "price": "43.84",
            "revenue": 649168
        },
        "2003-04": {
            "month": "2003-04",
            "price": "46.94",
            "revenue": 654945
        },
        "2003-05": {
            "month": "2003-05",
            "price": "50.59",
            "revenue": 636813
        },
        "2003-06": {
            "month": "2003-06",
            "price": "56.15",
            "revenue": 627760
        },
        "2003-07": {
            "month": "2003-07",
            "price": "57.76",
            "revenue": 669421
        },
        "2003-08": {
            "month": "2003-08",
            "price": "55.12",
            "revenue": 705069
        },
        "2003-09": {
            "month": "2003-09",
            "price": "51.79",
            "revenue": 735550
        },
        "2003-10": {
            "month": "2003-10",
            "price": "51.21",
            "revenue": 713781
        },
        "2003-11": {
            "month": "2003-11",
            "price": "52.88",
            "revenue": 700708
        },
        "2003-12": {
            "month": "2003-12",
            "price": "51.87",
            "revenue": 771552
        },
        "2004-01": {
            "month": "2004-01",
            "price": "52.80",
            "revenue": 632803
        },
        "2004-02": {
            "month": "2004-02",
            "price": "54.10",
            "revenue": 726540
        },
        "2004-03": {
            "month": "2004-03",
            "price": "54.15",
            "revenue": 747906
        },
        "2004-04": {
            "month": "2004-04",
            "price": "52.88",
            "revenue": 770881
        },
        "2004-05": {
            "month": "2004-05",
            "price": "47.60",
            "revenue": 865469
        },
        "2004-06": {
            "month": "2004-06",
            "price": "45.26",
            "revenue": 852732
        },
        "2004-07": {
            "month": "2004-07",
            "price": "40.37",
            "revenue": 849732
        },
        "2004-08": {
            "month": "2004-08",
            "price": "40.31",
            "revenue": 845517
        },
        "2004-09": {
            "month": "2004-09",
            "price": "40.61",
            "revenue": 844702
        },
        "2004-10": {
            "month": "2004-10",
            "price": "40.36",
            "revenue": 821217
        },
        "2004-11": {
            "month": "2004-11",
            "price": "40.65",
            "revenue": 791032
        },
        "2004-12": {
            "month": "2004-12",
            "price": "40.81",
            "revenue": 743584
        },
        "2005-01": {
            "month": "2005-01",
            "price": "40.67",
            "revenue": 879667
        },
        "2005-02": {
            "month": "2005-02",
            "price": "43.28",
            "revenue": 717183
        },
        "2005-03": {
            "month": "2005-03",
            "price": "43.82",
            "revenue": 949285
        },
        "2005-04": {
            "month": "2005-04",
            "price": "43.92",
            "revenue": 931194
        },
        "2005-05": {
            "month": "2005-05",
            "price": "44.87",
            "revenue": 923146
        },
        "2005-06": {
            "month": "2005-06",
            "price": "46.96",
            "revenue": 967508
        },
        "2005-07": {
            "month": "2005-07",
            "price": "55.89",
            "revenue": 957353
        },
        "2005-08": {
            "month": "2005-08",
            "price": "62.19",
            "revenue": 981963
        },
        "2005-09": {
            "month": "2005-09",
            "price": "62.19",
            "revenue": 982551
        },
        "2005-10": {
            "month": "2005-10",
            "price": "58.36",
            "revenue": 978422
        },
        "2005-11": {
            "month": "2005-11",
            "price": "58.67",
            "revenue": 1053626
        },
        "2005-12": {
            "month": "2005-12",
            "price": "63.46",
            "revenue": 1029141
        },
        "2006-01": {
            "month": "2006-01",
            "price": "65.61",
            "revenue": 1419316
        },
        "2006-02": {
            "month": "2006-02",
            "price": "65.12",
            "revenue": 1332295
        },
        "2006-03": {
            "month": "2006-03",
            "price": "68.07",
            "revenue": 1600883
        },
        "2006-04": {
            "month": "2006-04",
            "price": "72.33",
            "revenue": 1553182
        },
        "2006-05": {
            "month": "2006-05",
            "price": "73.70",
            "revenue": 1626518
        },
        "2006-06": {
            "month": "2006-06",
            "price": "63.71",
            "revenue": 1596721
        },
        "2006-07": {
            "month": "2006-07",
            "price": "59.85",
            "revenue": 1596393
        },
        "2006-08": {
            "month": "2006-08",
            "price": "64.60",
            "revenue": 1896426
        },
        "2006-09": {
            "month": "2006-09",
            "price": "65.09",
            "revenue": 1789106
        },
        "2006-10": {
            "month": "2006-10",
            "price": "65.62",
            "revenue": 1760571
        },
        "2006-11": {
            "month": "2006-11",
            "price": "65.96",
            "revenue": 1659479
        },
        "2006-12": {
            "month": "2006-12",
            "price": "66.11",
            "revenue": 1473715
        },
        "2007-01": {
            "month": "2007-01",
            "price": "66.22",
            "revenue": 1609061
        },
        "2007-02": {
            "month": "2007-02",
            "price": "67.62",
            "revenue": 1286845
        },
        "2007-03": {
            "month": "2007-03",
            "price": "66.33",
            "revenue": 1788745
        },
        "2007-04": {
            "month": "2007-04",
            "price": "67.37",
            "revenue": 1879895
        },
        "2007-05": {
            "month": "2007-05",
            "price": "68.55",
            "revenue": 1948816
        },
        "2007-06": {
            "month": "2007-06",
            "price": "72.75",
            "revenue": 1953564
        },
        "2007-07": {
            "month": "2007-07",
            "price": "71.86",
            "revenue": 2001524
        },
        "2007-08": {
            "month": "2007-08",
            "price": "69.15",
            "revenue": 2249167
        },
        "2007-09": {
            "month": "2007-09",
            "price": "74.21",
            "revenue": 2127402
        },
        "2007-10": {
            "month": "2007-10",
            "price": "73.02",
            "revenue": 2392149
        },
        "2007-11": {
            "month": "2007-11",
            "price": "66.53",
            "revenue": 2333543
        },
        "2007-12": {
            "month": "2007-12",
            "price": "63.08",
            "revenue": 2194341
        },
        "2008-01": {
            "month": "2008-01",
            "price": "57.47",
            "revenue": 2354948
        },
        "2008-02": {
            "month": "2008-02",
            "price": "56.41",
            "revenue": 1729915
        },
        "2008-03": {
            "month": "2008-03",
            "price": "57.31",
            "revenue": 2112657
        },
        "2008-04": {
            "month": "2008-04",
            "price": "62.20",
            "revenue": 2241950
        },
        "2008-05": {
            "month": "2008-05",
            "price": "63.37",
            "revenue": 2293320
        },
        "2008-06": {
            "month": "2008-06",
            "price": "58.41",
            "revenue": 2120463
        },
        "2008-07": {
            "month": "2008-07",
            "price": "53.50",
            "revenue": 2388457
        },
        "2008-08": {
            "month": "2008-08",
            "price": "51.21",
            "revenue": 2166725
        },
        "2008-09": {
            "month": "2008-09",
            "price": "39.56",
            "revenue": 2177823
        },
        "2008-10": {
            "month": "2008-10",
            "price": "32.48",
            "revenue": 1941123
        },
        "2008-11": {
            "month": "2008-11",
            "price": "26.19",
            "revenue": 1377757
        },
        "2008-12": {
            "month": "2008-12",
            "price": "21.80",
            "revenue": 1151915
        },
        "2009-01": {
            "month": "2009-01",
            "price": "20.74",
            "revenue": 891571
        },
        "2009-02": {
            "month": "2009-02",
            "price": "21.13",
            "revenue": 1084240
        },
        "2009-03": {
            "month": "2009-03",
            "price": "24.43",
            "revenue": 1459369
        },
        "2009-04": {
            "month": "2009-04",
            "price": "29.17",
            "revenue": 1640173
        },
        "2009-05": {
            "month": "2009-05",
            "price": "31.64",
            "revenue": 1478776
        },
        "2009-06": {
            "month": "2009-06",
            "price": "28.76",
            "revenue": 1711301
        },
        "2009-07": {
            "month": "2009-07",
            "price": "31.41",
            "revenue": 1725501
        },
        "2009-08": {
            "month": "2009-08",
            "price": "32.40",
            "revenue": 1805348
        },
        "2009-09": {
            "month": "2009-09",
            "price": "37.64",
            "revenue": 1910371
        },
        "2009-10": {
            "month": "2009-10",
            "price": "39.30",
            "revenue": 1879400
        },
        "2009-11": {
            "month": "2009-11",
            "price": "39.75",
            "revenue": 1750614
        },
        "2009-12": {
            "month": "2009-12",
            "price": "43.14",
            "revenue": 1880885
        },
        "2010-01": {
            "month": "2010-01",
            "price": "43.49",
            "revenue": 2151528
        },
        "2010-02": {
            "month": "2010-02",
            "price": "39.94",
            "revenue": 1685753
        },
        "2010-03": {
            "month": "2010-03",
            "price": "42.13",
            "revenue": 2139411
        },
        "2010-04": {
            "month": "2010-04",
            "price": "46.50",
            "revenue": 2417865
        },
        "2010-05": {
            "month": "2010-05",
            "price": "45.40",
            "revenue": 2184883
        },
        "2010-06": {
            "month": "2010-06",
            "price": "45.38",
            "revenue": 2384959
        },
        "2010-07": {
            "month": "2010-07",
            "price": "44.99",
            "revenue": 2206242
        },
        "2010-08": {
            "month": "2010-08",
            "price": "47.18",
            "revenue": 2362900
        },
        "2010-09": {
            "month": "2010-09",
            "price": "52.68",
            "revenue": 2374071
        },
        "2010-10": {
            "month": "2010-10",
            "price": "54.53",
            "revenue": 2229528
        },
        "2010-11": {
            "month": "2010-11",
            "price": "55.96",
            "revenue": 2294189
        },
        "2010-12": {
            "month": "2010-12",
            "price": "58.94",
            "revenue": 2585602
        },
        "2011-01": {
            "month": "2011-01",
            "price": "59.88",
            "revenue": 2827511
        },
        "2011-02": {
            "month": "2011-02",
            "price": "59.57",
            "revenue": 2282844
        },
        "2011-03": {
            "month": "2011-03",
            "price": "57.98",
            "revenue": 3476214
        },
        "2011-04": {
            "month": "2011-04",
            "price": "58.62",
            "revenue": 2943308
        },
        "2011-05": {
            "month": "2011-05",
            "price": "55.94",
            "revenue": 2681504
        },
        "2011-06": {
            "month": "2011-06",
            "price": "55.57",
            "revenue": 2595691
        },
        "2011-07": {
            "month": "2011-07",
            "price": "52.11",
            "revenue": 2528515
        },
        "2011-08": {
            "month": "2011-08",
            "price": "45.52",
            "revenue": 2469196
        },
        "2011-09": {
            "month": "2011-09",
            "price": "42.25",
            "revenue": 2426082
        },
        "2011-10": {
            "month": "2011-10",
            "price": "40.20",
            "revenue": 2338567
        },
        "2011-11": {
            "month": "2011-11",
            "price": "38.67",
            "revenue": 2262255
        },
        "2011-12": {
            "month": "2011-12",
            "price": "36.39",
            "revenue": 2415662
        },
        "2012-01": {
            "month": "2012-01",
            "price": "36.84",
            "revenue": 2219506
        },
        "2012-02": {
            "month": "2012-02",
            "price": "40.99",
            "revenue": 2592145
        },
        "2012-03": {
            "month": "2012-03",
            "price": "42.84",
            "revenue": 2920532
        },
        "2012-04": {
            "month": "2012-04",
            "price": "39.64",
            "revenue": 2771238
        },
        "2012-05": {
            "month": "2012-05",
            "price": "39.45",
            "revenue": 2611167
        },
        "2012-06": {
            "month": "2012-06",
            "price": "38.32",
            "revenue": 2902683
        },
        "2012-07": {
            "month": "2012-07",
            "price": "37.68",
            "revenue": 2633519
        },
        "2012-08": {
            "month": "2012-08",
            "price": "38.75",
            "revenue": 2575720
        },
        "2012-09": {
            "month": "2012-09",
            "price": "38.82",
            "revenue": 2496294
        },
        "2012-10": {
            "month": "2012-10",
            "price": "38.04",
            "revenue": 2625037
        },
        "2012-11": {
            "month": "2012-11",
            "price": "38.96",
            "revenue": 2573538
        },
        "2012-12": {
            "month": "2012-12",
            "price": "39.33",
            "revenue": 2623895
        },
        "2013-01": {
            "month": "2013-01",
            "price": "39.53",
            "revenue": 2820294
        },
        "2013-02": {
            "month": "2013-02",
            "price": "41.23",
            "revenue": 2022441
        },
        "2013-03": {
            "month": "2013-03",
            "price": "42.19",
            "revenue": 2782732
        },
        "2013-04": {
            "month": "2013-04",
            "price": "44.02",
            "revenue": 3005236
        },
        "2013-05": {
            "month": "2013-05",
            "price": "45.06",
            "revenue": 3029392
        },
        "2013-06": {
            "month": "2013-06",
            "price": "43.56",
            "revenue": 2703209
        },
        "2013-07": {
            "month": "2013-07",
            "price": "42.14",
            "revenue": 2997001
        },
        "2013-08": {
            "month": "2013-08",
            "price": "41.68",
            "revenue": 3074898
        },
        "2013-09": {
            "month": "2013-09",
            "price": "42.03",
            "revenue": 3055366
        },
        "2013-10": {
            "month": "2013-10",
            "price": "44.18",
            "revenue": 2885828
        },
        "2013-11": {
            "month": "2013-11",
            "price": "45.78",
            "revenue": 2967488
        },
        "2013-12": {
            "month": "2013-12",
            "price": "46.68",
            "revenue": 3054512
        },
        "2014-01": {
            "month": "2014-01",
            "price": "47.95",
            "revenue": 3194067
        },
        "2014-02": {
            "month": "2014-02",
            "price": "49.51",
            "revenue": 2670929
        },
        "2014-03": {
            "month": "2014-03",
            "price": "56.05",
            "revenue": 3005924
        },
        "2014-04": {
            "month": "2014-04",
            "price": "60.19",
            "revenue": 3583252
        },
        "2014-05": {
            "month": "2014-05",
            "price": "58.51",
            "revenue": 3316224
        },
        "2014-06": {
            "month": "2014-06",
            "price": "59.38",
            "revenue": 3230638
        },
        "2014-07": {
            "month": "2014-07",
            "price": "58.82",
            "revenue": 3471488
        },
        "2014-08": {
            "month": "2014-08",
            "price": "57.18",
            "revenue": 3457029
        },
        "2014-09": {
            "month": "2014-09",
            "price": "55.28",
            "revenue": 3848675
        },
        "2014-10": {
            "month": "2014-10",
            "price": "52.64",
            "revenue": 3620615
        },
        "2014-11": {
            "month": "2014-11",
            "price": "52.84",
            "revenue": 3060514
        },
        "2014-12": {
            "month": "2014-12",
            "price": "52.87",
            "revenue": 3441394
        },
        "2015-01": {
            "month": "2015-01",
            "price": "54.26",
            "revenue": 3268248
        },
        "2015-02": {
            "month": "2015-02",
            "price": "54.06",
            "revenue": 2561153
        },
        "2015-03": {
            "month": "2015-03",
            "price": "55.03",
            "revenue": 3197971
        },
        "2015-04": {
            "month": "2015-04",
            "price": "55.60",
            "revenue": 3255764
        },
        "2015-05": {
            "month": "2015-05",
            "price": "55.12",
            "revenue": 3016596
        },
        "2015-06": {
            "month": "2015-06",
            "price": "52.49",
            "revenue": 3137449
        },
        "2015-07": {
            "month": "2015-07",
            "price": "49.48",
            "revenue": 3530181
        },
        "2015-08": {
            "month": "2015-08",
            "price": "43.38",
            "revenue": 3409130
        },
        "2015-09": {
            "month": "2015-09",
            "price": "43.92",
            "revenue": 3731241
        },
        "2015-10": {
            "month": "2015-10",
            "price": "45.53",
            "revenue": 3705920
        },
        "2015-11": {
            "month": "2015-11",
            "price": "44.94",
            "revenue": 3562771
        },
        "2015-12": {
            "month": "2015-12",
            "price": "44.42",
            "revenue": 3667241
        },
        "2016-01": {
            "month": "2016-01",
            "price": "42.99",
            "revenue": 3512371
        },
        "2016-02": {
            "month": "2016-02",
            "price": "44.17",
            "revenue": 2367313
        },
        "2016-03": {
            "month": "2016-03",
            "price": "45.11",
            "revenue": 3023101
        },
        "2016-04": {
            "month": "2016-04",
            "price": "44.36",
            "revenue": 3258575
        },
        "2016-05": {
            "month": "2016-05",
            "price": "44.11",
            "revenue": 3382568
        },
        "2016-06": {
            "month": "2016-06",
            "price": "46.36",
            "revenue": 3494443
        },
        "2016-07": {
            "month": "2016-07",
            "price": "48.53",
            "revenue": 3411519
        },
        "2016-08": {
            "month": "2016-08",
            "price": "47.80",
            "revenue": 3345911
        },
        "2016-09": {
            "month": "2016-09",
            "price": "46.24",
            "revenue": 3395447
        },
        "2016-10": {
            "month": "2016-10",
            "price": "45.57",
            "revenue": 3075441
        },
        "2016-11": {
            "month": "2016-11",
            "price": "44.37",
            "revenue": 3565292
        },
        "2016-12": {
            "month": "2016-12",
            "price": "46.35",
            "revenue": 3709820
        },
        "2017-01": {
            "month": "2017-01",
            "price": "46.20",
            "revenue": 3028467
        },
        "2017-02": {
            "month": "2017-02",
            "price": "48.28",
            "revenue": 2835448
        },
        "2017-03": {
            "month": "2017-03",
            "price": "49.27",
            "revenue": 3324555
        },
        "2017-04": {
            "month": "2017-04",
            "price": "48.96",
            "revenue": 3094190
        },
        "2017-05": {
            "month": "2017-05",
            "price": "49.81",
            "revenue": 3318759
        },
        "2017-06": {
            "month": "2017-06",
            "price": "50.70",
            "revenue": 3702159
        },
        "2017-07": {
            "month": "2017-07",
            "price": "50.67",
            "revenue": 3543706
        },
        "2017-08": {
            "month": "2017-08",
            "price": "51.36",
            "revenue": 4040806
        },
        "2017-09": {
            "month": "2017-09",
            "price": "50.41",
            "revenue": 4126518
        },
        "2017-10": {
            "month": "2017-10",
            "price": "52.49",
            "revenue": 3714571
        },
        "2017-11": {
            "month": "2017-11",
            "price": "55.19",
            "revenue": 4178535
        },
        "2017-12": {
            "month": "2017-12",
            "price": "55.45",
            "revenue": 4008207
        },
        "2018-01": {
            "month": "2018-01",
            "price": "56.75",
            "revenue": 4454548
        },
        "2018-02": {
            "month": "2018-02",
            "price": "55.37",
            "revenue": 2934674
        },
        "2018-03": {
            "month": "2018-03",
            "price": "58.21",
            "revenue": 4250940
        },
        "2018-04": {
            "month": "2018-04",
            "price": "56.87",
            "revenue": 4456151
        },
        "2018-05": {
            "month": "2018-05",
            "price": "55.87",
            "revenue": 4505026
        },
        "2018-06": {
            "month": "2018-06",
            "price": "56.18",
            "revenue": 4447218
        },
        "2018-07": {
            "month": "2018-07",
            "price": "53.34",
            "revenue": 4485027
        },
        "2018-08": {
            "month": "2018-08",
            "price": "54.90",
            "revenue": 4964122
        },
        "2018-09": {
            "month": "2018-09",
            "price": "55.22",
            "revenue": 4869053
        },
        "2018-10": {
            "month": "2018-10",
            "price": "51.40",
            "revenue": 4801984
        },
        "2018-11": {
            "month": "2018-11",
            "price": "50.65",
            "revenue": 4502740
        },
        "2018-12": {
            "month": "2018-12",
            "price": "50.14",
            "revenue": 4263533
        },
        "2019-01": {
            "month": "2019-01",
            "price": "50.07",
            "revenue": 4446960
        },
        "2019-02": {
            "month": "2019-02",
            "price": "51.66",
            "revenue": 3176868
        },
        "2019-03": {
            "month": "2019-03",
            "price": "52.83",
            "revenue": 4442052
        },
        "2019-04": {
            "month": "2019-04",
            "price": "54.36",
            "revenue": 4464438
        },
        "2019-05": {
            "month": "2019-05",
            "price": "53.52",
            "revenue": 4863442
        },
        "2019-06": {
            "month": "2019-06",
            "price": "53.99",
            "revenue": 4713613
        },
        "2019-07": {
            "month": "2019-07",
            "price": "53.14",
            "revenue": 4710534
        },
        "2019-08": {
            "month": "2019-08",
            "price": "53.51",
            "revenue": 4882520
        },
        "2019-09": {
            "month": "2019-09",
            "price": "53.59",
            "revenue": 4965446
        },
        "2019-10": {
            "month": "2019-10",
            "price": "53.39",
            "revenue": 4633874
        },
        "2019-11": {
            "month": "2019-11",
            "price": "55.70",
            "revenue": 4684271
        },
        "2019-12": {
            "month": "2019-12",
            "price": "57.05",
            "revenue": 4687402
        },
        "2020-01": {
            "month": "2020-01",
            "price": "56.75",
            "revenue": 4272418
        },
        "2020-02": {
            "month": "2020-02",
            "price": "55.01",
            "revenue": 3232286
        },
        "2020-03": {
            "month": "2020-03",
            "price": "49.52",
            "revenue": 4848323
        },
        "2020-04": {
            "month": "2020-04",
            "price": "50.80",
            "revenue": 5271180
        },
        "2020-05": {
            "month": "2020-05",
            "price": "54.82",
            "revenue": 4513772
        },
        "2020-06": {
            "month": "2020-06",
            "price": "55.88",
            "revenue": 5051499
        },
        "2020-07": {
            "month": "2020-07",
            "price": "54.84",
            "revenue": 5215809
        },
        "2020-08": {
            "month": "2020-08",
            "price": "57.91",
            "revenue": 5109468
        },
        "2020-09": {
            "month": "2020-09",
            "price": "56.64",
            "revenue": 5835215
        },
        "2020-10": {
            "month": "2020-10",
            "price": "59.65",
            "revenue": 5029834
        },
        "2020-11": {
            "month": "2020-11",
            "price": "69.10",
            "revenue": 5435634
        },
        "2020-12": {
            "month": "2020-12",
            "price": "76.71",
            "revenue": 5265482
        },
        "2021-01": {
            "month": "2021-01",
            "price": "75.96",
            "revenue": 5844746
        },
        "2021-02": {
            "month": "2021-02",
            "price": "78.00",
            "revenue": 4525154
        },
        "2021-03": {
            "month": "2021-03",
            "price": "80.85",
            "revenue": 5913640
        },
        "2021-04": {
            "month": "2021-04",
            "price": "81.84",
            "revenue": 5588007
        },
        "2021-05": {
            "month": "2021-05",
            "price": "76.89",
            "revenue": 5437199
        },
        "2021-06": {
            "month": "2021-06",
            "price": "79.40",
            "revenue": 5840628
        },
        "2021-07": {
            "month": "2021-07",
            "price": "85.64",
            "revenue": 6134070
        },
        "2021-08": {
            "month": "2021-08",
            "price": "88.12",
            "revenue": 6058979
        },
        "2021-09": {
            "month": "2021-09",
            "price": "83.37",
            "revenue": 6563249
        },
        "2021-10": {
            "month": "2021-10",
            "price": "81.68",
            "revenue": 6002467
        },
        "2021-11": {
            "month": "2021-11",
            "price": "88.50",
            "revenue": 6516097
        },
        "2021-12": {
            "month": "2021-12",
            "price": "95.73",
            "revenue": 6091067
        },
        "2022-01": {
            "month": "2022-01",
            "price": "104.78",
            "revenue": 7265769
        },
        "2022-02": {
            "month": "2022-02",
            "price": "106.57",
            "revenue": 5203560
        },
        "2022-03": {
            "month": "2022-03",
            "price": "107.89",
            "revenue": 7040557
        },
        "2022-04": {
            "month": "2022-04",
            "price": "105.29",
            "revenue": 5889814
        },
        "2022-05": {
            "month": "2022-05",
            "price": "101.44",
            "revenue": 5920056
        },
        "2022-06": {
            "month": "2022-06",
            "price": "98.21",
            "revenue": 6526360
        },
        "2022-07": {
            "month": "2022-07",
            "price": "83.39",
            "revenue": 6473883
        },
        "2022-08": {
            "month": "2022-08",
            "price": "90.78",
            "revenue": 6431519
        },
        "2022-09": {
            "month": "2022-09",
            "price": "89.30",
            "revenue": 6243745
        },
        "2022-10": {
            "month": "2022-10",
            "price": "81.42",
            "revenue": 5870003
        },
        "2022-11": {
            "month": "2022-11",
            "price": "84.00",
            "revenue": 5733451
        },
        "2022-12": {
            "month": "2022-12",
            "price": "85.67",
            "revenue": 4971579
        },
        "2023-01": {
            "month": "2023-01",
            "price": "85.15",
            "revenue": 4713572
        },
        "2023-02": {
            "month": "2023-02",
            "price": "87.10",
            "revenue": 4720799
        },
        "2023-03": {
            "month": "2023-03",
            "price": "88.30",
            "revenue": 4943913
        },
        "2023-04": {
            "month": "2023-04",
            "price": "87.84",
            "revenue": 5072591
        },
        "2023-05": {
            "month": "2023-05",
            "price": "85.97",
            "revenue": 5327248
        },
        "2023-06": {
            "month": "2023-06",
            "price": "86.90",
            "revenue": 5767235
        },
        "2023-07": {
            "month": "2023-07",
            "price": "81.40",
            "revenue": 5854910
        },
        "2023-08": {
            "month": "2023-08",
            "price": "85.98",
            "revenue": 6517958
        },
        "2023-09": {
            "month": "2023-09",
            "price": "92.93",
            "revenue": 6646333
        },
        "2023-10": {
            "month": "2023-10",
            "price": "94.63",
            "revenue": 6095725
        },
        "2023-11": {
            "month": "2023-11",
            "price": "99.17",
            "revenue": 5835256
        },
        "2023-12": {
            "month": "2023-12",
            "price": "99.18",
            "revenue": 5286870
        }
    }
}
