{
    "summary": {
        "stock_name": "今皓",
        "stock_id": "3011",
        "category": "電子零組件",
        "main_business": "有關電腦及其週邊產品、電子消費性與通訊用產品之連接線",
        "website_url": "http://www.jh.com.tw",
        "ceo": "吳家鑫",
        "pe_ratio": -90,
        "report_year_from": 2002,
        "report_year_to": 2023,
        "age": 21,
        "eps_negative_percentage": 52,
        "eps_growth_avg": {
            "last_all": -43.79,
            "last_2y": -100,
            "last_4y": -100,
            "last_8y": -100,
            "last_12y": -93.18,
            "last_16y": -89.9,
            "last_20y": -43.79,
            "at_2006_last_3y": -2.86,
            "at_2007_last_3y": -29.9,
            "at_2008_last_3y": -39.15,
            "at_2009_last_3y": -85.53,
            "at_2010_last_3y": -97.62,
            "at_2011_last_3y": -100,
            "at_2012_last_3y": -72.73,
            "at_2013_last_3y": -86.36,
            "at_2014_last_3y": -86.36,
            "at_2015_last_3y": -86.36,
            "at_2016_last_3y": -100,
            "at_2017_last_3y": -100,
            "at_2018_last_3y": -100,
            "at_2019_last_3y": -100,
            "at_2020_last_3y": -100,
            "at_2021_last_3y": null,
            "at_2022_last_3y": -100,
            "at_2023_last_3y": -100,
            "at_2006_last_all": 17.25,
            "at_2007_last_all": -1.5,
            "at_2008_last_all": -15.57,
            "at_2009_last_all": -15.57,
            "at_2010_last_all": -15.57,
            "at_2011_last_all": -15.57,
            "at_2012_last_all": -22.72,
            "at_2013_last_all": -31.3,
            "at_2014_last_all": -31.3,
            "at_2015_last_all": -31.3,
            "at_2016_last_all": -31.3,
            "at_2017_last_all": -38.17,
            "at_2018_last_all": -38.17,
            "at_2019_last_all": -38.17,
            "at_2020_last_all": -38.17,
            "at_2021_last_all": -38.17,
            "at_2022_last_all": -43.79,
            "at_2023_last_all": -43.79
        },
        "latest_eps": -0.34,
        "latest_price": 30.55,
        "latest_roe": -3.76,
        "latest_gross_margin": 11.11,
        "latest_equity": 990937,
        "latest_revenue": 268789,
        "latest_gross_profit": 29872,
        "latest_net_income": -33061,
        "latest_debt_ratio": 40.21,
        "latest_current_ratio": 204.24,
        "latest_account_receivable_turnover_ratio": 0.71,
        "latest_inventory_turnover_ratio": 0.73,
        "latest_reinvestment_rate": null,
        "latest_research_to_sale_ratio": 5.04
    },
    "eps_dividends": {
        "1999": {
            "cash": 0,
            "stock": 4,
            "eps": 0
        },
        "2000": {
            "cash": 0,
            "stock": 3,
            "eps": 0
        },
        "2001": {
            "cash": 0,
            "stock": 2.5,
            "eps": 0.86
        },
        "2002": {
            "cash": 0,
            "stock": 1,
            "eps": 1.7
        },
        "2003": {
            "cash": 0.36,
            "stock": 0.08,
            "eps": 1.92
        },
        "2004": {
            "cash": 0.74,
            "stock": 0.74,
            "eps": 0.71
        },
        "2005": {
            "cash": 0.2,
            "stock": 0.6,
            "eps": 1.63
        },
        "2006": {
            "cash": 0.51,
            "stock": 0.51,
            "eps": 0.63
        },
        "2007": {
            "cash": 0.2,
            "stock": 0.4,
            "eps": 0.03
        },
        "2008": {
            "cash": 0,
            "stock": 0,
            "eps": -0.37
        },
        "2009": {
            "cash": 0,
            "stock": 0,
            "eps": -0.3
        },
        "2010": {
            "cash": 0,
            "stock": 0,
            "eps": -0.1
        },
        "2011": {
            "cash": 0.1,
            "stock": 0,
            "eps": 0.11
        },
        "2012": {
            "cash": 0,
            "stock": 0,
            "eps": 0.03
        },
        "2013": {
            "cash": 0.1,
            "stock": 0,
            "eps": -0.85
        },
        "2014": {
            "cash": 0,
            "stock": 0,
            "eps": -0.63
        },
        "2015": {
            "cash": 0,
            "stock": 0,
            "eps": -0.93
        },
        "2016": {
            "cash": 0,
            "stock": 0,
            "eps": 0.02
        },
        "2017": {
            "cash": 0,
            "stock": 0,
            "eps": -0.91
        },
        "2018": {
            "cash": 0,
            "stock": 0,
            "eps": -0.3
        },
        "2019": {
            "cash": 0,
            "stock": 0,
            "eps": -0.78
        },
        "2020": {
            "cash": 0,
            "stock": 0,
            "eps": -0.8
        },
        "2021": {
            "cash": 0,
            "stock": 0,
            "eps": 0.59
        },
        "2022": {
            "cash": 0,
            "stock": 0,
            "eps": -0.11
        },
        "2023": {
            "cash": 0,
            "stock": 0,
            "eps": -0.29
        }
    },
    "dividends": {
        "1999-07-22": {
            "cash": 0,
            "stock": 4
        },
        "2000-06-30": {
            "cash": 0,
            "stock": 3
        },
        "2001-05-22": {
            "cash": 0,
            "stock": 2.5
        },
        "2002-05-31": {
            "cash": 0,
            "stock": 1
        },
        "2003-04-25": {
            "cash": 0.36,
            "stock": 0.08
        },
        "2004-04-09": {
            "cash": 0.74,
            "stock": 0.74
        },
        "2005-03-25": {
            "cash": 0.2,
            "stock": 0.6
        },
        "2006-05-04": {
            "cash": 0.51,
            "stock": 0.51
        },
        "2007-03-23": {
            "cash": 0.2,
            "stock": 0.4
        },
        "2011-01-01": {
            "cash": 0.1,
            "stock": 0
        },
        "2013-03-26": {
            "cash": 0.1,
            "stock": 0
        }
    },
    "prices": {
        "200101": "無",
        "200102": "無",
        "200103": "無",
        "200104": "無",
        "200105": "無",
        "200106": "無",
        "200107": "無",
        "200108": "無",
        "200109": "無",
        "200110": "無",
        "200111": "無",
        "200112": "無",
        "200201": "無",
        "200202": "無",
        "200203": "無",
        "200204": "無",
        "200205": "無",
        "200206": "無",
        "200207": "29.01",
        "200208": "27.25",
        "200209": "23.94",
        "200210": "27.39",
        "200211": "29.01",
        "200212": "26.36",
        "200301": "24.93",
        "200302": "22.35",
        "200303": "19.95",
        "200304": "19.73",
        "200305": "19.87",
        "200306": "24.81",
        "200307": "26.35",
        "200308": "24.77",
        "200309": "22.87",
        "200310": "24.22",
        "200311": "24.84",
        "200312": "24.24",
        "200401": "24.37",
        "200402": "25.02",
        "200403": "23.01",
        "200404": "21.24",
        "200405": "16.92",
        "200406": "17.97",
        "200407": "15.00",
        "200408": "14.21",
        "200409": "14.65",
        "200410": "14.64",
        "200411": "16.12",
        "200412": "22.08",
        "200501": "19.20",
        "200502": "22.18",
        "200503": "22.59",
        "200504": "22.43",
        "200505": "21.75",
        "200506": "23.60",
        "200507": "25.62",
        "200508": "23.47",
        "200509": "24.94",
        "200510": "22.57",
        "200511": "20.82",
        "200512": "22.83",
        "200601": "23.12",
        "200602": "20.25",
        "200603": "19.34",
        "200604": "19.53",
        "200605": "17.42",
        "200606": "14.92",
        "200607": "14.55",
        "200608": "14.43",
        "200609": "14.05",
        "200610": "15.76",
        "200611": "15.43",
        "200612": "15.48",
        "200701": "16.85",
        "200702": "16.02",
        "200703": "18.98",
        "200704": "18.66",
        "200705": "16.98",
        "200706": "18.49",
        "200707": "19.05",
        "200708": "16.48",
        "200709": "16.18",
        "200710": "15.55",
        "200711": "11.72",
        "200712": "10.00",
        "200801": "9.03",
        "200802": "8.26",
        "200803": "9.12",
        "200804": "9.18",
        "200805": "8.63",
        "200806": "7.25",
        "200807": "6.03",
        "200808": "6.25",
        "200809": "5.01",
        "200810": "4.39",
        "200811": "3.88",
        "200812": "3.68",
        "200901": "3.67",
        "200902": "3.73",
        "200903": "5.10",
        "200904": "7.71",
        "200905": "7.04",
        "200906": "7.52",
        "200907": "8.34",
        "200908": "9.79",
        "200909": "12.90",
        "200910": "13.52",
        "200911": "13.08",
        "200912": "14.08",
        "201001": "13.38",
        "201002": "11.23",
        "201003": "12.73",
        "201004": "13.72",
        "201005": "13.00",
        "201006": "12.42",
        "201007": "12.81",
        "201008": "12.69",
        "201009": "12.59",
        "201010": "12.28",
        "201011": "10.74",
        "201012": "10.81",
        "201101": "10.68",
        "201102": "10.69",
        "201103": "10.55",
        "201104": "10.22",
        "201105": "10.13",
        "201106": "9.95",
        "201107": "8.66",
        "201108": "7.32",
        "201109": "7.10",
        "201110": "7.40",
        "201111": "9.17",
        "201112": "8.56",
        "201201": "8.03",
        "201202": "8.88",
        "201203": "9.54",
        "201204": "8.26",
        "201205": "7.36",
        "201206": "7.34",
        "201207": "8.48",
        "201208": "9.21",
        "201209": "9.86",
        "201210": "8.94",
        "201211": "7.67",
        "201212": "8.37",
        "201301": "8.11",
        "201302": "8.08",
        "201303": "8.06",
        "201304": "7.91",
        "201305": "8.25",
        "201306": "8.07",
        "201307": "7.61",
        "201308": "7.20",
        "201309": "7.15",
        "201310": "7.22",
        "201311": "7.16",
        "201312": "7.17",
        "201401": "11.19",
        "201402": "14.30",
        "201403": "13.04",
        "201404": "12.21",
        "201405": "10.94",
        "201406": "11.96",
        "201407": "12.63",
        "201408": "11.15",
        "201409": "11.85",
        "201410": "9.94",
        "201411": "9.20",
        "201412": "9.64",
        "201501": "11.09",
        "201502": "10.69",
        "201503": "10.78",
        "201504": "10.15",
        "201505": "8.52",
        "201506": "7.28",
        "201507": "6.63",
        "201508": "5.12",
        "201509": "5.85",
        "201510": "6.40",
        "201511": "6.34",
        "201512": "5.99",
        "201601": "6.88",
        "201602": "7.30",
        "201603": "8.07",
        "201604": "8.25",
        "201605": "8.01",
        "201606": "7.74",
        "201607": "7.40",
        "201608": "7.49",
        "201609": "7.53",
        "201610": "7.21",
        "201611": "6.87",
        "201612": "7.11",
        "201701": "7.22",
        "201702": "8.40",
        "201703": "9.64",
        "201704": "8.52",
        "201705": "7.66",
        "201706": "7.72",
        "201707": "7.48",
        "201708": "7.30",
        "201709": "7.72",
        "201710": "7.87",
        "201711": "7.64",
        "201712": "7.14",
        "201801": "7.29",
        "201802": "6.97",
        "201803": "8.02",
        "201804": "7.71",
        "201805": "8.32",
        "201806": "9.90",
        "201807": "10.74",
        "201808": "9.94",
        "201809": "8.99",
        "201810": "7.28",
        "201811": "7.46",
        "201812": "7.68",
        "201901": "7.28",
        "201902": "7.77",
        "201903": "7.88",
        "201904": "8.10",
        "201905": "7.30",
        "201906": "7.12",
        "201907": "7.22",
        "201908": "7.08",
        "201909": "6.91",
        "201910": "6.67",
        "201911": "6.42",
        "201912": "6.41",
        "202001": "6.57",
        "202002": "6.25",
        "202003": "4.79",
        "202004": "5.20",
        "202005": "5.34",
        "202006": "5.70",
        "202007": "5.92",
        "202008": "5.80",
        "202009": "6.49",
        "202010": "6.44",
        "202011": "6.23",
        "202012": "6.82",
        "202101": "6.66",
        "202102": "6.60",
        "202103": "7.25",
        "202104": "9.01",
        "202105": "7.88",
        "202106": "7.79",
        "202107": "8.84",
        "202108": "8.87",
        "202109": "11.01",
        "202110": "10.68",
        "202111": "12.01",
        "202112": "11.72",
        "202201": "10.53",
        "202202": "11.15",
        "202203": "13.83",
        "202204": "21.19",
        "202205": "18.51",
        "202206": "18.88",
        "202207": "20.01",
        "202208": "20.01",
        "202209": "15.66",
        "202210": "13.52",
        "202211": "15.29",
        "202212": "16.78",
        "202301": "17.34",
        "202302": "18.67",
        "202303": "22.12",
        "202304": "28.31",
        "202305": "28.65",
        "202306": "28.49"
    },
    "quarters": {
        "20011": {
            "year_quarter": 20011,
            "year": 2001,
            "quarter": 1,
            "eps": 0.05,
            "eps_growth_year": -66.67,
            "eps_4q": 1.57,
            "eps_4q_growth_year": null,
            "roe": 0.32,
            "roe_4q": 0.32,
            "gross_profit": 27020,
            "gross_margin": 19.37,
            "gross_margin_4q_avg": 19.37,
            "net_income": 2484,
            "revenue": 139510,
            "common_shares": 487447,
            "book_valuer_per_share": 15.79,
            "book_valuer_per_share_4q_avg": 15.79,
            "equity": 769879,
            "current_ratio": 183.36,
            "debt_ratio": 31.46,
            "inventory_turnover_ratio": 0.62,
            "account_receivable_turnover_ratio": null,
            "reinvestment_rate": null,
            "research_to_sale_ratio": null,
            "price_fair": 0,
            "eps_avg_yearly": 0,
            "eps_latest_yearly": 0,
            "eps_growth_yearly": 0
        },
        "20012": {
            "year_quarter": 20012,
            "year": 2001,
            "quarter": 2,
            "eps": 0.25,
            "eps_growth_year": 66.67,
            "eps_4q": 1.38,
            "eps_4q_growth_year": null,
            "roe": 1.98,
            "roe_4q": 2.3,
            "gross_profit": 25878,
            "gross_margin": 18.35,
            "gross_margin_4q_avg": 18.86,
            "net_income": 15605,
            "revenue": 141062,
            "common_shares": 487447,
            "book_valuer_per_share": 16.47,
            "book_valuer_per_share_4q_avg": 16.13,
            "equity": 802683,
            "current_ratio": 191.61,
            "debt_ratio": 30.22,
            "inventory_turnover_ratio": 0.76,
            "account_receivable_turnover_ratio": null,
            "reinvestment_rate": null,
            "research_to_sale_ratio": null,
            "price_fair": 0,
            "eps_avg_yearly": 0,
            "eps_latest_yearly": 0,
            "eps_growth_yearly": 0
        },
        "20013": {
            "year_quarter": 20013,
            "year": 2001,
            "quarter": 3,
            "eps": 0.2,
            "eps_growth_year": -81.98,
            "eps_4q": 0.71,
            "eps_4q_growth_year": -67.58,
            "roe": 1.56,
            "roe_4q": 3.86,
            "gross_profit": 38223,
            "gross_margin": 19.89,
            "gross_margin_4q_avg": 19.2,
            "net_income": 12651,
            "revenue": 192190,
            "common_shares": 619631,
            "book_valuer_per_share": 13.28,
            "book_valuer_per_share_4q_avg": 15.18,
            "equity": 822836,
            "current_ratio": 192.98,
            "debt_ratio": 28.16,
            "inventory_turnover_ratio": 1.02,
            "account_receivable_turnover_ratio": null,
            "reinvestment_rate": null,
            "research_to_sale_ratio": null,
            "price_fair": 0,
            "eps_avg_yearly": 0,
            "eps_latest_yearly": 0,
            "eps_growth_yearly": 0
        },
        "20014": {
            "year_quarter": 20014,
            "year": 2001,
            "quarter": 4,
            "eps": 0.36,
            "eps_growth_year": 24.14,
            "eps_4q": 0.85,
            "eps_4q_growth_year": -49.37,
            "roe": 2.67,
            "roe_4q": 6.530000000000001,
            "gross_profit": 51729,
            "gross_margin": 23.17,
            "gross_margin_4q_avg": 20.2,
            "net_income": 22427,
            "revenue": 223235,
            "common_shares": 619631,
            "book_valuer_per_share": 13.81,
            "book_valuer_per_share_4q_avg": 14.84,
            "equity": 855585,
            "current_ratio": 323.17,
            "debt_ratio": 24.99,
            "inventory_turnover_ratio": 0.85,
            "account_receivable_turnover_ratio": null,
            "reinvestment_rate": null,
            "research_to_sale_ratio": null,
            "price_fair": 0,
            "eps_avg_yearly": 0,
            "eps_latest_yearly": 0,
            "eps_growth_yearly": 0
        },
        "20021": {
            "year_quarter": 20021,
            "year": 2002,
            "quarter": 1,
            "eps": 0.45,
            "eps_growth_year": 800,
            "eps_4q": 1.27,
            "eps_4q_growth_year": -19.58,
            "roe": 3.21,
            "roe_4q": 9.42,
            "gross_profit": 42502,
            "gross_margin": 19.25,
            "gross_margin_4q_avg": 20.17,
            "net_income": 27949,
            "revenue": 220761,
            "common_shares": 619631,
            "book_valuer_per_share": 14.33,
            "book_valuer_per_share_4q_avg": 14.47,
            "equity": 887772,
            "current_ratio": 177.74,
            "debt_ratio": 31.79,
            "inventory_turnover_ratio": 0.9,
            "account_receivable_turnover_ratio": null,
            "reinvestment_rate": null,
            "research_to_sale_ratio": null,
            "price_fair": 63,
            "eps_avg_yearly": 1.8,
            "eps_latest_yearly": 1.8,
            "eps_growth_yearly": 100
        },
        "20022": {
            "year_quarter": 20022,
            "year": 2002,
            "quarter": 2,
            "eps": 0.3,
            "eps_growth_year": 20,
            "eps_4q": 1.33,
            "eps_4q_growth_year": -4.12,
            "roe": 2.07,
            "roe_4q": 9.51,
            "gross_profit": 53906,
            "gross_margin": 24.9,
            "gross_margin_4q_avg": 21.8,
            "net_income": 18404,
            "revenue": 216513,
            "common_shares": 619631,
            "book_valuer_per_share": 14.43,
            "book_valuer_per_share_4q_avg": 13.96,
            "equity": 894121,
            "current_ratio": 179.11,
            "debt_ratio": 32.3,
            "inventory_turnover_ratio": 1.11,
            "account_receivable_turnover_ratio": null,
            "reinvestment_rate": null,
            "research_to_sale_ratio": null,
            "price_fair": 4.5,
            "eps_avg_yearly": 1.5,
            "eps_latest_yearly": 1.2,
            "eps_growth_yearly": -16.67
        },
        "20023": {
            "year_quarter": 20023,
            "year": 2002,
            "quarter": 3,
            "eps": 0.44,
            "eps_growth_year": 120,
            "eps_4q": 1.44,
            "eps_4q_growth_year": 103.73,
            "roe": 3.31,
            "roe_4q": 11.26,
            "gross_profit": 50498,
            "gross_margin": 23.66,
            "gross_margin_4q_avg": 22.75,
            "net_income": 30238,
            "revenue": 213433,
            "common_shares": 687456,
            "book_valuer_per_share": 13.61,
            "book_valuer_per_share_4q_avg": 14.05,
            "equity": 935596,
            "current_ratio": 189.13,
            "debt_ratio": 29.52,
            "inventory_turnover_ratio": 1.15,
            "account_receivable_turnover_ratio": null,
            "reinvestment_rate": null,
            "research_to_sale_ratio": null,
            "price_fair": 55.53,
            "eps_avg_yearly": 1.59,
            "eps_latest_yearly": 1.76,
            "eps_growth_yearly": 51.11
        },
        "20024": {
            "year_quarter": 20024,
            "year": 2002,
            "quarter": 4,
            "eps": 0.51,
            "eps_growth_year": 41.67,
            "eps_4q": 1.62,
            "eps_4q_growth_year": 89.76,
            "roe": 3.7,
            "roe_4q": 12.29,
            "gross_profit": 63206,
            "gross_margin": 27.32,
            "gross_margin_4q_avg": 23.78,
            "net_income": 35207,
            "revenue": 231366,
            "common_shares": 687455,
            "book_valuer_per_share": 14.11,
            "book_valuer_per_share_4q_avg": 14.12,
            "equity": 969973,
            "current_ratio": 391.09,
            "debt_ratio": 41.96,
            "inventory_turnover_ratio": 1.01,
            "account_receivable_turnover_ratio": null,
            "reinvestment_rate": null,
            "research_to_sale_ratio": null,
            "price_fair": 59.5,
            "eps_avg_yearly": 1.7,
            "eps_latest_yearly": 2.04,
            "eps_growth_yearly": 54.24
        },
        "20031": {
            "year_quarter": 20031,
            "year": 2003,
            "quarter": 1,
            "eps": 0.36,
            "eps_growth_year": -20,
            "eps_4q": 1.51,
            "eps_4q_growth_year": 19.28,
            "roe": 2.55,
            "roe_4q": 11.63,
            "gross_profit": 49081,
            "gross_margin": 23.28,
            "gross_margin_4q_avg": 24.79,
            "net_income": 26245,
            "revenue": 210857,
            "common_shares": 723933,
            "book_valuer_per_share": 15,
            "book_valuer_per_share_4q_avg": 14.29,
            "equity": 1086188,
            "current_ratio": 283.16,
            "debt_ratio": 38.25,
            "inventory_turnover_ratio": 0.95,
            "account_receivable_turnover_ratio": null,
            "reinvestment_rate": null,
            "research_to_sale_ratio": null,
            "price_fair": 49.22,
            "eps_avg_yearly": 1.65,
            "eps_latest_yearly": 1.44,
            "eps_growth_yearly": 19.86
        },
        "20032": {
            "year_quarter": 20032,
            "year": 2003,
            "quarter": 2,
            "eps": 0.33,
            "eps_growth_year": 10,
            "eps_4q": 1.58,
            "eps_4q_growth_year": 18.84,
            "roe": 2.21,
            "roe_4q": 11.770000000000001,
            "gross_profit": 42315,
            "gross_margin": 20.73,
            "gross_margin_4q_avg": 23.75,
            "net_income": 24254,
            "revenue": 204121,
            "common_shares": 734209,
            "book_valuer_per_share": 15.04,
            "book_valuer_per_share_4q_avg": 14.44,
            "equity": 1104454,
            "current_ratio": 297.01,
            "debt_ratio": 36.24,
            "inventory_turnover_ratio": 1.21,
            "account_receivable_turnover_ratio": null,
            "reinvestment_rate": null,
            "research_to_sale_ratio": null,
            "price_fair": 33.46,
            "eps_avg_yearly": 1.59,
            "eps_latest_yearly": 1.32,
            "eps_growth_yearly": 11
        },
        "20033": {
            "year_quarter": 20033,
            "year": 2003,
            "quarter": 3,
            "eps": 0.8,
            "eps_growth_year": 81.82,
            "eps_4q": 1.87,
            "eps_4q_growth_year": 29.71,
            "roe": 5.58,
            "roe_4q": 14.04,
            "gross_profit": 55252,
            "gross_margin": 18,
            "gross_margin_4q_avg": 22.33,
            "net_income": 64141,
            "revenue": 307020,
            "common_shares": 817177,
            "book_valuer_per_share": 14.6,
            "book_valuer_per_share_4q_avg": 14.69,
            "equity": 1193360,
            "current_ratio": 316.88,
            "debt_ratio": 34.09,
            "inventory_turnover_ratio": 2,
            "account_receivable_turnover_ratio": null,
            "reinvestment_rate": 59.32,
            "research_to_sale_ratio": null,
            "price_fair": 63.8,
            "eps_avg_yearly": 1.82,
            "eps_latest_yearly": 3.2,
            "eps_growth_yearly": 90.81
        },
        "20034": {
            "year_quarter": 20034,
            "year": 2003,
            "quarter": 4,
            "eps": 0.43,
            "eps_growth_year": -15.69,
            "eps_4q": 1.85,
            "eps_4q_growth_year": 13.93,
            "roe": 2.88,
            "roe_4q": 13.220000000000002,
            "gross_profit": 56780,
            "gross_margin": 20.62,
            "gross_margin_4q_avg": 20.66,
            "net_income": 34834,
            "revenue": 275315,
            "common_shares": 818442,
            "book_valuer_per_share": 15.02,
            "book_valuer_per_share_4q_avg": 14.92,
            "equity": 1229113,
            "current_ratio": 454.07,
            "debt_ratio": 32.2,
            "inventory_turnover_ratio": 1.37,
            "account_receivable_turnover_ratio": null,
            "reinvestment_rate": 82.18,
            "research_to_sale_ratio": null,
            "price_fair": 63.35,
            "eps_avg_yearly": 1.81,
            "eps_latest_yearly": 1.72,
            "eps_growth_yearly": 56.34
        },
        "20041": {
            "year_quarter": 20041,
            "year": 2004,
            "quarter": 1,
            "eps": 0.07,
            "eps_growth_year": -80.56,
            "eps_4q": 1.56,
            "eps_4q_growth_year": 3.31,
            "roe": 0.47,
            "roe_4q": 11.14,
            "gross_profit": 48526,
            "gross_margin": 23.08,
            "gross_margin_4q_avg": 20.61,
            "net_income": 5789,
            "revenue": 210251,
            "common_shares": 818442,
            "book_valuer_per_share": 14.87,
            "book_valuer_per_share_4q_avg": 14.88,
            "equity": 1217302,
            "current_ratio": 363.06,
            "debt_ratio": 32.64,
            "inventory_turnover_ratio": 1.06,
            "account_receivable_turnover_ratio": null,
            "reinvestment_rate": 40.5,
            "research_to_sale_ratio": null,
            "price_fair": 37.5,
            "eps_avg_yearly": 1.64,
            "eps_latest_yearly": 0.28,
            "eps_growth_yearly": 12.87
        },
        "20042": {
            "year_quarter": 20042,
            "year": 2004,
            "quarter": 2,
            "eps": 0.34,
            "eps_growth_year": 3.03,
            "eps_4q": 1.62,
            "eps_4q_growth_year": 2.74,
            "roe": 2.39,
            "roe_4q": 11.32,
            "gross_profit": 52036,
            "gross_margin": 21.66,
            "gross_margin_4q_avg": 20.84,
            "net_income": 27810,
            "revenue": 240220,
            "common_shares": 818442,
            "book_valuer_per_share": 13.58,
            "book_valuer_per_share_4q_avg": 14.52,
            "equity": 1111078,
            "current_ratio": 148.37,
            "debt_ratio": 39.25,
            "inventory_turnover_ratio": 1.57,
            "account_receivable_turnover_ratio": null,
            "reinvestment_rate": 32.8,
            "research_to_sale_ratio": null,
            "price_fair": 56.42,
            "eps_avg_yearly": 1.61,
            "eps_latest_yearly": 1.36,
            "eps_growth_yearly": 165.87
        },
        "20043": {
            "year_quarter": 20043,
            "year": 2004,
            "quarter": 3,
            "eps": 0.38,
            "eps_growth_year": -52.5,
            "eps_4q": 1.17,
            "eps_4q_growth_year": -37.39,
            "roe": 2.93,
            "roe_4q": 8.67,
            "gross_profit": 82265,
            "gross_margin": 27.15,
            "gross_margin_4q_avg": 23.13,
            "net_income": 32914,
            "revenue": 303011,
            "common_shares": 848519,
            "book_valuer_per_share": 13.43,
            "book_valuer_per_share_4q_avg": 14.23,
            "equity": 1139162,
            "current_ratio": 158,
            "debt_ratio": 37.17,
            "inventory_turnover_ratio": 1.46,
            "account_receivable_turnover_ratio": null,
            "reinvestment_rate": 34.4,
            "research_to_sale_ratio": null,
            "price_fair": 56.13,
            "eps_avg_yearly": 1.6,
            "eps_latest_yearly": 1.52,
            "eps_growth_yearly": 155.07
        },
        "20044": {
            "year_quarter": 20044,
            "year": 2004,
            "quarter": 4,
            "eps": -0.08,
            "eps_growth_year": -118.6,
            "eps_4q": 0.66,
            "eps_4q_growth_year": -64.23,
            "roe": -0.55,
            "roe_4q": 5.239999999999999,
            "gross_profit": 112120,
            "gross_margin": 25.51,
            "gross_margin_4q_avg": 24.35,
            "net_income": -6987,
            "revenue": 439445,
            "common_shares": 1020463,
            "book_valuer_per_share": 13.66,
            "book_valuer_per_share_4q_avg": 13.89,
            "equity": 1394070,
            "current_ratio": 269.47,
            "debt_ratio": 28.27,
            "inventory_turnover_ratio": 1.27,
            "account_receivable_turnover_ratio": null,
            "reinvestment_rate": 92.57,
            "research_to_sale_ratio": null,
            "price_fair": 56.13,
            "eps_avg_yearly": 1.6,
            "eps_latest_yearly": 1.52,
            "eps_growth_yearly": 155.07
        },
        "20051": {
            "year_quarter": 20051,
            "year": 2005,
            "quarter": 1,
            "eps": 0.37,
            "eps_growth_year": 428.57,
            "eps_4q": 0.9,
            "eps_4q_growth_year": -42.18,
            "roe": 2.65,
            "roe_4q": 7.42,
            "gross_profit": 73610,
            "gross_margin": 21.31,
            "gross_margin_4q_avg": 23.91,
            "net_income": 37372,
            "revenue": 345491,
            "common_shares": 1020463,
            "book_valuer_per_share": 13.96,
            "book_valuer_per_share_4q_avg": 13.66,
            "equity": 1425042,
            "current_ratio": 253.82,
            "debt_ratio": 24.53,
            "inventory_turnover_ratio": 1.01,
            "account_receivable_turnover_ratio": null,
            "reinvestment_rate": 29.18,
            "research_to_sale_ratio": null,
            "price_fair": 56.13,
            "eps_avg_yearly": 1.6,
            "eps_latest_yearly": 1.52,
            "eps_growth_yearly": 155.07
        },
        "20052": {
            "year_quarter": 20052,
            "year": 2005,
            "quarter": 2,
            "eps": 0.25,
            "eps_growth_year": -26.47,
            "eps_4q": 0.87,
            "eps_4q_growth_year": -46.34,
            "roe": 1.8,
            "roe_4q": 6.83,
            "gross_profit": 66120,
            "gross_margin": 19.92,
            "gross_margin_4q_avg": 23.47,
            "net_income": 25533,
            "revenue": 331858,
            "common_shares": 1020463,
            "book_valuer_per_share": 13.88,
            "book_valuer_per_share_4q_avg": 13.73,
            "equity": 1416378,
            "current_ratio": 242.95,
            "debt_ratio": 23.86,
            "inventory_turnover_ratio": 1.54,
            "account_receivable_turnover_ratio": null,
            "reinvestment_rate": 28.64,
            "research_to_sale_ratio": null,
            "price_fair": 54.37,
            "eps_avg_yearly": 1.55,
            "eps_latest_yearly": 1,
            "eps_growth_yearly": 131.33
        },
        "20053": {
            "year_quarter": 20053,
            "year": 2005,
            "quarter": 3,
            "eps": 0.67,
            "eps_growth_year": 76.32,
            "eps_4q": 1.18,
            "eps_4q_growth_year": 1.18,
            "roe": 4.93,
            "roe_4q": 8.829999999999998,
            "gross_profit": 76422,
            "gross_margin": 18.42,
            "gross_margin_4q_avg": 21.29,
            "net_income": 72908,
            "revenue": 414822,
            "common_shares": 1085004,
            "book_valuer_per_share": 14.23,
            "book_valuer_per_share_4q_avg": 13.93,
            "equity": 1543999,
            "current_ratio": 248.3,
            "debt_ratio": 23.27,
            "inventory_turnover_ratio": 2.39,
            "account_receivable_turnover_ratio": null,
            "reinvestment_rate": 24.99,
            "research_to_sale_ratio": null,
            "price_fair": 57.4,
            "eps_avg_yearly": 1.64,
            "eps_latest_yearly": 2.68,
            "eps_growth_yearly": 172.92
        },
        "20054": {
            "year_quarter": 20054,
            "year": 2005,
            "quarter": 4,
            "eps": 0.34,
            "eps_growth_year": null,
            "eps_4q": 1.58,
            "eps_4q_growth_year": 140,
            "roe": 2.38,
            "roe_4q": 11.76,
            "gross_profit": 78173,
            "gross_margin": 20.53,
            "gross_margin_4q_avg": 20.05,
            "net_income": 37119,
            "revenue": 380707,
            "common_shares": 1085004,
            "book_valuer_per_share": 14.48,
            "book_valuer_per_share_4q_avg": 14.14,
            "equity": 1571204,
            "current_ratio": 279.19,
            "debt_ratio": 26.28,
            "inventory_turnover_ratio": 1.61,
            "account_receivable_turnover_ratio": null,
            "reinvestment_rate": 96.46,
            "research_to_sale_ratio": null,
            "price_fair": 56.7,
            "eps_avg_yearly": 1.62,
            "eps_latest_yearly": 1.36,
            "eps_growth_yearly": 146.5
        },
        "20061": {
            "year_quarter": 20061,
            "year": 2006,
            "quarter": 1,
            "eps": 0.1,
            "eps_growth_year": -72.97,
            "eps_4q": 1.33,
            "eps_4q_growth_year": 48,
            "roe": 0.69,
            "roe_4q": 9.8,
            "gross_profit": 37095,
            "gross_margin": 12.68,
            "gross_margin_4q_avg": 17.89,
            "net_income": 10977,
            "revenue": 292523,
            "common_shares": 1085004,
            "book_valuer_per_share": 14.66,
            "book_valuer_per_share_4q_avg": 14.31,
            "equity": 1590381,
            "current_ratio": 219.55,
            "debt_ratio": 24.9,
            "inventory_turnover_ratio": 1.36,
            "account_receivable_turnover_ratio": null,
            "reinvestment_rate": 24.8,
            "research_to_sale_ratio": null,
            "price_fair": 53.2,
            "eps_avg_yearly": 1.52,
            "eps_latest_yearly": 0.4,
            "eps_growth_yearly": 119.19
        },
        "20062": {
            "year_quarter": 20062,
            "year": 2006,
            "quarter": 2,
            "eps": 0.05,
            "eps_growth_year": -80,
            "eps_4q": 1.17,
            "eps_4q_growth_year": 34.76,
            "roe": 0.34,
            "roe_4q": 8.34,
            "gross_profit": 36152,
            "gross_margin": 14.59,
            "gross_margin_4q_avg": 16.56,
            "net_income": 5392,
            "revenue": 247759,
            "common_shares": 1085004,
            "book_valuer_per_share": 14.15,
            "book_valuer_per_share_4q_avg": 14.38,
            "equity": 1535625,
            "current_ratio": 221.62,
            "debt_ratio": 23.64,
            "inventory_turnover_ratio": 1.65,
            "account_receivable_turnover_ratio": null,
            "reinvestment_rate": 25.78,
            "research_to_sale_ratio": null,
            "price_fair": 50.7,
            "eps_avg_yearly": 1.45,
            "eps_latest_yearly": 0.2,
            "eps_growth_yearly": 114.43
        },
        "20063": {
            "year_quarter": 20063,
            "year": 2006,
            "quarter": 3,
            "eps": 0.33,
            "eps_growth_year": -50.75,
            "eps_4q": 0.8,
            "eps_4q_growth_year": -32.45,
            "roe": 2.4,
            "roe_4q": 5.81,
            "gross_profit": 37231,
            "gross_margin": 11.79,
            "gross_margin_4q_avg": 14.9,
            "net_income": 37576,
            "revenue": 315909,
            "common_shares": 1136572,
            "book_valuer_per_share": 14.04,
            "book_valuer_per_share_4q_avg": 14.33,
            "equity": 1595560,
            "current_ratio": 224.13,
            "debt_ratio": 22.87,
            "inventory_turnover_ratio": 2.2,
            "account_receivable_turnover_ratio": null,
            "reinvestment_rate": 18.63,
            "research_to_sale_ratio": null,
            "price_fair": 49.6,
            "eps_avg_yearly": 1.42,
            "eps_latest_yearly": 1.32,
            "eps_growth_yearly": 261.09
        },
        "20064": {
            "year_quarter": 20064,
            "year": 2006,
            "quarter": 4,
            "eps": 0.15,
            "eps_growth_year": -55.88,
            "eps_4q": 0.64,
            "eps_4q_growth_year": -59.83,
            "roe": 1.04,
            "roe_4q": 4.47,
            "gross_profit": 41647,
            "gross_margin": 15.13,
            "gross_margin_4q_avg": 13.55,
            "net_income": 16642,
            "revenue": 275194,
            "common_shares": 1136572,
            "book_valuer_per_share": 14.15,
            "book_valuer_per_share_4q_avg": 14.25,
            "equity": 1608397,
            "current_ratio": 339.26,
            "debt_ratio": 22.32,
            "inventory_turnover_ratio": 1.26,
            "account_receivable_turnover_ratio": null,
            "reinvestment_rate": 71.47,
            "research_to_sale_ratio": null,
            "price_fair": 46,
            "eps_avg_yearly": 1.31,
            "eps_latest_yearly": 0.6,
            "eps_growth_yearly": 240.96
        },
        "20071": {
            "year_quarter": 20071,
            "year": 2007,
            "quarter": 1,
            "eps": 0.13,
            "eps_growth_year": 30,
            "eps_4q": 0.64,
            "eps_4q_growth_year": -52.34,
            "roe": 0.93,
            "roe_4q": 4.71,
            "gross_profit": 31442,
            "gross_margin": 12.76,
            "gross_margin_4q_avg": 13.57,
            "net_income": 15306,
            "revenue": 246411,
            "common_shares": 1136572,
            "book_valuer_per_share": 14.66,
            "book_valuer_per_share_4q_avg": 14.25,
            "equity": 1665981,
            "current_ratio": 284.52,
            "debt_ratio": 19.23,
            "inventory_turnover_ratio": 1.29,
            "account_receivable_turnover_ratio": null,
            "reinvestment_rate": -10.02,
            "research_to_sale_ratio": null,
            "price_fair": 43.7,
            "eps_avg_yearly": 1.25,
            "eps_latest_yearly": 0.52,
            "eps_growth_yearly": 245.56
        },
        "20072": {
            "year_quarter": 20072,
            "year": 2007,
            "quarter": 2,
            "eps": -0.06,
            "eps_growth_year": -220,
            "eps_4q": 0.55,
            "eps_4q_growth_year": -52.9,
            "roe": -0.41,
            "roe_4q": 3.96,
            "gross_profit": 32488,
            "gross_margin": 13.26,
            "gross_margin_4q_avg": 13.24,
            "net_income": -6779,
            "revenue": 245048,
            "common_shares": 1136572,
            "book_valuer_per_share": 14.51,
            "book_valuer_per_share_4q_avg": 14.34,
            "equity": 1649402,
            "current_ratio": 258.07,
            "debt_ratio": 20.5,
            "inventory_turnover_ratio": 2.13,
            "account_receivable_turnover_ratio": null,
            "reinvestment_rate": -8.94,
            "research_to_sale_ratio": null,
            "price_fair": 43.51,
            "eps_avg_yearly": 1.24,
            "eps_latest_yearly": 0.52,
            "eps_growth_yearly": 267.01
        },
        "20073": {
            "year_quarter": 20073,
            "year": 2007,
            "quarter": 3,
            "eps": -0.09,
            "eps_growth_year": -127.27,
            "eps_4q": 0.12,
            "eps_4q_growth_year": -84.48,
            "roe": -0.63,
            "roe_4q": 0.93,
            "gross_profit": 41957,
            "gross_margin": 11.86,
            "gross_margin_4q_avg": 13.25,
            "net_income": -10376,
            "revenue": 353689,
            "common_shares": 1191662,
            "book_valuer_per_share": 13.78,
            "book_valuer_per_share_4q_avg": 14.28,
            "equity": 1641881,
            "current_ratio": 257.25,
            "debt_ratio": 20.85,
            "inventory_turnover_ratio": 2.84,
            "account_receivable_turnover_ratio": null,
            "reinvestment_rate": -10.45,
            "research_to_sale_ratio": null,
            "price_fair": 37.8,
            "eps_avg_yearly": 1.08,
            "eps_latest_yearly": 0.52,
            "eps_growth_yearly": 241.78
        },
        "20074": {
            "year_quarter": 20074,
            "year": 2007,
            "quarter": 4,
            "eps": 0.05,
            "eps_growth_year": -66.67,
            "eps_4q": 0.03,
            "eps_4q_growth_year": -94.74,
            "roe": 0.34,
            "roe_4q": 0.2300000000000001,
            "gross_profit": 43030,
            "gross_margin": 13.92,
            "gross_margin_4q_avg": 12.95,
            "net_income": 5581,
            "revenue": 309019,
            "common_shares": 1191662,
            "book_valuer_per_share": 14.12,
            "book_valuer_per_share_4q_avg": 14.27,
            "equity": 1682035,
            "current_ratio": 301.22,
            "debt_ratio": 24.86,
            "inventory_turnover_ratio": 1.32,
            "account_receivable_turnover_ratio": null,
            "reinvestment_rate": 88.13,
            "research_to_sale_ratio": null,
            "price_fair": 35.76,
            "eps_avg_yearly": 1.02,
            "eps_latest_yearly": 0.52,
            "eps_growth_yearly": 280.58
        },
        "20081": {
            "year_quarter": 20081,
            "year": 2008,
            "quarter": 1,
            "eps": -0.4,
            "eps_growth_year": -407.69,
            "eps_4q": -0.5,
            "eps_4q_growth_year": -178.3,
            "roe": -2.9,
            "roe_4q": -3.6,
            "gross_profit": 19592,
            "gross_margin": 6.2,
            "gross_margin_4q_avg": 11.31,
            "net_income": -47131,
            "revenue": 316102,
            "common_shares": 1191663,
            "book_valuer_per_share": 13.16,
            "book_valuer_per_share_4q_avg": 13.89,
            "equity": 1568634,
            "current_ratio": 365.34,
            "debt_ratio": 20.28,
            "inventory_turnover_ratio": 1.07,
            "account_receivable_turnover_ratio": null,
            "reinvestment_rate": 224.94,
            "research_to_sale_ratio": null,
            "price_fair": 38.36,
            "eps_avg_yearly": 1.1,
            "eps_latest_yearly": 0.52,
            "eps_growth_yearly": 342.13
        },
        "20082": {
            "year_quarter": 20082,
            "year": 2008,
            "quarter": 2,
            "eps": -0.3,
            "eps_growth_year": null,
            "eps_4q": -0.74,
            "eps_4q_growth_year": -233.4,
            "roe": -2.29,
            "roe_4q": -5.4799999999999995,
            "gross_profit": 6463,
            "gross_margin": 2.05,
            "gross_margin_4q_avg": 8.51,
            "net_income": -35836,
            "revenue": 315208,
            "common_shares": 1191662,
            "book_valuer_per_share": 13.08,
            "book_valuer_per_share_4q_avg": 13.54,
            "equity": 1558841,
            "current_ratio": 400.01,
            "debt_ratio": 18.35,
            "inventory_turnover_ratio": 1.13,
            "account_receivable_turnover_ratio": null,
            "reinvestment_rate": 327.17,
            "research_to_sale_ratio": null,
            "price_fair": 37.33,
            "eps_avg_yearly": 1.07,
            "eps_latest_yearly": 0.52,
            "eps_growth_yearly": 208.72
        },
        "20083": {
            "year_quarter": 20083,
            "year": 2008,
            "quarter": 3,
            "eps": 0.17,
            "eps_growth_year": null,
            "eps_4q": -0.49,
            "eps_4q_growth_year": -495.97,
            "roe": 1.25,
            "roe_4q": -3.6,
            "gross_profit": 83126,
            "gross_margin": 15.72,
            "gross_margin_4q_avg": 9.47,
            "net_income": 19886,
            "revenue": 528881,
            "common_shares": 1159123,
            "book_valuer_per_share": 13.98,
            "book_valuer_per_share_4q_avg": 13.59,
            "equity": 1620107,
            "current_ratio": 224.37,
            "debt_ratio": 30.1,
            "inventory_turnover_ratio": 1.5,
            "account_receivable_turnover_ratio": null,
            "reinvestment_rate": 357.28,
            "research_to_sale_ratio": null,
            "price_fair": 35.35,
            "eps_avg_yearly": 1.01,
            "eps_latest_yearly": 0.52,
            "eps_growth_yearly": 228.92
        },
        "20084": {
            "year_quarter": 20084,
            "year": 2008,
            "quarter": 4,
            "eps": 0.16,
            "eps_growth_year": 220,
            "eps_4q": -0.36,
            "eps_4q_growth_year": -1184.82,
            "roe": 1.18,
            "roe_4q": -2.7600000000000002,
            "gross_profit": 49447,
            "gross_margin": 12.94,
            "gross_margin_4q_avg": 9.23,
            "net_income": 19309,
            "revenue": 382261,
            "common_shares": 1159122,
            "book_valuer_per_share": 14.24,
            "book_valuer_per_share_4q_avg": 13.62,
            "equity": 1650997,
            "current_ratio": 325.56,
            "debt_ratio": 20.95,
            "inventory_turnover_ratio": 1.18,
            "account_receivable_turnover_ratio": 1.23,
            "reinvestment_rate": 103.45,
            "research_to_sale_ratio": null,
            "price_fair": 33.91,
            "eps_avg_yearly": 0.97,
            "eps_latest_yearly": 0.64,
            "eps_growth_yearly": 200.87
        },
        "20091": {
            "year_quarter": 20091,
            "year": 2009,
            "quarter": 1,
            "eps": -0.14,
            "eps_growth_year": null,
            "eps_4q": -0.11,
            "eps_4q_growth_year": null,
            "roe": -1.01,
            "roe_4q": -0.8700000000000001,
            "gross_profit": 16693,
            "gross_margin": 5.84,
            "gross_margin_4q_avg": 9.14,
            "net_income": -16629,
            "revenue": 285737,
            "common_shares": 1159123,
            "book_valuer_per_share": 14.22,
            "book_valuer_per_share_4q_avg": 13.88,
            "equity": 1648566,
            "current_ratio": 334.18,
            "debt_ratio": 20.56,
            "inventory_turnover_ratio": 1.04,
            "account_receivable_turnover_ratio": 0.51,
            "reinvestment_rate": 414.89,
            "research_to_sale_ratio": null,
            "price_fair": 33.91,
            "eps_avg_yearly": 0.97,
            "eps_latest_yearly": 0.64,
            "eps_growth_yearly": 200.87
        },
        "20092": {
            "year_quarter": 20092,
            "year": 2009,
            "quarter": 2,
            "eps": -0.06,
            "eps_growth_year": null,
            "eps_4q": 0.14,
            "eps_4q_growth_year": null,
            "roe": -0.39,
            "roe_4q": 1.03,
            "gross_profit": 25156,
            "gross_margin": 6.91,
            "gross_margin_4q_avg": 10.35,
            "net_income": -6415,
            "revenue": 363793,
            "common_shares": 1127192,
            "book_valuer_per_share": 14.32,
            "book_valuer_per_share_4q_avg": 14.19,
            "equity": 1613686,
            "current_ratio": 328.31,
            "debt_ratio": 20.14,
            "inventory_turnover_ratio": 1.29,
            "account_receivable_turnover_ratio": 0.76,
            "reinvestment_rate": 527.53,
            "research_to_sale_ratio": null,
            "price_fair": 33.78,
            "eps_avg_yearly": 0.97,
            "eps_latest_yearly": 0.64,
            "eps_growth_yearly": 242.2
        },
        "20093": {
            "year_quarter": 20093,
            "year": 2009,
            "quarter": 3,
            "eps": 0.16,
            "eps_growth_year": -5.88,
            "eps_4q": 0.13,
            "eps_4q_growth_year": null,
            "roe": 1.11,
            "roe_4q": 0.89,
            "gross_profit": 85002,
            "gross_margin": 15.32,
            "gross_margin_4q_avg": 10.25,
            "net_income": 17850,
            "revenue": 554953,
            "common_shares": 1127192,
            "book_valuer_per_share": 14.27,
            "book_valuer_per_share_4q_avg": 14.26,
            "equity": 1608959,
            "current_ratio": 294.55,
            "debt_ratio": 24.23,
            "inventory_turnover_ratio": 1.64,
            "account_receivable_turnover_ratio": 1.02,
            "reinvestment_rate": 918.97,
            "research_to_sale_ratio": null,
            "price_fair": 25.2,
            "eps_avg_yearly": 0.72,
            "eps_latest_yearly": 0.64,
            "eps_growth_yearly": 180.8
        },
        "20094": {
            "year_quarter": 20094,
            "year": 2009,
            "quarter": 4,
            "eps": -0.26,
            "eps_growth_year": -262.5,
            "eps_4q": -0.31,
            "eps_4q_growth_year": null,
            "roe": -1.88,
            "roe_4q": -2.17,
            "gross_profit": 2269,
            "gross_margin": 0.53,
            "gross_margin_4q_avg": 7.15,
            "net_income": -29972,
            "revenue": 424234,
            "common_shares": 1127192,
            "book_valuer_per_share": 14.06,
            "book_valuer_per_share_4q_avg": 14.22,
            "equity": 1584787,
            "current_ratio": 261.34,
            "debt_ratio": 24.71,
            "inventory_turnover_ratio": 1.45,
            "account_receivable_turnover_ratio": 1.35,
            "reinvestment_rate": null,
            "research_to_sale_ratio": null,
            "price_fair": 21.47,
            "eps_avg_yearly": 0.61,
            "eps_latest_yearly": 0.64,
            "eps_growth_yearly": 243.77
        },
        "20101": {
            "year_quarter": 20101,
            "year": 2010,
            "quarter": 1,
            "eps": 0.03,
            "eps_growth_year": null,
            "eps_4q": -0.13,
            "eps_4q_growth_year": null,
            "roe": 0.24,
            "roe_4q": -0.9199999999999998,
            "gross_profit": 55057,
            "gross_margin": 12.52,
            "gross_margin_4q_avg": 8.82,
            "net_income": 3864,
            "revenue": 439883,
            "common_shares": 1127192,
            "book_valuer_per_share": 14.08,
            "book_valuer_per_share_4q_avg": 14.18,
            "equity": 1586812,
            "current_ratio": 257.84,
            "debt_ratio": 25.17,
            "inventory_turnover_ratio": 1.11,
            "account_receivable_turnover_ratio": 0.71,
            "reinvestment_rate": null,
            "research_to_sale_ratio": 2.34,
            "price_fair": 22.96,
            "eps_avg_yearly": 0.66,
            "eps_latest_yearly": 0.64,
            "eps_growth_yearly": 348.99
        },
        "20102": {
            "year_quarter": 20102,
            "year": 2010,
            "quarter": 2,
            "eps": 0.05,
            "eps_growth_year": null,
            "eps_4q": -0.03,
            "eps_4q_growth_year": -119.39,
            "roe": 0.32,
            "roe_4q": -0.20999999999999974,
            "gross_profit": 57857,
            "gross_margin": 9.66,
            "gross_margin_4q_avg": 9.51,
            "net_income": 5127,
            "revenue": 599138,
            "common_shares": 1127192,
            "book_valuer_per_share": 14.29,
            "book_valuer_per_share_4q_avg": 14.18,
            "equity": 1611310,
            "current_ratio": 216.29,
            "debt_ratio": 30.34,
            "inventory_turnover_ratio": 1.21,
            "account_receivable_turnover_ratio": 0.91,
            "reinvestment_rate": null,
            "research_to_sale_ratio": 1.99,
            "price_fair": 22.96,
            "eps_avg_yearly": 0.66,
            "eps_latest_yearly": 0.2,
            "eps_growth_yearly": 442.32
        },
        "20103": {
            "year_quarter": 20103,
            "year": 2010,
            "quarter": 3,
            "eps": -0.05,
            "eps_growth_year": -130.31,
            "eps_4q": -0.23,
            "eps_4q_growth_year": -285.45,
            "roe": -0.34,
            "roe_4q": -1.66,
            "gross_profit": 47761,
            "gross_margin": 8.65,
            "gross_margin_4q_avg": 7.84,
            "net_income": -5466,
            "revenue": 551846,
            "common_shares": 1127192,
            "book_valuer_per_share": 14.19,
            "book_valuer_per_share_4q_avg": 14.16,
            "equity": 1599447,
            "current_ratio": 214.09,
            "debt_ratio": 31.45,
            "inventory_turnover_ratio": 1.02,
            "account_receivable_turnover_ratio": 0.79,
            "reinvestment_rate": null,
            "research_to_sale_ratio": 0.99,
            "price_fair": 1.47,
            "eps_avg_yearly": 0.49,
            "eps_latest_yearly": 0.2,
            "eps_growth_yearly": -7.09
        },
        "20104": {
            "year_quarter": 20104,
            "year": 2010,
            "quarter": 4,
            "eps": -0.13,
            "eps_growth_year": null,
            "eps_4q": -0.1,
            "eps_4q_growth_year": null,
            "roe": -0.96,
            "roe_4q": -0.74,
            "gross_profit": 76609,
            "gross_margin": 15.19,
            "gross_margin_4q_avg": 11.51,
            "net_income": -14918,
            "revenue": 504461,
            "common_shares": 1127192,
            "book_valuer_per_share": 13.49,
            "book_valuer_per_share_4q_avg": 14.01,
            "equity": 1520030,
            "current_ratio": 251.73,
            "debt_ratio": 26.81,
            "inventory_turnover_ratio": 0.94,
            "account_receivable_turnover_ratio": 0.75,
            "reinvestment_rate": null,
            "research_to_sale_ratio": 2.54,
            "price_fair": 15.87,
            "eps_avg_yearly": 0.45,
            "eps_latest_yearly": 0.2,
            "eps_growth_yearly": 63.27
        },
        "20111": {
            "year_quarter": 20111,
            "year": 2011,
            "quarter": 1,
            "eps": 0.06,
            "eps_growth_year": 100,
            "eps_4q": -0.07,
            "eps_4q_growth_year": null,
            "roe": 0.45,
            "roe_4q": -0.53,
            "gross_profit": 50971,
            "gross_margin": 10.72,
            "gross_margin_4q_avg": 11.06,
            "net_income": 6886,
            "revenue": 475287,
            "common_shares": 1127192,
            "book_valuer_per_share": 13.67,
            "book_valuer_per_share_4q_avg": 13.91,
            "equity": 1540983,
            "current_ratio": 238.69,
            "debt_ratio": 28.39,
            "inventory_turnover_ratio": 1,
            "account_receivable_turnover_ratio": 0.73,
            "reinvestment_rate": null,
            "research_to_sale_ratio": 1.17,
            "price_fair": 14.7,
            "eps_avg_yearly": 0.42,
            "eps_latest_yearly": 0.2,
            "eps_growth_yearly": 121.57
        },
        "20112": {
            "year_quarter": 20112,
            "year": 2011,
            "quarter": 2,
            "eps": -0.06,
            "eps_growth_year": -221.06,
            "eps_4q": -0.17,
            "eps_4q_growth_year": null,
            "roe": -0.41,
            "roe_4q": -1.26,
            "gross_profit": 53744,
            "gross_margin": 8.97,
            "gross_margin_4q_avg": 10.88,
            "net_income": -6207,
            "revenue": 599132,
            "common_shares": 1127192,
            "book_valuer_per_share": 13.46,
            "book_valuer_per_share_4q_avg": 13.7,
            "equity": 1517566,
            "current_ratio": 206.4,
            "debt_ratio": 34.01,
            "inventory_turnover_ratio": 1.16,
            "account_receivable_turnover_ratio": 0.83,
            "reinvestment_rate": null,
            "research_to_sale_ratio": 1.36,
            "price_fair": 14.7,
            "eps_avg_yearly": 0.42,
            "eps_latest_yearly": 0.2,
            "eps_growth_yearly": 121.57
        },
        "20113": {
            "year_quarter": 20113,
            "year": 2011,
            "quarter": 3,
            "eps": 0.18,
            "eps_growth_year": null,
            "eps_4q": 0.05,
            "eps_4q_growth_year": null,
            "roe": 1.29,
            "roe_4q": 0.3700000000000001,
            "gross_profit": 87207,
            "gross_margin": 11.86,
            "gross_margin_4q_avg": 11.69,
            "net_income": 20333,
            "revenue": 735040,
            "common_shares": 1127192,
            "book_valuer_per_share": 14.42,
            "book_valuer_per_share_4q_avg": 13.76,
            "equity": 1625965,
            "current_ratio": 190.72,
            "debt_ratio": 37.31,
            "inventory_turnover_ratio": 1.31,
            "account_receivable_turnover_ratio": 0.83,
            "reinvestment_rate": null,
            "research_to_sale_ratio": 0.52,
            "price_fair": 14.7,
            "eps_avg_yearly": 0.42,
            "eps_latest_yearly": 0.2,
            "eps_growth_yearly": 121.57
        },
        "20114": {
            "year_quarter": 20114,
            "year": 2011,
            "quarter": 4,
            "eps": -0.07,
            "eps_growth_year": null,
            "eps_4q": 0.11,
            "eps_4q_growth_year": null,
            "roe": -0.52,
            "roe_4q": 0.81,
            "gross_profit": 52219,
            "gross_margin": 8.58,
            "gross_margin_4q_avg": 10.03,
            "net_income": -8449,
            "revenue": 608573,
            "common_shares": 1127192,
            "book_valuer_per_share": 14.34,
            "book_valuer_per_share_4q_avg": 13.97,
            "equity": 1616370,
            "current_ratio": 191.88,
            "debt_ratio": 35.52,
            "inventory_turnover_ratio": 1.19,
            "account_receivable_turnover_ratio": 0.69,
            "reinvestment_rate": null,
            "research_to_sale_ratio": 1.68,
            "price_fair": 14.7,
            "eps_avg_yearly": 0.42,
            "eps_latest_yearly": 0.2,
            "eps_growth_yearly": 121.57
        },
        "20121": {
            "year_quarter": 20121,
            "year": 2012,
            "quarter": 1,
            "eps": -0.08,
            "eps_growth_year": -233.33,
            "eps_4q": -0.03,
            "eps_4q_growth_year": null,
            "roe": -0.56,
            "roe_4q": -0.2,
            "gross_profit": 72051,
            "gross_margin": 11.25,
            "gross_margin_4q_avg": 10.17,
            "net_income": -8922,
            "revenue": 640410,
            "common_shares": 1127192,
            "book_valuer_per_share": 14.02,
            "book_valuer_per_share_4q_avg": 14.06,
            "equity": 1580111,
            "current_ratio": 180.78,
            "debt_ratio": 38.46,
            "inventory_turnover_ratio": 1.33,
            "account_receivable_turnover_ratio": 0.83,
            "reinvestment_rate": null,
            "research_to_sale_ratio": 0.51,
            "price_fair": 14.7,
            "eps_avg_yearly": 0.42,
            "eps_latest_yearly": 0.2,
            "eps_growth_yearly": 121.57
        },
        "20122": {
            "year_quarter": 20122,
            "year": 2012,
            "quarter": 2,
            "eps": 0.11,
            "eps_growth_year": null,
            "eps_4q": 0.14,
            "eps_4q_growth_year": null,
            "roe": 0.78,
            "roe_4q": 0.99,
            "gross_profit": 63710,
            "gross_margin": 9.06,
            "gross_margin_4q_avg": 10.19,
            "net_income": 12343,
            "revenue": 703147,
            "common_shares": 1127192,
            "book_valuer_per_share": 14.06,
            "book_valuer_per_share_4q_avg": 14.21,
            "equity": 1584357,
            "current_ratio": 201.43,
            "debt_ratio": 37.09,
            "inventory_turnover_ratio": 1.56,
            "account_receivable_turnover_ratio": 0.93,
            "reinvestment_rate": 13495.5,
            "research_to_sale_ratio": 4.72,
            "price_fair": 14.7,
            "eps_avg_yearly": 0.42,
            "eps_latest_yearly": 0.2,
            "eps_growth_yearly": 121.57
        },
        "20123": {
            "year_quarter": 20123,
            "year": 2012,
            "quarter": 3,
            "eps": 0.01,
            "eps_growth_year": -92.36,
            "eps_4q": -0.03,
            "eps_4q_growth_year": -157.02,
            "roe": 0.1,
            "roe_4q": -0.20000000000000007,
            "gross_profit": 67757,
            "gross_margin": 10.17,
            "gross_margin_4q_avg": 9.77,
            "net_income": 1553,
            "revenue": 665956,
            "common_shares": 1127192,
            "book_valuer_per_share": 13.89,
            "book_valuer_per_share_4q_avg": 14.08,
            "equity": 1565972,
            "current_ratio": 193.14,
            "debt_ratio": 35.93,
            "inventory_turnover_ratio": 1.38,
            "account_receivable_turnover_ratio": 0.9,
            "reinvestment_rate": null,
            "research_to_sale_ratio": -3.39,
            "price_fair": 0.88,
            "eps_avg_yearly": 0.29,
            "eps_latest_yearly": 0.04,
            "eps_growth_yearly": -40.17
        },
        "20124": {
            "year_quarter": 20124,
            "year": 2012,
            "quarter": 4,
            "eps": -0.01,
            "eps_growth_year": null,
            "eps_4q": 0.04,
            "eps_4q_growth_year": -65.77,
            "roe": -0.04,
            "roe_4q": 0.28,
            "gross_profit": 62474,
            "gross_margin": 9.28,
            "gross_margin_4q_avg": 9.94,
            "net_income": -674,
            "revenue": 673044,
            "common_shares": 1127192,
            "book_valuer_per_share": 13.88,
            "book_valuer_per_share_4q_avg": 13.96,
            "equity": 1565058,
            "current_ratio": 211.7,
            "debt_ratio": 36.39,
            "inventory_turnover_ratio": 1.33,
            "account_receivable_turnover_ratio": 0.96,
            "reinvestment_rate": null,
            "research_to_sale_ratio": 8.27,
            "price_fair": 0.36,
            "eps_avg_yearly": 0.12,
            "eps_latest_yearly": 0.04,
            "eps_growth_yearly": -48.48
        },
        "20131": {
            "year_quarter": 20131,
            "year": 2013,
            "quarter": 1,
            "eps": -0.21,
            "eps_growth_year": null,
            "eps_4q": -0.09,
            "eps_4q_growth_year": null,
            "roe": -1.5,
            "roe_4q": -0.6599999999999999,
            "gross_profit": 21057,
            "gross_margin": 3.69,
            "gross_margin_4q_avg": 8.05,
            "net_income": -23797,
            "revenue": 571055,
            "common_shares": 1127192,
            "book_valuer_per_share": 14.21,
            "book_valuer_per_share_4q_avg": 14.01,
            "equity": 1601722,
            "current_ratio": 219.99,
            "debt_ratio": 34.37,
            "inventory_turnover_ratio": 1.29,
            "account_receivable_turnover_ratio": 0.85,
            "reinvestment_rate": null,
            "research_to_sale_ratio": 2.25,
            "price_fair": 0.36,
            "eps_avg_yearly": 0.12,
            "eps_latest_yearly": 0.04,
            "eps_growth_yearly": -48.48
        },
        "20132": {
            "year_quarter": 20132,
            "year": 2013,
            "quarter": 2,
            "eps": -0.17,
            "eps_growth_year": -255.25,
            "eps_4q": -0.37,
            "eps_4q_growth_year": -374.45,
            "roe": -1.2,
            "roe_4q": -2.64,
            "gross_profit": 47283,
            "gross_margin": 7.33,
            "gross_margin_4q_avg": 7.62,
            "net_income": -19087,
            "revenue": 645221,
            "common_shares": 1127192,
            "book_valuer_per_share": 14.01,
            "book_valuer_per_share_4q_avg": 14,
            "equity": 1578637,
            "current_ratio": 196.63,
            "debt_ratio": 36.43,
            "inventory_turnover_ratio": 1.57,
            "account_receivable_turnover_ratio": 0.97,
            "reinvestment_rate": null,
            "research_to_sale_ratio": 1.82,
            "price_fair": 0.36,
            "eps_avg_yearly": 0.12,
            "eps_latest_yearly": 0.04,
            "eps_growth_yearly": -48.48
        },
        "20133": {
            "year_quarter": 20133,
            "year": 2013,
            "quarter": 3,
            "eps": -0.26,
            "eps_growth_year": -1987.07,
            "eps_4q": -0.64,
            "eps_4q_growth_year": null,
            "roe": -1.85,
            "roe_4q": -4.59,
            "gross_profit": 41213,
            "gross_margin": 6.18,
            "gross_margin_4q_avg": 6.62,
            "net_income": -28763,
            "revenue": 667381,
            "common_shares": 1127192,
            "book_valuer_per_share": 13.61,
            "book_valuer_per_share_4q_avg": 13.93,
            "equity": 1533802,
            "current_ratio": 200.66,
            "debt_ratio": 35.52,
            "inventory_turnover_ratio": 1.83,
            "account_receivable_turnover_ratio": 0.98,
            "reinvestment_rate": null,
            "research_to_sale_ratio": 1.67,
            "price_fair": 0.36,
            "eps_avg_yearly": 0.12,
            "eps_latest_yearly": 0.04,
            "eps_growth_yearly": -48.48
        },
        "20134": {
            "year_quarter": 20134,
            "year": 2013,
            "quarter": 4,
            "eps": -0.21,
            "eps_growth_year": null,
            "eps_4q": -0.84,
            "eps_4q_growth_year": -2313.43,
            "roe": -1.54,
            "roe_4q": -6.09,
            "gross_profit": 64568,
            "gross_margin": 10.06,
            "gross_margin_4q_avg": 6.82,
            "net_income": -23531,
            "revenue": 641963,
            "common_shares": 1127192,
            "book_valuer_per_share": 13.47,
            "book_valuer_per_share_4q_avg": 13.83,
            "equity": 1518154,
            "current_ratio": 201.37,
            "debt_ratio": 34.73,
            "inventory_turnover_ratio": 1.77,
            "account_receivable_turnover_ratio": 0.95,
            "reinvestment_rate": null,
            "research_to_sale_ratio": 5.61,
            "price_fair": 0.36,
            "eps_avg_yearly": 0.12,
            "eps_latest_yearly": 0.04,
            "eps_growth_yearly": -48.48
        },
        "20141": {
            "year_quarter": 20141,
            "year": 2014,
            "quarter": 1,
            "eps": -0.1,
            "eps_growth_year": null,
            "eps_4q": -0.73,
            "eps_4q_growth_year": null,
            "roe": -0.71,
            "roe_4q": -5.3,
            "gross_profit": 49267,
            "gross_margin": 8.78,
            "gross_margin_4q_avg": 8.09,
            "net_income": -10766,
            "revenue": 560879,
            "common_shares": 1127192,
            "book_valuer_per_share": 13.56,
            "book_valuer_per_share_4q_avg": 13.66,
            "equity": 1528117,
            "current_ratio": 212.16,
            "debt_ratio": 32.81,
            "inventory_turnover_ratio": 1.62,
            "account_receivable_turnover_ratio": 0.89,
            "reinvestment_rate": null,
            "research_to_sale_ratio": 2.48,
            "price_fair": 0.36,
            "eps_avg_yearly": 0.12,
            "eps_latest_yearly": 0.04,
            "eps_growth_yearly": -48.48
        },
        "20142": {
            "year_quarter": 20142,
            "year": 2014,
            "quarter": 2,
            "eps": -0.12,
            "eps_growth_year": null,
            "eps_4q": -0.68,
            "eps_4q_growth_year": null,
            "roe": -0.91,
            "roe_4q": -5.01,
            "gross_profit": 45870,
            "gross_margin": 7.61,
            "gross_margin_4q_avg": 8.16,
            "net_income": -13711,
            "revenue": 602952,
            "common_shares": 1127192,
            "book_valuer_per_share": 13.22,
            "book_valuer_per_share_4q_avg": 13.47,
            "equity": 1490132,
            "current_ratio": 205.9,
            "debt_ratio": 34.29,
            "inventory_turnover_ratio": 1.93,
            "account_receivable_turnover_ratio": 1.03,
            "reinvestment_rate": null,
            "research_to_sale_ratio": 1.86,
            "price_fair": 0.12,
            "eps_avg_yearly": 0.04,
            "eps_latest_yearly": 0.04,
            "eps_growth_yearly": -363.64
        },
        "20143": {
            "year_quarter": 20143,
            "year": 2014,
            "quarter": 3,
            "eps": -0.13,
            "eps_growth_year": null,
            "eps_4q": -0.56,
            "eps_4q_growth_year": null,
            "roe": -0.98,
            "roe_4q": -4.140000000000001,
            "gross_profit": 51503,
            "gross_margin": 8.46,
            "gross_margin_4q_avg": 8.73,
            "net_income": -14573,
            "revenue": 609133,
            "common_shares": 1127192,
            "book_valuer_per_share": 13.29,
            "book_valuer_per_share_4q_avg": 13.39,
            "equity": 1498360,
            "current_ratio": 204.64,
            "debt_ratio": 34.73,
            "inventory_turnover_ratio": 1.99,
            "account_receivable_turnover_ratio": 1.05,
            "reinvestment_rate": null,
            "research_to_sale_ratio": 2.32,
            "price_fair": 0.12,
            "eps_avg_yearly": 0.04,
            "eps_latest_yearly": 0.04,
            "eps_growth_yearly": -363.64
        },
        "20144": {
            "year_quarter": 20144,
            "year": 2014,
            "quarter": 4,
            "eps": -0.28,
            "eps_growth_year": null,
            "eps_4q": -0.62,
            "eps_4q_growth_year": null,
            "roe": -2.07,
            "roe_4q": -4.67,
            "gross_profit": 42261,
            "gross_margin": 7.66,
            "gross_margin_4q_avg": 8.13,
            "net_income": -31173,
            "revenue": 551414,
            "common_shares": 1127192,
            "book_valuer_per_share": 13.45,
            "book_valuer_per_share_4q_avg": 13.38,
            "equity": 1516034,
            "current_ratio": 211.4,
            "debt_ratio": 33.3,
            "inventory_turnover_ratio": 1.72,
            "account_receivable_turnover_ratio": 0.99,
            "reinvestment_rate": null,
            "research_to_sale_ratio": 2.29,
            "price_fair": 0.12,
            "eps_avg_yearly": 0.04,
            "eps_latest_yearly": 0.04,
            "eps_growth_yearly": -363.64
        },
        "20151": {
            "year_quarter": 20151,
            "year": 2015,
            "quarter": 1,
            "eps": -0.15,
            "eps_growth_year": null,
            "eps_4q": -0.68,
            "eps_4q_growth_year": null,
            "roe": -1.16,
            "roe_4q": -5.119999999999999,
            "gross_profit": 27913,
            "gross_margin": 5.69,
            "gross_margin_4q_avg": 7.36,
            "net_income": -17353,
            "revenue": 490961,
            "common_shares": 1127192,
            "book_valuer_per_share": 13.17,
            "book_valuer_per_share_4q_avg": 13.28,
            "equity": 1484294,
            "current_ratio": 219.16,
            "debt_ratio": 32.21,
            "inventory_turnover_ratio": 1.48,
            "account_receivable_turnover_ratio": 1,
            "reinvestment_rate": null,
            "research_to_sale_ratio": 1.99,
            "price_fair": 0.12,
            "eps_avg_yearly": 0.04,
            "eps_latest_yearly": 0.04,
            "eps_growth_yearly": -363.64
        },
        "20152": {
            "year_quarter": 20152,
            "year": 2015,
            "quarter": 2,
            "eps": -0.36,
            "eps_growth_year": null,
            "eps_4q": -0.92,
            "eps_4q_growth_year": null,
            "roe": -2.81,
            "roe_4q": -7.02,
            "gross_profit": 10807,
            "gross_margin": 2.12,
            "gross_margin_4q_avg": 5.98,
            "net_income": -40773,
            "revenue": 509847,
            "common_shares": 1127192,
            "book_valuer_per_share": 12.61,
            "book_valuer_per_share_4q_avg": 13.13,
            "equity": 1421198,
            "current_ratio": 202.19,
            "debt_ratio": 34.43,
            "inventory_turnover_ratio": 1.51,
            "account_receivable_turnover_ratio": 1.06,
            "reinvestment_rate": null,
            "research_to_sale_ratio": 2.52,
            "price_fair": 0.12,
            "eps_avg_yearly": 0.04,
            "eps_latest_yearly": 0.04,
            "eps_growth_yearly": -363.64
        },
        "20153": {
            "year_quarter": 20153,
            "year": 2015,
            "quarter": 3,
            "eps": -0.33,
            "eps_growth_year": null,
            "eps_4q": -1.13,
            "eps_4q_growth_year": null,
            "roe": -2.67,
            "roe_4q": -8.71,
            "gross_profit": 14683,
            "gross_margin": 2.68,
            "gross_margin_4q_avg": 4.54,
            "net_income": -37720,
            "revenue": 548647,
            "common_shares": 1127192,
            "book_valuer_per_share": 12.43,
            "book_valuer_per_share_4q_avg": 12.92,
            "equity": 1400809,
            "current_ratio": 193.14,
            "debt_ratio": 35.78,
            "inventory_turnover_ratio": 1.6,
            "account_receivable_turnover_ratio": 1.06,
            "reinvestment_rate": null,
            "research_to_sale_ratio": 2.26,
            "price_fair": 0.12,
            "eps_avg_yearly": 0.04,
            "eps_latest_yearly": 0.04,
            "eps_growth_yearly": -363.64
        },
        "20154": {
            "year_quarter": 20154,
            "year": 2015,
            "quarter": 4,
            "eps": -0.09,
            "eps_growth_year": null,
            "eps_4q": -0.94,
            "eps_4q_growth_year": null,
            "roe": -0.77,
            "roe_4q": -7.41,
            "gross_profit": 33748,
            "gross_margin": 6.15,
            "gross_margin_4q_avg": 4.16,
            "net_income": -10619,
            "revenue": 548495,
            "common_shares": 1127192,
            "book_valuer_per_share": 12.17,
            "book_valuer_per_share_4q_avg": 12.6,
            "equity": 1372331,
            "current_ratio": 189.92,
            "debt_ratio": 36.48,
            "inventory_turnover_ratio": 1.57,
            "account_receivable_turnover_ratio": 1.04,
            "reinvestment_rate": null,
            "research_to_sale_ratio": 2.78,
            "price_fair": 0.12,
            "eps_avg_yearly": 0.04,
            "eps_latest_yearly": 0.04,
            "eps_growth_yearly": -363.64
        },
        "20161": {
            "year_quarter": 20161,
            "year": 2016,
            "quarter": 1,
            "eps": -0.28,
            "eps_growth_year": null,
            "eps_4q": -1.08,
            "eps_4q_growth_year": null,
            "roe": -2.38,
            "roe_4q": -8.63,
            "gross_profit": 22870,
            "gross_margin": 4.49,
            "gross_margin_4q_avg": 3.86,
            "net_income": -32077,
            "revenue": 509377,
            "common_shares": 1127192,
            "book_valuer_per_share": 11.79,
            "book_valuer_per_share_4q_avg": 12.25,
            "equity": 1328548,
            "current_ratio": 188.87,
            "debt_ratio": 36.74,
            "inventory_turnover_ratio": 1.43,
            "account_receivable_turnover_ratio": 1.03,
            "reinvestment_rate": null,
            "research_to_sale_ratio": 2.56,
            "price_fair": 0.12,
            "eps_avg_yearly": 0.04,
            "eps_latest_yearly": 0.04,
            "eps_growth_yearly": -363.64
        },
        "20162": {
            "year_quarter": 20162,
            "year": 2016,
            "quarter": 2,
            "eps": -0.07,
            "eps_growth_year": null,
            "eps_4q": -0.78,
            "eps_4q_growth_year": null,
            "roe": -0.57,
            "roe_4q": -6.39,
            "gross_profit": 53323,
            "gross_margin": 9.3,
            "gross_margin_4q_avg": 5.66,
            "net_income": -7544,
            "revenue": 573161,
            "common_shares": 1127192,
            "book_valuer_per_share": 11.62,
            "book_valuer_per_share_4q_avg": 12,
            "equity": 1309454,
            "current_ratio": 192.4,
            "debt_ratio": 36.44,
            "inventory_turnover_ratio": 1.66,
            "account_receivable_turnover_ratio": 1.11,
            "reinvestment_rate": null,
            "research_to_sale_ratio": 2.37,
            "price_fair": 0.12,
            "eps_avg_yearly": 0.04,
            "eps_latest_yearly": 0.04,
            "eps_growth_yearly": -363.64
        },
        "20163": {
            "year_quarter": 20163,
            "year": 2016,
            "quarter": 3,
            "eps": 0.15,
            "eps_growth_year": null,
            "eps_4q": -0.29,
            "eps_4q_growth_year": null,
            "roe": 1.33,
            "roe_4q": -2.3899999999999997,
            "gross_profit": 70400,
            "gross_margin": 19.36,
            "gross_margin_4q_avg": 9.83,
            "net_income": 17309,
            "revenue": 363543,
            "common_shares": 1127192,
            "book_valuer_per_share": 11.48,
            "book_valuer_per_share_4q_avg": 11.77,
            "equity": 1294539,
            "current_ratio": 206.75,
            "debt_ratio": 34.51,
            "inventory_turnover_ratio": 1.17,
            "account_receivable_turnover_ratio": 0.7,
            "reinvestment_rate": null,
            "research_to_sale_ratio": 3.29,
            "price_fair": 0,
            "eps_avg_yearly": 0,
            "eps_latest_yearly": 0,
            "eps_growth_yearly": 0
        },
        "20164": {
            "year_quarter": 20164,
            "year": 2016,
            "quarter": 4,
            "eps": 0.22,
            "eps_growth_year": null,
            "eps_4q": 0.03,
            "eps_4q_growth_year": null,
            "roe": 1.95,
            "roe_4q": 0.3300000000000005,
            "gross_profit": 76163,
            "gross_margin": 25.86,
            "gross_margin_4q_avg": 14.75,
            "net_income": 25257,
            "revenue": 294507,
            "common_shares": 1127192,
            "book_valuer_per_share": 11.55,
            "book_valuer_per_share_4q_avg": 11.61,
            "equity": 1301426,
            "current_ratio": 210.17,
            "debt_ratio": 34.47,
            "inventory_turnover_ratio": 0.9,
            "account_receivable_turnover_ratio": 0.65,
            "reinvestment_rate": null,
            "research_to_sale_ratio": 4.47,
            "price_fair": 30.8,
            "eps_avg_yearly": 0.88,
            "eps_latest_yearly": 0.88,
            "eps_growth_yearly": 186.67
        },
        "20171": {
            "year_quarter": 20171,
            "year": 2017,
            "quarter": 1,
            "eps": -0.21,
            "eps_growth_year": null,
            "eps_4q": 0.1,
            "eps_4q_growth_year": null,
            "roe": -1.85,
            "roe_4q": 0.86,
            "gross_profit": 29412,
            "gross_margin": 11.81,
            "gross_margin_4q_avg": 16.58,
            "net_income": -23440,
            "revenue": 249108,
            "common_shares": 1127192,
            "book_valuer_per_share": 10.96,
            "book_valuer_per_share_4q_avg": 11.4,
            "equity": 1235735,
            "current_ratio": 237.48,
            "debt_ratio": 30.45,
            "inventory_turnover_ratio": 0.88,
            "account_receivable_turnover_ratio": 0.64,
            "reinvestment_rate": null,
            "research_to_sale_ratio": 5.64,
            "price_fair": 30.8,
            "eps_avg_yearly": 0.88,
            "eps_latest_yearly": 0.88,
            "eps_growth_yearly": 186.67
        },
        "20172": {
            "year_quarter": 20172,
            "year": 2017,
            "quarter": 2,
            "eps": -0.09,
            "eps_growth_year": null,
            "eps_4q": 0.08,
            "eps_4q_growth_year": null,
            "roe": -0.78,
            "roe_4q": 0.6500000000000001,
            "gross_profit": 47568,
            "gross_margin": 18.07,
            "gross_margin_4q_avg": 18.78,
            "net_income": -9690,
            "revenue": 263225,
            "common_shares": 1127192,
            "book_valuer_per_share": 11.07,
            "book_valuer_per_share_4q_avg": 11.27,
            "equity": 1247270,
            "current_ratio": 246.39,
            "debt_ratio": 29.48,
            "inventory_turnover_ratio": 0.85,
            "account_receivable_turnover_ratio": 0.74,
            "reinvestment_rate": null,
            "research_to_sale_ratio": 6.47,
            "price_fair": 30.8,
            "eps_avg_yearly": 0.88,
            "eps_latest_yearly": 0.88,
            "eps_growth_yearly": 186.67
        },
        "20173": {
            "year_quarter": 20173,
            "year": 2017,
            "quarter": 3,
            "eps": -0.27,
            "eps_growth_year": -280,
            "eps_4q": -0.34,
            "eps_4q_growth_year": null,
            "roe": -2.48,
            "roe_4q": -3.1599999999999993,
            "gross_profit": 40356,
            "gross_margin": 13.55,
            "gross_margin_4q_avg": 17.32,
            "net_income": -30751,
            "revenue": 297918,
            "common_shares": 1127192,
            "book_valuer_per_share": 10.93,
            "book_valuer_per_share_4q_avg": 11.13,
            "equity": 1232573,
            "current_ratio": 225.38,
            "debt_ratio": 32.07,
            "inventory_turnover_ratio": 0.96,
            "account_receivable_turnover_ratio": 0.8,
            "reinvestment_rate": null,
            "research_to_sale_ratio": 5.8,
            "price_fair": 30.8,
            "eps_avg_yearly": 0.88,
            "eps_latest_yearly": 0.88,
            "eps_growth_yearly": 186.67
        },
        "20174": {
            "year_quarter": 20174,
            "year": 2017,
            "quarter": 4,
            "eps": -0.34,
            "eps_growth_year": -251.11,
            "eps_4q": -0.91,
            "eps_4q_growth_year": -3565.04,
            "roe": -3.14,
            "roe_4q": -8.25,
            "gross_profit": 45585,
            "gross_margin": 16,
            "gross_margin_4q_avg": 14.86,
            "net_income": -38165,
            "revenue": 284931,
            "common_shares": 1127192,
            "book_valuer_per_share": 10.6,
            "book_valuer_per_share_4q_avg": 10.89,
            "equity": 1194692,
            "current_ratio": 214.46,
            "debt_ratio": 33.39,
            "inventory_turnover_ratio": 0.84,
            "account_receivable_turnover_ratio": 0.71,
            "reinvestment_rate": null,
            "research_to_sale_ratio": 4.85,
            "price_fair": 30.8,
            "eps_avg_yearly": 0.88,
            "eps_latest_yearly": 0.88,
            "eps_growth_yearly": 186.67
        },
        "20181": {
            "year_quarter": 20181,
            "year": 2018,
            "quarter": 1,
            "eps": -0.42,
            "eps_growth_year": null,
            "eps_4q": -1.12,
            "eps_4q_growth_year": -1188.8,
            "roe": -4.02,
            "roe_4q": -10.42,
            "gross_profit": 21695,
            "gross_margin": 7.86,
            "gross_margin_4q_avg": 13.87,
            "net_income": -47499,
            "revenue": 276185,
            "common_shares": 1127192,
            "book_valuer_per_share": 10.35,
            "book_valuer_per_share_4q_avg": 10.74,
            "equity": 1166751,
            "current_ratio": 206.58,
            "debt_ratio": 34.38,
            "inventory_turnover_ratio": 0.86,
            "account_receivable_turnover_ratio": 0.69,
            "reinvestment_rate": null,
            "research_to_sale_ratio": 4.85,
            "price_fair": 30.8,
            "eps_avg_yearly": 0.88,
            "eps_latest_yearly": 0.88,
            "eps_growth_yearly": 186.67
        },
        "20182": {
            "year_quarter": 20182,
            "year": 2018,
            "quarter": 2,
            "eps": -0.02,
            "eps_growth_year": null,
            "eps_4q": -1.06,
            "eps_4q_growth_year": -1360.76,
            "roe": -0.22,
            "roe_4q": -9.86,
            "gross_profit": 33999,
            "gross_margin": 8.8,
            "gross_margin_4q_avg": 11.55,
            "net_income": -2550,
            "revenue": 386472,
            "common_shares": 1127192,
            "book_valuer_per_share": 10.24,
            "book_valuer_per_share_4q_avg": 10.53,
            "equity": 1154779,
            "current_ratio": 175.69,
            "debt_ratio": 41.78,
            "inventory_turnover_ratio": 1.07,
            "account_receivable_turnover_ratio": 0.84,
            "reinvestment_rate": null,
            "research_to_sale_ratio": 4.15,
            "price_fair": 30.8,
            "eps_avg_yearly": 0.88,
            "eps_latest_yearly": 0.88,
            "eps_growth_yearly": 186.67
        },
        "20183": {
            "year_quarter": 20183,
            "year": 2018,
            "quarter": 3,
            "eps": -0.02,
            "eps_growth_year": null,
            "eps_4q": -0.8,
            "eps_4q_growth_year": null,
            "roe": -0.15,
            "roe_4q": -7.529999999999999,
            "gross_profit": 52639,
            "gross_margin": 12.42,
            "gross_margin_4q_avg": 11.27,
            "net_income": -1742,
            "revenue": 423897,
            "common_shares": 1127192,
            "book_valuer_per_share": 10,
            "book_valuer_per_share_4q_avg": 10.3,
            "equity": 1126669,
            "current_ratio": 170.09,
            "debt_ratio": 44.22,
            "inventory_turnover_ratio": 1.02,
            "account_receivable_turnover_ratio": 0.75,
            "reinvestment_rate": null,
            "research_to_sale_ratio": 3.83,
            "price_fair": 30.8,
            "eps_avg_yearly": 0.88,
            "eps_latest_yearly": 0.88,
            "eps_growth_yearly": 186.67
        },
        "20184": {
            "year_quarter": 20184,
            "year": 2018,
            "quarter": 4,
            "eps": 0.16,
            "eps_growth_year": null,
            "eps_4q": -0.3,
            "eps_4q_growth_year": null,
            "roe": 1.62,
            "roe_4q": -2.7699999999999996,
            "gross_profit": 59007,
            "gross_margin": 14.51,
            "gross_margin_4q_avg": 10.9,
            "net_income": 18477,
            "revenue": 406760,
            "common_shares": 1127192,
            "book_valuer_per_share": 10.22,
            "book_valuer_per_share_4q_avg": 10.2,
            "equity": 1151589,
            "current_ratio": 179.6,
            "debt_ratio": 40.78,
            "inventory_turnover_ratio": 0.96,
            "account_receivable_turnover_ratio": 0.68,
            "reinvestment_rate": null,
            "research_to_sale_ratio": 3.49,
            "price_fair": 30.8,
            "eps_avg_yearly": 0.88,
            "eps_latest_yearly": 0.88,
            "eps_growth_yearly": 186.67
        },
        "20191": {
            "year_quarter": 20191,
            "year": 2019,
            "quarter": 1,
            "eps": -0.26,
            "eps_growth_year": null,
            "eps_4q": -0.13,
            "eps_4q_growth_year": null,
            "roe": -2.55,
            "roe_4q": -1.2999999999999996,
            "gross_profit": 28605,
            "gross_margin": 8.7,
            "gross_margin_4q_avg": 11.11,
            "net_income": -29246,
            "revenue": 328966,
            "common_shares": 1127192,
            "book_valuer_per_share": 10.15,
            "book_valuer_per_share_4q_avg": 10.15,
            "equity": 1143788,
            "current_ratio": 182.82,
            "debt_ratio": 40.66,
            "inventory_turnover_ratio": 0.84,
            "account_receivable_turnover_ratio": 0.59,
            "reinvestment_rate": null,
            "research_to_sale_ratio": 4.46,
            "price_fair": 30.8,
            "eps_avg_yearly": 0.88,
            "eps_latest_yearly": 0.88,
            "eps_growth_yearly": 186.67
        },
        "20192": {
            "year_quarter": 20192,
            "year": 2019,
            "quarter": 2,
            "eps": -0.11,
            "eps_growth_year": null,
            "eps_4q": -0.22,
            "eps_4q_growth_year": null,
            "roe": -1.13,
            "roe_4q": -2.2099999999999995,
            "gross_profit": 40973,
            "gross_margin": 12.67,
            "gross_margin_4q_avg": 12.08,
            "net_income": -12819,
            "revenue": 323498,
            "common_shares": 1127192,
            "book_valuer_per_share": 10.02,
            "book_valuer_per_share_4q_avg": 10.1,
            "equity": 1129034,
            "current_ratio": 195.28,
            "debt_ratio": 38.13,
            "inventory_turnover_ratio": 0.83,
            "account_receivable_turnover_ratio": 0.64,
            "reinvestment_rate": null,
            "research_to_sale_ratio": 4.61,
            "price_fair": 30.8,
            "eps_avg_yearly": 0.88,
            "eps_latest_yearly": 0.88,
            "eps_growth_yearly": 186.67
        },
        "20193": {
            "year_quarter": 20193,
            "year": 2019,
            "quarter": 3,
            "eps": -0.05,
            "eps_growth_year": null,
            "eps_4q": -0.26,
            "eps_4q_growth_year": null,
            "roe": -0.5,
            "roe_4q": -2.5599999999999996,
            "gross_profit": 41679,
            "gross_margin": 11.4,
            "gross_margin_4q_avg": 11.82,
            "net_income": -5548,
            "revenue": 365599,
            "common_shares": 1127192,
            "book_valuer_per_share": 9.78,
            "book_valuer_per_share_4q_avg": 10.04,
            "equity": 1102124,
            "current_ratio": 188.56,
            "debt_ratio": 39.76,
            "inventory_turnover_ratio": 1,
            "account_receivable_turnover_ratio": 0.72,
            "reinvestment_rate": null,
            "research_to_sale_ratio": 3.45,
            "price_fair": 30.8,
            "eps_avg_yearly": 0.88,
            "eps_latest_yearly": 0.88,
            "eps_growth_yearly": 186.67
        },
        "20194": {
            "year_quarter": 20194,
            "year": 2019,
            "quarter": 4,
            "eps": -0.36,
            "eps_growth_year": -318.49,
            "eps_4q": -0.78,
            "eps_4q_growth_year": null,
            "roe": -3.75,
            "roe_4q": -7.93,
            "gross_profit": 15243,
            "gross_margin": 4.59,
            "gross_margin_4q_avg": 9.34,
            "net_income": -40371,
            "revenue": 331930,
            "common_shares": 1127192,
            "book_valuer_per_share": 9.31,
            "book_valuer_per_share_4q_avg": 9.82,
            "equity": 1049275,
            "current_ratio": 181.41,
            "debt_ratio": 40.8,
            "inventory_turnover_ratio": 1.01,
            "account_receivable_turnover_ratio": 0.66,
            "reinvestment_rate": null,
            "research_to_sale_ratio": 3.23,
            "price_fair": 30.8,
            "eps_avg_yearly": 0.88,
            "eps_latest_yearly": 0.88,
            "eps_growth_yearly": 186.67
        },
        "20201": {
            "year_quarter": 20201,
            "year": 2020,
            "quarter": 1,
            "eps": -0.19,
            "eps_growth_year": null,
            "eps_4q": -0.71,
            "eps_4q_growth_year": null,
            "roe": -2.05,
            "roe_4q": -7.43,
            "gross_profit": 13862,
            "gross_margin": 5.25,
            "gross_margin_4q_avg": 8.48,
            "net_income": -21069,
            "revenue": 264126,
            "common_shares": 1127192,
            "book_valuer_per_share": 8.94,
            "book_valuer_per_share_4q_avg": 9.51,
            "equity": 1007711,
            "current_ratio": 187.46,
            "debt_ratio": 39.33,
            "inventory_turnover_ratio": 0.88,
            "account_receivable_turnover_ratio": 0.6,
            "reinvestment_rate": null,
            "research_to_sale_ratio": 3.18,
            "price_fair": 30.8,
            "eps_avg_yearly": 0.88,
            "eps_latest_yearly": 0.88,
            "eps_growth_yearly": 186.67
        },
        "20202": {
            "year_quarter": 20202,
            "year": 2020,
            "quarter": 2,
            "eps": -0.01,
            "eps_growth_year": null,
            "eps_4q": -0.61,
            "eps_4q_growth_year": null,
            "roe": -0.16,
            "roe_4q": -6.46,
            "gross_profit": 53104,
            "gross_margin": 13.71,
            "gross_margin_4q_avg": 8.74,
            "net_income": -1651,
            "revenue": 387359,
            "common_shares": 1127192,
            "book_valuer_per_share": 8.87,
            "book_valuer_per_share_4q_avg": 9.23,
            "equity": 999590,
            "current_ratio": 179.83,
            "debt_ratio": 41.98,
            "inventory_turnover_ratio": 1.27,
            "account_receivable_turnover_ratio": 0.83,
            "reinvestment_rate": null,
            "research_to_sale_ratio": 3.43,
            "price_fair": 30.8,
            "eps_avg_yearly": 0.88,
            "eps_latest_yearly": 0.88,
            "eps_growth_yearly": 186.67
        },
        "20203": {
            "year_quarter": 20203,
            "year": 2020,
            "quarter": 3,
            "eps": -0.23,
            "eps_growth_year": null,
            "eps_4q": -0.79,
            "eps_4q_growth_year": null,
            "roe": -2.62,
            "roe_4q": -8.58,
            "gross_profit": 35142,
            "gross_margin": 10.8,
            "gross_margin_4q_avg": 8.59,
            "net_income": -25957,
            "revenue": 325259,
            "common_shares": 1127192,
            "book_valuer_per_share": 8.7,
            "book_valuer_per_share_4q_avg": 8.96,
            "equity": 980402,
            "current_ratio": 167.4,
            "debt_ratio": 44.83,
            "inventory_turnover_ratio": 1.01,
            "account_receivable_turnover_ratio": 0.65,
            "reinvestment_rate": null,
            "research_to_sale_ratio": 4.11,
            "price_fair": 30.8,
            "eps_avg_yearly": 0.88,
            "eps_latest_yearly": 0.88,
            "eps_growth_yearly": 186.67
        },
        "20204": {
            "year_quarter": 20204,
            "year": 2020,
            "quarter": 4,
            "eps": -0.37,
            "eps_growth_year": null,
            "eps_4q": -0.8,
            "eps_4q_growth_year": null,
            "roe": -4.28,
            "roe_4q": -9.11,
            "gross_profit": 13489,
            "gross_margin": 3.92,
            "gross_margin_4q_avg": 8.42,
            "net_income": -41463,
            "revenue": 344119,
            "common_shares": 1127192,
            "book_valuer_per_share": 8.51,
            "book_valuer_per_share_4q_avg": 8.76,
            "equity": 959398,
            "current_ratio": 157.77,
            "debt_ratio": 47.43,
            "inventory_turnover_ratio": 1.02,
            "account_receivable_turnover_ratio": 0.71,
            "reinvestment_rate": null,
            "research_to_sale_ratio": 3.76,
            "price_fair": 0,
            "eps_avg_yearly": 0,
            "eps_latest_yearly": 0,
            "eps_growth_yearly": 0
        },
        "20211": {
            "year_quarter": 20211,
            "year": 2021,
            "quarter": 1,
            "eps": -0.29,
            "eps_growth_year": null,
            "eps_4q": -0.91,
            "eps_4q_growth_year": null,
            "roe": -3.51,
            "roe_4q": -10.57,
            "gross_profit": 6857,
            "gross_margin": 2.25,
            "gross_margin_4q_avg": 7.67,
            "net_income": -32974,
            "revenue": 304227,
            "common_shares": 1127192,
            "book_valuer_per_share": 8.14,
            "book_valuer_per_share_4q_avg": 8.56,
            "equity": 917925,
            "current_ratio": 147.89,
            "debt_ratio": 50.01,
            "inventory_turnover_ratio": 0.79,
            "account_receivable_turnover_ratio": 0.64,
            "reinvestment_rate": null,
            "research_to_sale_ratio": 3.99,
            "price_fair": 0,
            "eps_avg_yearly": 0,
            "eps_latest_yearly": 0,
            "eps_growth_yearly": 0
        },
        "20212": {
            "year_quarter": 20212,
            "year": 2021,
            "quarter": 2,
            "eps": -0.16,
            "eps_growth_year": null,
            "eps_4q": -1.05,
            "eps_4q_growth_year": null,
            "roe": -2.02,
            "roe_4q": -12.43,
            "gross_profit": 29994,
            "gross_margin": 7.24,
            "gross_margin_4q_avg": 6.05,
            "net_income": -18252,
            "revenue": 414407,
            "common_shares": 1127192,
            "book_valuer_per_share": 7.87,
            "book_valuer_per_share_4q_avg": 8.31,
            "equity": 887616,
            "current_ratio": 142.12,
            "debt_ratio": 52.06,
            "inventory_turnover_ratio": 0.89,
            "account_receivable_turnover_ratio": 0.82,
            "reinvestment_rate": null,
            "research_to_sale_ratio": 2.68,
            "price_fair": 0,
            "eps_avg_yearly": 0,
            "eps_latest_yearly": 0,
            "eps_growth_yearly": 0
        },
        "20213": {
            "year_quarter": 20213,
            "year": 2021,
            "quarter": 3,
            "eps": -0.05,
            "eps_growth_year": null,
            "eps_4q": -0.87,
            "eps_4q_growth_year": null,
            "roe": -0.59,
            "roe_4q": -10.399999999999999,
            "gross_profit": 50111,
            "gross_margin": 12.67,
            "gross_margin_4q_avg": 6.52,
            "net_income": -5185,
            "revenue": 395521,
            "common_shares": 1127192,
            "book_valuer_per_share": 7.73,
            "book_valuer_per_share_4q_avg": 8.06,
            "equity": 871452,
            "current_ratio": 146.56,
            "debt_ratio": 52.91,
            "inventory_turnover_ratio": 0.79,
            "account_receivable_turnover_ratio": 0.7,
            "reinvestment_rate": null,
            "research_to_sale_ratio": 3.44,
            "price_fair": 0,
            "eps_avg_yearly": 0,
            "eps_latest_yearly": 0,
            "eps_growth_yearly": 0
        },
        "20214": {
            "year_quarter": 20214,
            "year": 2021,
            "quarter": 4,
            "eps": 1.09,
            "eps_growth_year": null,
            "eps_4q": 0.59,
            "eps_4q_growth_year": null,
            "roe": 13.11,
            "roe_4q": 6.99,
            "gross_profit": 35142,
            "gross_margin": 7.63,
            "gross_margin_4q_avg": 7.45,
            "net_income": 123340,
            "revenue": 460592,
            "common_shares": 1127192,
            "book_valuer_per_share": 8.96,
            "book_valuer_per_share_4q_avg": 8.18,
            "equity": 1010290,
            "current_ratio": 162.99,
            "debt_ratio": 50.61,
            "inventory_turnover_ratio": 1.11,
            "account_receivable_turnover_ratio": 0.76,
            "reinvestment_rate": null,
            "research_to_sale_ratio": 3.14,
            "price_fair": 0,
            "eps_avg_yearly": 0,
            "eps_latest_yearly": 0,
            "eps_growth_yearly": 0
        },
        "20221": {
            "year_quarter": 20221,
            "year": 2022,
            "quarter": 1,
            "eps": -0.07,
            "eps_growth_year": null,
            "eps_4q": 0.81,
            "eps_4q_growth_year": null,
            "roe": -0.82,
            "roe_4q": 9.68,
            "gross_profit": 48939,
            "gross_margin": 10.92,
            "gross_margin_4q_avg": 9.62,
            "net_income": -8437,
            "revenue": 448312,
            "common_shares": 1127192,
            "book_valuer_per_share": 9.19,
            "book_valuer_per_share_4q_avg": 8.44,
            "equity": 1035602,
            "current_ratio": 161.8,
            "debt_ratio": 51.25,
            "inventory_turnover_ratio": 1.11,
            "account_receivable_turnover_ratio": 0.68,
            "reinvestment_rate": null,
            "research_to_sale_ratio": 3.07,
            "price_fair": 0,
            "eps_avg_yearly": 0,
            "eps_latest_yearly": 0,
            "eps_growth_yearly": 0
        },
        "20222": {
            "year_quarter": 20222,
            "year": 2022,
            "quarter": 2,
            "eps": -0.1,
            "eps_growth_year": null,
            "eps_4q": 0.87,
            "eps_4q_growth_year": null,
            "roe": -1.09,
            "roe_4q": 10.61,
            "gross_profit": 43057,
            "gross_margin": 11.13,
            "gross_margin_4q_avg": 10.59,
            "net_income": -11132,
            "revenue": 386729,
            "common_shares": 1127192,
            "book_valuer_per_share": 8.94,
            "book_valuer_per_share_4q_avg": 8.71,
            "equity": 1007349,
            "current_ratio": 164.57,
            "debt_ratio": 50.17,
            "inventory_turnover_ratio": 0.94,
            "account_receivable_turnover_ratio": 0.63,
            "reinvestment_rate": null,
            "research_to_sale_ratio": 3.73,
            "price_fair": 0,
            "eps_avg_yearly": 0,
            "eps_latest_yearly": 0,
            "eps_growth_yearly": 0
        },
        "20223": {
            "year_quarter": 20223,
            "year": 2022,
            "quarter": 3,
            "eps": 0.03,
            "eps_growth_year": null,
            "eps_4q": 0.95,
            "eps_4q_growth_year": null,
            "roe": 0.28,
            "roe_4q": 11.48,
            "gross_profit": 49647,
            "gross_margin": 12.91,
            "gross_margin_4q_avg": 10.65,
            "net_income": 2871,
            "revenue": 384421,
            "common_shares": 1127192,
            "book_valuer_per_share": 9.02,
            "book_valuer_per_share_4q_avg": 9.03,
            "equity": 1016605,
            "current_ratio": 179.69,
            "debt_ratio": 46.01,
            "inventory_turnover_ratio": 0.99,
            "account_receivable_turnover_ratio": 0.7,
            "reinvestment_rate": null,
            "research_to_sale_ratio": 3.06,
            "price_fair": 0,
            "eps_avg_yearly": 0,
            "eps_latest_yearly": 0,
            "eps_growth_yearly": 0
        },
        "20224": {
            "year_quarter": 20224,
            "year": 2022,
            "quarter": 4,
            "eps": 0.03,
            "eps_growth_year": -97.4,
            "eps_4q": -0.12,
            "eps_4q_growth_year": -120.15,
            "roe": 0.32,
            "roe_4q": -1.31,
            "gross_profit": 49098,
            "gross_margin": 17.66,
            "gross_margin_4q_avg": 13.16,
            "net_income": 3212,
            "revenue": 278016,
            "common_shares": 1127192,
            "book_valuer_per_share": 9.05,
            "book_valuer_per_share_4q_avg": 9.05,
            "equity": 1019973,
            "current_ratio": 210.77,
            "debt_ratio": 39.21,
            "inventory_turnover_ratio": 0.71,
            "account_receivable_turnover_ratio": 0.59,
            "reinvestment_rate": null,
            "research_to_sale_ratio": 3.82,
            "price_fair": 1.2,
            "eps_avg_yearly": 0.12,
            "eps_latest_yearly": 0.12,
            "eps_growth_yearly": 0
        },
        "20231": {
            "year_quarter": 20231,
            "year": 2023,
            "quarter": 1,
            "eps": -0.29,
            "eps_growth_year": null,
            "eps_4q": -0.34,
            "eps_4q_growth_year": -141.67,
            "roe": -3.29,
            "roe_4q": -3.7800000000000002,
            "gross_profit": 29872,
            "gross_margin": 11.11,
            "gross_margin_4q_avg": 13.2,
            "net_income": -33061,
            "revenue": 268789,
            "common_shares": 1127192,
            "book_valuer_per_share": 8.79,
            "book_valuer_per_share_4q_avg": 8.95,
            "equity": 990937,
            "current_ratio": 204.24,
            "debt_ratio": 40.21,
            "inventory_turnover_ratio": 0.73,
            "account_receivable_turnover_ratio": 0.71,
            "reinvestment_rate": null,
            "research_to_sale_ratio": 5.04,
            "price_fair": 1.2,
            "eps_avg_yearly": 0.12,
            "eps_latest_yearly": 0.12,
            "eps_growth_yearly": 0
        }
    },
    "months": {
        "2002-07": {
            "month": "2002-07",
            "price": "29.01",
            "revenue": 67373
        },
        "2002-08": {
            "month": "2002-08",
            "price": "27.25",
            "revenue": 59972
        },
        "2002-09": {
            "month": "2002-09",
            "price": "23.94",
            "revenue": 89845
        },
        "2002-10": {
            "month": "2002-10",
            "price": "27.39",
            "revenue": 93609
        },
        "2002-11": {
            "month": "2002-11",
            "price": "29.01",
            "revenue": 74801
        },
        "2002-12": {
            "month": "2002-12",
            "price": "26.36",
            "revenue": 60798
        },
        "2003-01": {
            "month": "2003-01",
            "price": "24.93",
            "revenue": 83065
        },
        "2003-02": {
            "month": "2003-02",
            "price": "22.35",
            "revenue": 60917
        },
        "2003-03": {
            "month": "2003-03",
            "price": "19.95",
            "revenue": 66875
        },
        "2003-04": {
            "month": "2003-04",
            "price": "19.73",
            "revenue": 68732
        },
        "2003-05": {
            "month": "2003-05",
            "price": "19.87",
            "revenue": 68409
        },
        "2003-06": {
            "month": "2003-06",
            "price": "24.81",
            "revenue": 67216
        },
        "2003-07": {
            "month": "2003-07",
            "price": "26.35",
            "revenue": 88256
        },
        "2003-08": {
            "month": "2003-08",
            "price": "24.77",
            "revenue": 102373
        },
        "2003-09": {
            "month": "2003-09",
            "price": "22.87",
            "revenue": 116161
        },
        "2003-10": {
            "month": "2003-10",
            "price": "24.22",
            "revenue": 111608
        },
        "2003-11": {
            "month": "2003-11",
            "price": "24.84",
            "revenue": 90070
        },
        "2003-12": {
            "month": "2003-12",
            "price": "24.24",
            "revenue": 72927
        },
        "2004-01": {
            "month": "2004-01",
            "price": "24.37",
            "revenue": 66816
        },
        "2004-02": {
            "month": "2004-02",
            "price": "25.02",
            "revenue": 69813
        },
        "2004-03": {
            "month": "2004-03",
            "price": "23.01",
            "revenue": 73676
        },
        "2004-04": {
            "month": "2004-04",
            "price": "21.24",
            "revenue": 83299
        },
        "2004-05": {
            "month": "2004-05",
            "price": "16.92",
            "revenue": 84117
        },
        "2004-06": {
            "month": "2004-06",
            "price": "17.97",
            "revenue": 72751
        },
        "2004-07": {
            "month": "2004-07",
            "price": "15.00",
            "revenue": 82589
        },
        "2004-08": {
            "month": "2004-08",
            "price": "14.21",
            "revenue": 106259
        },
        "2004-09": {
            "month": "2004-09",
            "price": "14.65",
            "revenue": 114164
        },
        "2004-10": {
            "month": "2004-10",
            "price": "14.64",
            "revenue": 132757
        },
        "2004-11": {
            "month": "2004-11",
            "price": "16.12",
            "revenue": 165199
        },
        "2004-12": {
            "month": "2004-12",
            "price": "22.08",
            "revenue": 141488
        },
        "2005-01": {
            "month": "2005-01",
            "price": "19.20",
            "revenue": 149421
        },
        "2005-02": {
            "month": "2005-02",
            "price": "22.18",
            "revenue": 99356
        },
        "2005-03": {
            "month": "2005-03",
            "price": "22.59",
            "revenue": 96714
        },
        "2005-04": {
            "month": "2005-04",
            "price": "22.43",
            "revenue": 119718
        },
        "2005-05": {
            "month": "2005-05",
            "price": "21.75",
            "revenue": 88134
        },
        "2005-06": {
            "month": "2005-06",
            "price": "23.60",
            "revenue": 124005
        },
        "2005-07": {
            "month": "2005-07",
            "price": "25.62",
            "revenue": 120852
        },
        "2005-08": {
            "month": "2005-08",
            "price": "23.47",
            "revenue": 154864
        },
        "2005-09": {
            "month": "2005-09",
            "price": "24.94",
            "revenue": 139107
        },
        "2005-10": {
            "month": "2005-10",
            "price": "22.57",
            "revenue": 108606
        },
        "2005-11": {
            "month": "2005-11",
            "price": "20.82",
            "revenue": 126204
        },
        "2005-12": {
            "month": "2005-12",
            "price": "22.83",
            "revenue": 142969
        },
        "2006-01": {
            "month": "2006-01",
            "price": "23.12",
            "revenue": 112362
        },
        "2006-02": {
            "month": "2006-02",
            "price": "20.25",
            "revenue": 87983
        },
        "2006-03": {
            "month": "2006-03",
            "price": "19.34",
            "revenue": 92177
        },
        "2006-04": {
            "month": "2006-04",
            "price": "19.53",
            "revenue": 68044
        },
        "2006-05": {
            "month": "2006-05",
            "price": "17.42",
            "revenue": 87204
        },
        "2006-06": {
            "month": "2006-06",
            "price": "14.92",
            "revenue": 92511
        },
        "2006-07": {
            "month": "2006-07",
            "price": "14.55",
            "revenue": 104974
        },
        "2006-08": {
            "month": "2006-08",
            "price": "14.43",
            "revenue": 92941
        },
        "2006-09": {
            "month": "2006-09",
            "price": "14.05",
            "revenue": 117995
        },
        "2006-10": {
            "month": "2006-10",
            "price": "15.76",
            "revenue": 104784
        },
        "2006-11": {
            "month": "2006-11",
            "price": "15.43",
            "revenue": 96470
        },
        "2006-12": {
            "month": "2006-12",
            "price": "15.48",
            "revenue": 73939
        },
        "2007-01": {
            "month": "2007-01",
            "price": "16.85",
            "revenue": 104992
        },
        "2007-02": {
            "month": "2007-02",
            "price": "16.02",
            "revenue": 49671
        },
        "2007-03": {
            "month": "2007-03",
            "price": "18.98",
            "revenue": 91748
        },
        "2007-04": {
            "month": "2007-04",
            "price": "18.66",
            "revenue": 80038
        },
        "2007-05": {
            "month": "2007-05",
            "price": "16.98",
            "revenue": 70930
        },
        "2007-06": {
            "month": "2007-06",
            "price": "18.49",
            "revenue": 94080
        },
        "2007-07": {
            "month": "2007-07",
            "price": "19.05",
            "revenue": 97643
        },
        "2007-08": {
            "month": "2007-08",
            "price": "16.48",
            "revenue": 124504
        },
        "2007-09": {
            "month": "2007-09",
            "price": "16.18",
            "revenue": 131543
        },
        "2007-10": {
            "month": "2007-10",
            "price": "15.55",
            "revenue": 111974
        },
        "2007-11": {
            "month": "2007-11",
            "price": "11.72",
            "revenue": 105069
        },
        "2007-12": {
            "month": "2007-12",
            "price": "10.00",
            "revenue": 91976
        },
        "2008-01": {
            "month": "2008-01",
            "price": "9.03",
            "revenue": 90936
        },
        "2008-02": {
            "month": "2008-02",
            "price": "8.26",
            "revenue": 61219
        },
        "2008-03": {
            "month": "2008-03",
            "price": "9.12",
            "revenue": 60928
        },
        "2008-04": {
            "month": "2008-04",
            "price": "9.18",
            "revenue": 63220
        },
        "2008-05": {
            "month": "2008-05",
            "price": "8.63",
            "revenue": 64244
        },
        "2008-06": {
            "month": "2008-06",
            "price": "7.25",
            "revenue": 62339
        },
        "2008-07": {
            "month": "2008-07",
            "price": "6.03",
            "revenue": 89221
        },
        "2008-08": {
            "month": "2008-08",
            "price": "6.25",
            "revenue": 97913
        },
        "2008-09": {
            "month": "2008-09",
            "price": "5.01",
            "revenue": 95145
        },
        "2008-10": {
            "month": "2008-10",
            "price": "4.39",
            "revenue": 86066
        },
        "2008-11": {
            "month": "2008-11",
            "price": "3.88",
            "revenue": 53464
        },
        "2008-12": {
            "month": "2008-12",
            "price": "3.68",
            "revenue": 50910
        },
        "2009-01": {
            "month": "2009-01",
            "price": "3.67",
            "revenue": 34540
        },
        "2009-02": {
            "month": "2009-02",
            "price": "3.73",
            "revenue": 44180
        },
        "2009-03": {
            "month": "2009-03",
            "price": "5.10",
            "revenue": 53510
        },
        "2009-04": {
            "month": "2009-04",
            "price": "7.71",
            "revenue": 50952
        },
        "2009-05": {
            "month": "2009-05",
            "price": "7.04",
            "revenue": 57522
        },
        "2009-06": {
            "month": "2009-06",
            "price": "7.52",
            "revenue": 56816
        },
        "2009-07": {
            "month": "2009-07",
            "price": "8.34",
            "revenue": 71025
        },
        "2009-08": {
            "month": "2009-08",
            "price": "9.79",
            "revenue": 74370
        },
        "2009-09": {
            "month": "2009-09",
            "price": "12.90",
            "revenue": 84492
        },
        "2009-10": {
            "month": "2009-10",
            "price": "13.52",
            "revenue": 72671
        },
        "2009-11": {
            "month": "2009-11",
            "price": "13.08",
            "revenue": 65325
        },
        "2009-12": {
            "month": "2009-12",
            "price": "14.08",
            "revenue": 73078
        },
        "2010-01": {
            "month": "2010-01",
            "price": "13.38",
            "revenue": 65100
        },
        "2010-02": {
            "month": "2010-02",
            "price": "11.23",
            "revenue": 39255
        },
        "2010-03": {
            "month": "2010-03",
            "price": "12.73",
            "revenue": 69233
        },
        "2010-04": {
            "month": "2010-04",
            "price": "13.72",
            "revenue": 192325
        },
        "2010-05": {
            "month": "2010-05",
            "price": "13.00",
            "revenue": 68907
        },
        "2010-06": {
            "month": "2010-06",
            "price": "12.42",
            "revenue": 81000
        },
        "2010-07": {
            "month": "2010-07",
            "price": "12.81",
            "revenue": 71948
        },
        "2010-08": {
            "month": "2010-08",
            "price": "12.69",
            "revenue": 71390
        },
        "2010-09": {
            "month": "2010-09",
            "price": "12.59",
            "revenue": 58454
        },
        "2010-10": {
            "month": "2010-10",
            "price": "12.28",
            "revenue": 61170
        },
        "2010-11": {
            "month": "2010-11",
            "price": "10.74",
            "revenue": 60557
        },
        "2010-12": {
            "month": "2010-12",
            "price": "10.81",
            "revenue": 75276
        },
        "2011-01": {
            "month": "2011-01",
            "price": "10.68",
            "revenue": 158814
        },
        "2011-02": {
            "month": "2011-02",
            "price": "10.69",
            "revenue": 121989
        },
        "2011-03": {
            "month": "2011-03",
            "price": "10.55",
            "revenue": 194484
        },
        "2011-04": {
            "month": "2011-04",
            "price": "10.22",
            "revenue": 192325
        },
        "2011-05": {
            "month": "2011-05",
            "price": "10.13",
            "revenue": 207391
        },
        "2011-06": {
            "month": "2011-06",
            "price": "9.95",
            "revenue": 199417
        },
        "2011-07": {
            "month": "2011-07",
            "price": "8.66",
            "revenue": 244835
        },
        "2011-08": {
            "month": "2011-08",
            "price": "7.32",
            "revenue": 247624
        },
        "2011-09": {
            "month": "2011-09",
            "price": "7.10",
            "revenue": 242580
        },
        "2011-10": {
            "month": "2011-10",
            "price": "7.40",
            "revenue": 241568
        },
        "2011-11": {
            "month": "2011-11",
            "price": "9.17",
            "revenue": 184472
        },
        "2011-12": {
            "month": "2011-12",
            "price": "8.56",
            "revenue": 182533
        },
        "2012-01": {
            "month": "2012-01",
            "price": "8.03",
            "revenue": 191515
        },
        "2012-02": {
            "month": "2012-02",
            "price": "8.88",
            "revenue": 203521
        },
        "2012-03": {
            "month": "2012-03",
            "price": "9.54",
            "revenue": 245374
        },
        "2012-04": {
            "month": "2012-04",
            "price": "8.26",
            "revenue": 237474
        },
        "2012-05": {
            "month": "2012-05",
            "price": "7.36",
            "revenue": 244251
        },
        "2012-06": {
            "month": "2012-06",
            "price": "7.34",
            "revenue": 221422
        },
        "2012-07": {
            "month": "2012-07",
            "price": "8.48",
            "revenue": 215182
        },
        "2012-08": {
            "month": "2012-08",
            "price": "9.21",
            "revenue": 226627
        },
        "2012-09": {
            "month": "2012-09",
            "price": "9.86",
            "revenue": 226810
        },
        "2012-10": {
            "month": "2012-10",
            "price": "8.94",
            "revenue": 257918
        },
        "2012-11": {
            "month": "2012-11",
            "price": "7.67",
            "revenue": 225395
        },
        "2012-12": {
            "month": "2012-12",
            "price": "8.37",
            "revenue": 187069
        },
        "2013-01": {
            "month": "2013-01",
            "price": "8.11",
            "revenue": 241935
        },
        "2013-02": {
            "month": "2013-02",
            "price": "8.08",
            "revenue": 152109
        },
        "2013-03": {
            "month": "2013-03",
            "price": "8.06",
            "revenue": 192674
        },
        "2013-04": {
            "month": "2013-04",
            "price": "7.91",
            "revenue": 227255
        },
        "2013-05": {
            "month": "2013-05",
            "price": "8.25",
            "revenue": 224978
        },
        "2013-06": {
            "month": "2013-06",
            "price": "8.07",
            "revenue": 192371
        },
        "2013-07": {
            "month": "2013-07",
            "price": "7.61",
            "revenue": 234249
        },
        "2013-08": {
            "month": "2013-08",
            "price": "7.20",
            "revenue": 219560
        },
        "2013-09": {
            "month": "2013-09",
            "price": "7.15",
            "revenue": 198527
        },
        "2013-10": {
            "month": "2013-10",
            "price": "7.22",
            "revenue": 213076
        },
        "2013-11": {
            "month": "2013-11",
            "price": "7.16",
            "revenue": 208979
        },
        "2013-12": {
            "month": "2013-12",
            "price": "7.17",
            "revenue": 219908
        },
        "2014-01": {
            "month": "2014-01",
            "price": "11.19",
            "revenue": 213400
        },
        "2014-02": {
            "month": "2014-02",
            "price": "14.30",
            "revenue": 163173
        },
        "2014-03": {
            "month": "2014-03",
            "price": "13.04",
            "revenue": 184307
        },
        "2014-04": {
            "month": "2014-04",
            "price": "12.21",
            "revenue": 190911
        },
        "2014-05": {
            "month": "2014-05",
            "price": "10.94",
            "revenue": 212818
        },
        "2014-06": {
            "month": "2014-06",
            "price": "11.96",
            "revenue": 199222
        },
        "2014-07": {
            "month": "2014-07",
            "price": "12.63",
            "revenue": 217693
        },
        "2014-08": {
            "month": "2014-08",
            "price": "11.15",
            "revenue": 195721
        },
        "2014-09": {
            "month": "2014-09",
            "price": "11.85",
            "revenue": 195718
        },
        "2014-10": {
            "month": "2014-10",
            "price": "9.94",
            "revenue": 212539
        },
        "2014-11": {
            "month": "2014-11",
            "price": "9.20",
            "revenue": 184131
        },
        "2014-12": {
            "month": "2014-12",
            "price": "9.64",
            "revenue": 154744
        },
        "2015-01": {
            "month": "2015-01",
            "price": "11.09",
            "revenue": 194754
        },
        "2015-02": {
            "month": "2015-02",
            "price": "10.69",
            "revenue": 146351
        },
        "2015-03": {
            "month": "2015-03",
            "price": "10.78",
            "revenue": 149855
        },
        "2015-04": {
            "month": "2015-04",
            "price": "10.15",
            "revenue": 156656
        },
        "2015-05": {
            "month": "2015-05",
            "price": "8.52",
            "revenue": 182250
        },
        "2015-06": {
            "month": "2015-06",
            "price": "7.28",
            "revenue": 170942
        },
        "2015-07": {
            "month": "2015-07",
            "price": "6.63",
            "revenue": 182963
        },
        "2015-08": {
            "month": "2015-08",
            "price": "5.12",
            "revenue": 179254
        },
        "2015-09": {
            "month": "2015-09",
            "price": "5.85",
            "revenue": 186430
        },
        "2015-10": {
            "month": "2015-10",
            "price": "6.40",
            "revenue": 198349
        },
        "2015-11": {
            "month": "2015-11",
            "price": "6.34",
            "revenue": 173776
        },
        "2015-12": {
            "month": "2015-12",
            "price": "5.99",
            "revenue": 176370
        },
        "2016-01": {
            "month": "2016-01",
            "price": "6.88",
            "revenue": 185426
        },
        "2016-02": {
            "month": "2016-02",
            "price": "7.30",
            "revenue": 145807
        },
        "2016-03": {
            "month": "2016-03",
            "price": "8.07",
            "revenue": 178145
        },
        "2016-04": {
            "month": "2016-04",
            "price": "8.25",
            "revenue": 159847
        },
        "2016-05": {
            "month": "2016-05",
            "price": "8.01",
            "revenue": 223611
        },
        "2016-06": {
            "month": "2016-06",
            "price": "7.74",
            "revenue": 189703
        },
        "2016-07": {
            "month": "2016-07",
            "price": "7.40",
            "revenue": 130137
        },
        "2016-08": {
            "month": "2016-08",
            "price": "7.49",
            "revenue": 133185
        },
        "2016-09": {
            "month": "2016-09",
            "price": "7.53",
            "revenue": 100222
        },
        "2016-10": {
            "month": "2016-10",
            "price": "7.21",
            "revenue": 81351
        },
        "2016-11": {
            "month": "2016-11",
            "price": "6.87",
            "revenue": 102481
        },
        "2016-12": {
            "month": "2016-12",
            "price": "7.11",
            "revenue": 110674
        },
        "2017-01": {
            "month": "2017-01",
            "price": "7.22",
            "revenue": 86712
        },
        "2017-02": {
            "month": "2017-02",
            "price": "8.40",
            "revenue": 78745
        },
        "2017-03": {
            "month": "2017-03",
            "price": "9.64",
            "revenue": 83651
        },
        "2017-04": {
            "month": "2017-04",
            "price": "8.52",
            "revenue": 90425
        },
        "2017-05": {
            "month": "2017-05",
            "price": "7.66",
            "revenue": 86974
        },
        "2017-06": {
            "month": "2017-06",
            "price": "7.72",
            "revenue": 85825
        },
        "2017-07": {
            "month": "2017-07",
            "price": "7.48",
            "revenue": 87722
        },
        "2017-08": {
            "month": "2017-08",
            "price": "7.30",
            "revenue": 101920
        },
        "2017-09": {
            "month": "2017-09",
            "price": "7.72",
            "revenue": 108277
        },
        "2017-10": {
            "month": "2017-10",
            "price": "7.87",
            "revenue": 87229
        },
        "2017-11": {
            "month": "2017-11",
            "price": "7.64",
            "revenue": 99148
        },
        "2017-12": {
            "month": "2017-12",
            "price": "7.14",
            "revenue": 98553
        },
        "2018-01": {
            "month": "2018-01",
            "price": "7.29",
            "revenue": 87877
        },
        "2018-02": {
            "month": "2018-02",
            "price": "6.97",
            "revenue": 80907
        },
        "2018-03": {
            "month": "2018-03",
            "price": "8.02",
            "revenue": 107400
        },
        "2018-04": {
            "month": "2018-04",
            "price": "7.71",
            "revenue": 117943
        },
        "2018-05": {
            "month": "2018-05",
            "price": "8.32",
            "revenue": 131010
        },
        "2018-06": {
            "month": "2018-06",
            "price": "9.90",
            "revenue": 142671
        },
        "2018-07": {
            "month": "2018-07",
            "price": "10.74",
            "revenue": 137963
        },
        "2018-08": {
            "month": "2018-08",
            "price": "9.94",
            "revenue": 136579
        },
        "2018-09": {
            "month": "2018-09",
            "price": "8.99",
            "revenue": 144203
        },
        "2018-10": {
            "month": "2018-10",
            "price": "7.28",
            "revenue": 137358
        },
        "2018-11": {
            "month": "2018-11",
            "price": "7.46",
            "revenue": 142226
        },
        "2018-12": {
            "month": "2018-12",
            "price": "7.68",
            "revenue": 127176
        },
        "2019-01": {
            "month": "2019-01",
            "price": "7.28",
            "revenue": 128526
        },
        "2019-02": {
            "month": "2019-02",
            "price": "7.77",
            "revenue": 88187
        },
        "2019-03": {
            "month": "2019-03",
            "price": "7.88",
            "revenue": 112253
        },
        "2019-04": {
            "month": "2019-04",
            "price": "8.10",
            "revenue": 91791
        },
        "2019-05": {
            "month": "2019-05",
            "price": "7.30",
            "revenue": 110175
        },
        "2019-06": {
            "month": "2019-06",
            "price": "7.12",
            "revenue": 121531
        },
        "2019-07": {
            "month": "2019-07",
            "price": "7.22",
            "revenue": 118005
        },
        "2019-08": {
            "month": "2019-08",
            "price": "7.08",
            "revenue": 115932
        },
        "2019-09": {
            "month": "2019-09",
            "price": "6.91",
            "revenue": 131662
        },
        "2019-10": {
            "month": "2019-10",
            "price": "6.67",
            "revenue": 111116
        },
        "2019-11": {
            "month": "2019-11",
            "price": "6.42",
            "revenue": 112321
        },
        "2019-12": {
            "month": "2019-12",
            "price": "6.41",
            "revenue": 108492
        },
        "2020-01": {
            "month": "2020-01",
            "price": "6.57",
            "revenue": 83015
        },
        "2020-02": {
            "month": "2020-02",
            "price": "6.25",
            "revenue": 65707
        },
        "2020-03": {
            "month": "2020-03",
            "price": "4.79",
            "revenue": 115403
        },
        "2020-04": {
            "month": "2020-04",
            "price": "5.20",
            "revenue": 131726
        },
        "2020-05": {
            "month": "2020-05",
            "price": "5.34",
            "revenue": 123110
        },
        "2020-06": {
            "month": "2020-06",
            "price": "5.70",
            "revenue": 132523
        },
        "2020-07": {
            "month": "2020-07",
            "price": "5.92",
            "revenue": 107107
        },
        "2020-08": {
            "month": "2020-08",
            "price": "5.80",
            "revenue": 101391
        },
        "2020-09": {
            "month": "2020-09",
            "price": "6.49",
            "revenue": 116761
        },
        "2020-10": {
            "month": "2020-10",
            "price": "6.44",
            "revenue": 113920
        },
        "2020-11": {
            "month": "2020-11",
            "price": "6.23",
            "revenue": 112243
        },
        "2020-12": {
            "month": "2020-12",
            "price": "6.82",
            "revenue": 117955
        },
        "2021-01": {
            "month": "2021-01",
            "price": "6.66",
            "revenue": 115348
        },
        "2021-02": {
            "month": "2021-02",
            "price": "6.60",
            "revenue": 90325
        },
        "2021-03": {
            "month": "2021-03",
            "price": "7.25",
            "revenue": 98554
        },
        "2021-04": {
            "month": "2021-04",
            "price": "9.01",
            "revenue": 136785
        },
        "2021-05": {
            "month": "2021-05",
            "price": "7.88",
            "revenue": 141452
        },
        "2021-06": {
            "month": "2021-06",
            "price": "7.79",
            "revenue": 136170
        },
        "2021-07": {
            "month": "2021-07",
            "price": "8.84",
            "revenue": 121130
        },
        "2021-08": {
            "month": "2021-08",
            "price": "8.87",
            "revenue": 140653
        },
        "2021-09": {
            "month": "2021-09",
            "price": "11.01",
            "revenue": 133739
        },
        "2021-10": {
            "month": "2021-10",
            "price": "10.68",
            "revenue": 137335
        },
        "2021-11": {
            "month": "2021-11",
            "price": "12.01",
            "revenue": 166659
        },
        "2021-12": {
            "month": "2021-12",
            "price": "11.72",
            "revenue": 153421
        },
        "2022-01": {
            "month": "2022-01",
            "price": "10.53",
            "revenue": 172760
        },
        "2022-02": {
            "month": "2022-02",
            "price": "11.15",
            "revenue": 137300
        },
        "2022-03": {
            "month": "2022-03",
            "price": "13.83",
            "revenue": 138252
        },
        "2022-04": {
            "month": "2022-04",
            "price": "21.19",
            "revenue": 129328
        },
        "2022-05": {
            "month": "2022-05",
            "price": "18.51",
            "revenue": 126257
        },
        "2022-06": {
            "month": "2022-06",
            "price": "18.88",
            "revenue": 131144
        },
        "2022-07": {
            "month": "2022-07",
            "price": "20.01",
            "revenue": 139198
        },
        "2022-08": {
            "month": "2022-08",
            "price": "20.01",
            "revenue": 125991
        },
        "2022-09": {
            "month": "2022-09",
            "price": "15.66",
            "revenue": 119232
        },
        "2022-10": {
            "month": "2022-10",
            "price": "13.52",
            "revenue": 98728
        },
        "2022-11": {
            "month": "2022-11",
            "price": "15.29",
            "revenue": 96029
        },
        "2022-12": {
            "month": "2022-12",
            "price": "16.78",
            "revenue": 83259
        },
        "2023-01": {
            "month": "2023-01",
            "price": "17.34",
            "revenue": 82470
        },
        "2023-02": {
            "month": "2023-02",
            "price": "18.67",
            "revenue": 70396
        },
        "2023-03": {
            "month": "2023-03",
            "price": "22.12",
            "revenue": 115923
        },
        "2023-04": {
            "month": "2023-04",
            "price": "28.31",
            "revenue": 96466
        },
        "2023-05": {
            "month": "2023-05",
            "price": "28.65",
            "revenue": 109185
        }
    }
}
