{
    "summary": {
        "stock_name": "晟銘電",
        "stock_id": "3013",
        "category": "電腦及週邊設備",
        "main_business": "PC、NB、Server、TV及行動產品等機構件與沖壓、射出、組裝、銷售<br>精密模具設計製造銷售",
        "website_url": "http://www.uneec.com/",
        "ceo": "羅志吉",
        "pe_ratio": 23,
        "report_year_from": 2001,
        "report_year_to": 2023,
        "age": 22,
        "eps_negative_percentage": 9,
        "eps_growth_avg": {
            "last_all": -2.16,
            "last_2y": -75.9,
            "last_4y": -43.31,
            "last_8y": -9.43,
            "last_12y": 2.23,
            "last_16y": -0.01,
            "last_20y": -2.16,
            "at_2006_last_3y": -10.24,
            "at_2007_last_3y": 2.54,
            "at_2008_last_3y": -11.8,
            "at_2009_last_3y": -6.15,
            "at_2010_last_3y": -6.15,
            "at_2011_last_3y": -26.2,
            "at_2012_last_3y": -21.77,
            "at_2013_last_3y": 33.33,
            "at_2014_last_3y": 11.95,
            "at_2015_last_3y": 30.01,
            "at_2016_last_3y": 47.5,
            "at_2017_last_3y": 24.44,
            "at_2018_last_3y": 3.68,
            "at_2019_last_3y": 21.58,
            "at_2020_last_3y": -16.37,
            "at_2021_last_3y": -43.31,
            "at_2022_last_3y": -42.02,
            "at_2023_last_3y": -42.02,
            "at_2006_last_all": 11.81,
            "at_2007_last_all": 6.54,
            "at_2008_last_all": -0.04,
            "at_2009_last_all": -8.2,
            "at_2010_last_all": 3.83,
            "at_2011_last_all": -6.56,
            "at_2012_last_all": -6.56,
            "at_2013_last_all": 3.13,
            "at_2014_last_all": 5.86,
            "at_2015_last_all": 1.88,
            "at_2016_last_all": 8.89,
            "at_2017_last_all": 8.81,
            "at_2018_last_all": 5.31,
            "at_2019_last_all": 6.52,
            "at_2020_last_all": 3.28,
            "at_2021_last_all": -2.16,
            "at_2022_last_all": -2.16,
            "at_2023_last_all": -2.16
        },
        "latest_eps": 1.21,
        "latest_price": 28.35,
        "latest_roe": 8.09,
        "latest_gross_margin": 9.53,
        "latest_equity": 3049367,
        "latest_revenue": 1533349,
        "latest_gross_profit": 146088,
        "latest_net_income": 25006,
        "latest_debt_ratio": 51.96,
        "latest_current_ratio": 148.38,
        "latest_account_receivable_turnover_ratio": 0.67,
        "latest_inventory_turnover_ratio": 1.49,
        "latest_reinvestment_rate": 436.83,
        "latest_research_to_sale_ratio": 0.86
    },
    "eps_dividends": {
        "2001": {
            "cash": 0,
            "stock": 0,
            "eps": 1.29
        },
        "2002": {
            "cash": 0.5,
            "stock": 3,
            "eps": 2.89
        },
        "2003": {
            "cash": 0.52,
            "stock": 1.57,
            "eps": 0.84
        },
        "2004": {
            "cash": 0.5,
            "stock": 0.5,
            "eps": 0.99
        },
        "2005": {
            "cash": 0.4,
            "stock": 1,
            "eps": 0.12
        },
        "2006": {
            "cash": 0.09,
            "stock": 0.47,
            "eps": 1.01
        },
        "2007": {
            "cash": 0.29,
            "stock": 0.48,
            "eps": 0.81
        },
        "2008": {
            "cash": 0.26,
            "stock": 0.47,
            "eps": 0.49
        },
        "2009": {
            "cash": 0.32,
            "stock": 0,
            "eps": 0.17
        },
        "2010": {
            "cash": 0.3,
            "stock": 0,
            "eps": 1.01
        },
        "2011": {
            "cash": 0.8,
            "stock": 0,
            "eps": -0.38
        },
        "2012": {
            "cash": 0,
            "stock": 0,
            "eps": 0.2
        },
        "2013": {
            "cash": 0,
            "stock": 0,
            "eps": 0.53
        },
        "2014": {
            "cash": 0,
            "stock": 0,
            "eps": 0.72
        },
        "2015": {
            "cash": 0,
            "stock": 0,
            "eps": 0.39
        },
        "2016": {
            "cash": 0.3,
            "stock": 0,
            "eps": 1.16
        },
        "2017": {
            "cash": 0.5,
            "stock": 0,
            "eps": 1.25
        },
        "2018": {
            "cash": 0.5,
            "stock": 0,
            "eps": 0.66
        },
        "2019": {
            "cash": 0.3,
            "stock": 0,
            "eps": 0.83
        },
        "2020": {
            "cash": 0.3,
            "stock": 0,
            "eps": 0.4
        },
        "2021": {
            "cash": 0.3,
            "stock": 0,
            "eps": -0.73
        },
        "2022": {
            "cash": 0,
            "stock": 0,
            "eps": 1.12
        },
        "2023": {
            "cash": 0.3,
            "stock": 0,
            "eps": 0.13
        }
    },
    "dividends": {
        "2002-05-20": {
            "cash": 0.5,
            "stock": 3
        },
        "2003-04-16": {
            "cash": 0.52,
            "stock": 1.57
        },
        "2004-06-11": {
            "cash": 0.5,
            "stock": 0.5
        },
        "2005-03-22": {
            "cash": 0.4,
            "stock": 1
        },
        "2006-03-27": {
            "cash": 0.09,
            "stock": 0.47
        },
        "2007-03-23": {
            "cash": 0.29,
            "stock": 0.48
        },
        "2008-04-24": {
            "cash": 0.26,
            "stock": 0.47
        },
        "2009-04-21": {
            "cash": 0.32,
            "stock": 0
        },
        "2010-04-20": {
            "cash": 0.3,
            "stock": 0
        },
        "2011-04-19": {
            "cash": 0.8,
            "stock": 0
        },
        "2016-09-23": {
            "cash": 0.3,
            "stock": 0
        },
        "2017-08-31": {
            "cash": 0.5,
            "stock": 0
        },
        "2018-09-21": {
            "cash": 0.5,
            "stock": 0
        },
        "2019-08-23": {
            "cash": 0.3,
            "stock": 0
        },
        "2020-08-07": {
            "cash": 0.3,
            "stock": 0
        },
        "2021-09-10": {
            "cash": 0.3,
            "stock": 0
        },
        "2023-03-22": {
            "cash": 0.3,
            "stock": 0
        }
    },
    "prices": {
        "200101": "無",
        "200102": "無",
        "200103": "無",
        "200104": "無",
        "200105": "無",
        "200106": "無",
        "200107": "無",
        "200108": "無",
        "200109": "無",
        "200110": "無",
        "200111": "無",
        "200112": "無",
        "200201": "無",
        "200202": "無",
        "200203": "無",
        "200204": "無",
        "200205": "無",
        "200206": "無",
        "200207": "無",
        "200208": "無",
        "200209": "31.85",
        "200210": "27.64",
        "200211": "26.82",
        "200212": "24.85",
        "200301": "24.27",
        "200302": "21.12",
        "200303": "20.36",
        "200304": "19.55",
        "200305": "18.14",
        "200306": "21.20",
        "200307": "21.69",
        "200308": "19.04",
        "200309": "15.44",
        "200310": "16.41",
        "200311": "16.00",
        "200312": "15.58",
        "200401": "15.77",
        "200402": "20.18",
        "200403": "19.96",
        "200404": "19.40",
        "200405": "17.55",
        "200406": "17.23",
        "200407": "14.39",
        "200408": "14.10",
        "200409": "12.90",
        "200410": "12.69",
        "200411": "13.60",
        "200412": "13.98",
        "200501": "12.75",
        "200502": "12.26",
        "200503": "12.86",
        "200504": "12.44",
        "200505": "11.68",
        "200506": "12.24",
        "200507": "13.35",
        "200508": "11.02",
        "200509": "11.01",
        "200510": "13.18",
        "200511": "12.41",
        "200512": "12.54",
        "200601": "13.19",
        "200602": "12.91",
        "200603": "12.88",
        "200604": "12.76",
        "200605": "12.50",
        "200606": "12.00",
        "200607": "10.70",
        "200608": "10.84",
        "200609": "11.02",
        "200610": "10.94",
        "200611": "12.09",
        "200612": "12.98",
        "200701": "13.09",
        "200702": "12.23",
        "200703": "13.02",
        "200704": "13.66",
        "200705": "13.03",
        "200706": "13.88",
        "200707": "15.48",
        "200708": "12.77",
        "200709": "12.45",
        "200710": "12.79",
        "200711": "11.78",
        "200712": "11.03",
        "200801": "10.94",
        "200802": "10.30",
        "200803": "10.35",
        "200804": "10.50",
        "200805": "10.63",
        "200806": "10.89",
        "200807": "10.26",
        "200808": "10.62",
        "200809": "9.72",
        "200810": "8.76",
        "200811": "8.83",
        "200812": "8.74",
        "200901": "8.75",
        "200902": "8.68",
        "200903": "8.86",
        "200904": "9.60",
        "200905": "9.11",
        "200906": "8.68",
        "200907": "8.20",
        "200908": "8.61",
        "200909": "8.96",
        "200910": "9.42",
        "200911": "9.94",
        "200912": "10.49",
        "201001": "13.69",
        "201002": "17.26",
        "201003": "21.59",
        "201004": "25.74",
        "201005": "25.77",
        "201006": "25.59",
        "201007": "23.75",
        "201008": "24.96",
        "201009": "24.87",
        "201010": "24.11",
        "201011": "24.57",
        "201012": "31.66",
        "201101": "37.08",
        "201102": "39.54",
        "201103": "46.97",
        "201104": "57.11",
        "201105": "58.24",
        "201106": "54.69",
        "201107": "40.62",
        "201108": "28.85",
        "201109": "26.75",
        "201110": "28.42",
        "201111": "22.92",
        "201112": "20.27",
        "201201": "20.29",
        "201202": "24.90",
        "201203": "25.05",
        "201204": "22.27",
        "201205": "22.75",
        "201206": "23.82",
        "201207": "25.29",
        "201208": "28.66",
        "201209": "32.14",
        "201210": "30.14",
        "201211": "26.39",
        "201212": "26.73",
        "201301": "26.14",
        "201302": "22.60",
        "201303": "21.86",
        "201304": "20.66",
        "201305": "21.95",
        "201306": "21.29",
        "201307": "20.69",
        "201308": "21.45",
        "201309": "22.74",
        "201310": "24.24",
        "201311": "22.05",
        "201312": "20.93",
        "201401": "22.44",
        "201402": "28.25",
        "201403": "39.71",
        "201404": "42.02",
        "201405": "37.60",
        "201406": "41.40",
        "201407": "41.96",
        "201408": "34.03",
        "201409": "31.75",
        "201410": "26.52",
        "201411": "21.99",
        "201412": "24.26",
        "201501": "26.84",
        "201502": "26.18",
        "201503": "27.88",
        "201504": "24.62",
        "201505": "21.45",
        "201506": "20.54",
        "201507": "19.68",
        "201508": "18.55",
        "201509": "21.65",
        "201510": "21.34",
        "201511": "18.00",
        "201512": "16.51",
        "201601": "15.75",
        "201602": "16.46",
        "201603": "16.19",
        "201604": "13.92",
        "201605": "12.46",
        "201606": "14.05",
        "201607": "15.17",
        "201608": "16.19",
        "201609": "17.96",
        "201610": "18.76",
        "201611": "16.62",
        "201612": "17.50",
        "201701": "18.05",
        "201702": "17.88",
        "201703": "19.25",
        "201704": "22.79",
        "201705": "21.73",
        "201706": "19.96",
        "201707": "19.43",
        "201708": "18.30",
        "201709": "19.57",
        "201710": "18.93",
        "201711": "19.65",
        "201712": "20.73",
        "201801": "21.02",
        "201802": "19.30",
        "201803": "19.85",
        "201804": "19.71",
        "201805": "17.45",
        "201806": "17.16",
        "201807": "16.87",
        "201808": "16.18",
        "201809": "16.20",
        "201810": "14.34",
        "201811": "14.65",
        "201812": "14.53",
        "201901": "14.66",
        "201902": "16.14",
        "201903": "16.52",
        "201904": "17.86",
        "201905": "15.98",
        "201906": "15.12",
        "201907": "15.21",
        "201908": "14.12",
        "201909": "13.96",
        "201910": "13.95",
        "201911": "13.90",
        "201912": "14.42",
        "202001": "14.08",
        "202002": "12.13",
        "202003": "11.32",
        "202004": "12.12",
        "202005": "12.52",
        "202006": "12.84",
        "202007": "13.18",
        "202008": "13.00",
        "202009": "13.58",
        "202010": "12.70",
        "202011": "12.93",
        "202012": "14.01",
        "202101": "14.42",
        "202102": "13.70",
        "202103": "14.13",
        "202104": "15.55",
        "202105": "13.30",
        "202106": "13.14",
        "202107": "13.61",
        "202108": "12.94",
        "202109": "12.67",
        "202110": "12.90",
        "202111": "13.52",
        "202112": "14.58",
        "202201": "14.40",
        "202202": "13.82",
        "202203": "13.32",
        "202204": "13.35",
        "202205": "14.15",
        "202206": "14.22",
        "202207": "13.28",
        "202208": "15.83",
        "202209": "15.38",
        "202210": "14.01",
        "202211": "15.08",
        "202212": "18.71",
        "202301": "18.21",
        "202302": "19.97",
        "202303": "22.23",
        "202304": "22.71",
        "202305": "22.67",
        "202306": "29.25"
    },
    "quarters": {
        "20011": {
            "year_quarter": 20011,
            "year": 2001,
            "quarter": 1,
            "eps": null,
            "eps_growth_year": null,
            "eps_4q": null,
            "eps_4q_growth_year": null,
            "roe": null,
            "roe_4q": 0,
            "gross_profit": null,
            "gross_margin": null,
            "gross_margin_4q_avg": 0,
            "net_income": null,
            "revenue": null,
            "common_shares": null,
            "book_valuer_per_share": null,
            "book_valuer_per_share_4q_avg": 0,
            "equity": null,
            "current_ratio": null,
            "debt_ratio": null,
            "inventory_turnover_ratio": null,
            "account_receivable_turnover_ratio": null,
            "reinvestment_rate": null,
            "research_to_sale_ratio": null,
            "price_fair": 0,
            "eps_avg_yearly": 0,
            "eps_latest_yearly": 0,
            "eps_growth_yearly": 0
        },
        "20012": {
            "year_quarter": 20012,
            "year": 2001,
            "quarter": 2,
            "eps": null,
            "eps_growth_year": null,
            "eps_4q": null,
            "eps_4q_growth_year": null,
            "roe": null,
            "roe_4q": 0,
            "gross_profit": null,
            "gross_margin": null,
            "gross_margin_4q_avg": 0,
            "net_income": null,
            "revenue": null,
            "common_shares": null,
            "book_valuer_per_share": null,
            "book_valuer_per_share_4q_avg": 0,
            "equity": null,
            "current_ratio": null,
            "debt_ratio": null,
            "inventory_turnover_ratio": null,
            "account_receivable_turnover_ratio": null,
            "reinvestment_rate": null,
            "research_to_sale_ratio": null,
            "price_fair": 0,
            "eps_avg_yearly": 0,
            "eps_latest_yearly": 0,
            "eps_growth_yearly": 0
        },
        "20013": {
            "year_quarter": 20013,
            "year": 2001,
            "quarter": 3,
            "eps": 0.65,
            "eps_growth_year": null,
            "eps_4q": null,
            "eps_4q_growth_year": null,
            "roe": 3.71,
            "roe_4q": 3.71,
            "gross_profit": 165898,
            "gross_margin": 10.74,
            "gross_margin_4q_avg": 3.58,
            "net_income": 56869,
            "revenue": 1545259,
            "common_shares": 870000,
            "book_valuer_per_share": 17.61,
            "book_valuer_per_share_4q_avg": 5.87,
            "equity": 1531750,
            "current_ratio": 134.72,
            "debt_ratio": 54.52,
            "inventory_turnover_ratio": 6.31,
            "account_receivable_turnover_ratio": null,
            "reinvestment_rate": null,
            "research_to_sale_ratio": null,
            "price_fair": 0,
            "eps_avg_yearly": 0,
            "eps_latest_yearly": 0,
            "eps_growth_yearly": 0
        },
        "20014": {
            "year_quarter": 20014,
            "year": 2001,
            "quarter": 4,
            "eps": 0.64,
            "eps_growth_year": null,
            "eps_4q": null,
            "eps_4q_growth_year": null,
            "roe": 3.15,
            "roe_4q": 6.859999999999999,
            "gross_profit": 152073,
            "gross_margin": 11.41,
            "gross_margin_4q_avg": 5.54,
            "net_income": 55884,
            "revenue": 1333314,
            "common_shares": 870000,
            "book_valuer_per_share": 18.25,
            "book_valuer_per_share_4q_avg": 8.97,
            "equity": 2017285,
            "current_ratio": 124.43,
            "debt_ratio": 50.12,
            "inventory_turnover_ratio": 3.32,
            "account_receivable_turnover_ratio": null,
            "reinvestment_rate": null,
            "research_to_sale_ratio": null,
            "price_fair": 0,
            "eps_avg_yearly": 0,
            "eps_latest_yearly": 0,
            "eps_growth_yearly": 0
        },
        "20021": {
            "year_quarter": 20021,
            "year": 2002,
            "quarter": 1,
            "eps": 1.13,
            "eps_growth_year": null,
            "eps_4q": null,
            "eps_4q_growth_year": null,
            "roe": 5.3,
            "roe_4q": 12.16,
            "gross_profit": 221494,
            "gross_margin": 12.52,
            "gross_margin_4q_avg": 8.67,
            "net_income": 98047,
            "revenue": 1768799,
            "common_shares": 870000,
            "book_valuer_per_share": 19.38,
            "book_valuer_per_share_4q_avg": 13.81,
            "equity": 1685682,
            "current_ratio": 141.08,
            "debt_ratio": 51.62,
            "inventory_turnover_ratio": 4.19,
            "account_receivable_turnover_ratio": null,
            "reinvestment_rate": null,
            "research_to_sale_ratio": null,
            "price_fair": 158.2,
            "eps_avg_yearly": 4.52,
            "eps_latest_yearly": 4.52,
            "eps_growth_yearly": 306.25
        },
        "20022": {
            "year_quarter": 20022,
            "year": 2002,
            "quarter": 2,
            "eps": 0.25,
            "eps_growth_year": null,
            "eps_4q": 2.71,
            "eps_4q_growth_year": null,
            "roe": 1.28,
            "roe_4q": 13.440000000000001,
            "gross_profit": 151406,
            "gross_margin": 10.12,
            "gross_margin_4q_avg": 11.2,
            "net_income": 21389,
            "revenue": 1496168,
            "common_shares": 870000,
            "book_valuer_per_share": 19.07,
            "book_valuer_per_share_4q_avg": 18.58,
            "equity": 1659071,
            "current_ratio": 142.63,
            "debt_ratio": 50.09,
            "inventory_turnover_ratio": 5.34,
            "account_receivable_turnover_ratio": null,
            "reinvestment_rate": null,
            "research_to_sale_ratio": null,
            "price_fair": 8.28,
            "eps_avg_yearly": 2.76,
            "eps_latest_yearly": 1,
            "eps_growth_yearly": -2.63
        },
        "20023": {
            "year_quarter": 20023,
            "year": 2002,
            "quarter": 3,
            "eps": 0.65,
            "eps_growth_year": 0,
            "eps_4q": 2.18,
            "eps_4q_growth_year": null,
            "roe": 4.4,
            "roe_4q": 14.13,
            "gross_profit": 135734,
            "gross_margin": 9.15,
            "gross_margin_4q_avg": 10.8,
            "net_income": 74654,
            "revenue": 1482775,
            "common_shares": 1140000,
            "book_valuer_per_share": 15.21,
            "book_valuer_per_share_4q_avg": 17.98,
            "equity": 1733725,
            "current_ratio": 160.95,
            "debt_ratio": 43.63,
            "inventory_turnover_ratio": 5.16,
            "account_receivable_turnover_ratio": null,
            "reinvestment_rate": null,
            "research_to_sale_ratio": null,
            "price_fair": 94.73,
            "eps_avg_yearly": 2.71,
            "eps_latest_yearly": 2.6,
            "eps_growth_yearly": 211.58
        },
        "20024": {
            "year_quarter": 20024,
            "year": 2002,
            "quarter": 4,
            "eps": 0.86,
            "eps_growth_year": 34.38,
            "eps_4q": 2.57,
            "eps_4q_growth_year": null,
            "roe": 5.49,
            "roe_4q": 16.47,
            "gross_profit": 156627,
            "gross_margin": 10.58,
            "gross_margin_4q_avg": 10.59,
            "net_income": 97852,
            "revenue": 1480454,
            "common_shares": 1140000,
            "book_valuer_per_share": 16.07,
            "book_valuer_per_share_4q_avg": 17.43,
            "equity": 1831577,
            "current_ratio": 114.54,
            "debt_ratio": 55.87,
            "inventory_turnover_ratio": 3.37,
            "account_receivable_turnover_ratio": null,
            "reinvestment_rate": null,
            "research_to_sale_ratio": null,
            "price_fair": 101.15,
            "eps_avg_yearly": 2.89,
            "eps_latest_yearly": 3.44,
            "eps_growth_yearly": 190.99
        },
        "20031": {
            "year_quarter": 20031,
            "year": 2003,
            "quarter": 1,
            "eps": 0.35,
            "eps_growth_year": -69.03,
            "eps_4q": 2.03,
            "eps_4q_growth_year": null,
            "roe": 2.18,
            "roe_4q": 13.35,
            "gross_profit": 145259,
            "gross_margin": 11.35,
            "gross_margin_4q_avg": 10.3,
            "net_income": 40413,
            "revenue": 1280207,
            "common_shares": 1140000,
            "book_valuer_per_share": 16.42,
            "book_valuer_per_share_4q_avg": 16.69,
            "equity": 1871990,
            "current_ratio": 124.05,
            "debt_ratio": 47.46,
            "inventory_turnover_ratio": 2.92,
            "account_receivable_turnover_ratio": null,
            "reinvestment_rate": null,
            "research_to_sale_ratio": null,
            "price_fair": 90.72,
            "eps_avg_yearly": 2.59,
            "eps_latest_yearly": 1.4,
            "eps_growth_yearly": 105.35
        },
        "20032": {
            "year_quarter": 20032,
            "year": 2003,
            "quarter": 2,
            "eps": -0.24,
            "eps_growth_year": -196,
            "eps_4q": 1.59,
            "eps_4q_growth_year": -41.5,
            "roe": -1.8,
            "roe_4q": 10.27,
            "gross_profit": 126791,
            "gross_margin": 10.8,
            "gross_margin_4q_avg": 10.47,
            "net_income": -31937,
            "revenue": 1174122,
            "common_shares": 1140000,
            "book_valuer_per_share": 14.71,
            "book_valuer_per_share_4q_avg": 15.6,
            "equity": 1676825,
            "current_ratio": 165.47,
            "debt_ratio": 52.05,
            "inventory_turnover_ratio": 4.38,
            "account_receivable_turnover_ratio": null,
            "reinvestment_rate": null,
            "research_to_sale_ratio": null,
            "price_fair": 90.72,
            "eps_avg_yearly": 2.59,
            "eps_latest_yearly": 1.4,
            "eps_growth_yearly": 105.35
        },
        "20033": {
            "year_quarter": 20033,
            "year": 2003,
            "quarter": 3,
            "eps": 0.21,
            "eps_growth_year": -67.69,
            "eps_4q": 1.03,
            "eps_4q_growth_year": -52.75,
            "roe": 1.61,
            "roe_4q": 7.48,
            "gross_profit": 177165,
            "gross_margin": 12.04,
            "gross_margin_4q_avg": 11.19,
            "net_income": 27285,
            "revenue": 1471793,
            "common_shares": 1323000,
            "book_valuer_per_share": 12.88,
            "book_valuer_per_share_4q_avg": 15.02,
            "equity": 1704109,
            "current_ratio": 147.36,
            "debt_ratio": 54.98,
            "inventory_turnover_ratio": 6.02,
            "account_receivable_turnover_ratio": null,
            "reinvestment_rate": null,
            "research_to_sale_ratio": null,
            "price_fair": 90.72,
            "eps_avg_yearly": 2.59,
            "eps_latest_yearly": 1.4,
            "eps_growth_yearly": 105.35
        },
        "20034": {
            "year_quarter": 20034,
            "year": 2003,
            "quarter": 4,
            "eps": 0.52,
            "eps_growth_year": -39.53,
            "eps_4q": 0.8,
            "eps_4q_growth_year": -68.94,
            "roe": 3.84,
            "roe_4q": 5.83,
            "gross_profit": 165295,
            "gross_margin": 10.92,
            "gross_margin_4q_avg": 11.28,
            "net_income": 67167,
            "revenue": 1513059,
            "common_shares": 1334765,
            "book_valuer_per_share": 13.42,
            "book_valuer_per_share_4q_avg": 14.36,
            "equity": 1791295,
            "current_ratio": 124.7,
            "debt_ratio": 62.01,
            "inventory_turnover_ratio": 3.35,
            "account_receivable_turnover_ratio": null,
            "reinvestment_rate": null,
            "research_to_sale_ratio": null,
            "price_fair": 87.73,
            "eps_avg_yearly": 2.51,
            "eps_latest_yearly": 2.08,
            "eps_growth_yearly": 186.21
        },
        "20041": {
            "year_quarter": 20041,
            "year": 2004,
            "quarter": 1,
            "eps": 0.03,
            "eps_growth_year": -91.43,
            "eps_4q": 0.52,
            "eps_4q_growth_year": -74.59,
            "roe": 0.21,
            "roe_4q": 3.8600000000000003,
            "gross_profit": 139727,
            "gross_margin": 11.9,
            "gross_margin_4q_avg": 11.42,
            "net_income": 3862,
            "revenue": 1173920,
            "common_shares": 1379294,
            "book_valuer_per_share": 13.56,
            "book_valuer_per_share_4q_avg": 13.64,
            "equity": 1870435,
            "current_ratio": 156.23,
            "debt_ratio": 49.4,
            "inventory_turnover_ratio": 2.57,
            "account_receivable_turnover_ratio": null,
            "reinvestment_rate": null,
            "research_to_sale_ratio": null,
            "price_fair": 75.8,
            "eps_avg_yearly": 2.17,
            "eps_latest_yearly": 0.12,
            "eps_growth_yearly": 105.76
        },
        "20042": {
            "year_quarter": 20042,
            "year": 2004,
            "quarter": 2,
            "eps": 0.42,
            "eps_growth_year": null,
            "eps_4q": 1.14,
            "eps_4q_growth_year": -28.47,
            "roe": 3.09,
            "roe_4q": 8.75,
            "gross_profit": 131640,
            "gross_margin": 9.12,
            "gross_margin_4q_avg": 11,
            "net_income": 57710,
            "revenue": 1443840,
            "common_shares": 1379470,
            "book_valuer_per_share": 13.5,
            "book_valuer_per_share_4q_avg": 13.34,
            "equity": 1862786,
            "current_ratio": 145.38,
            "debt_ratio": 58.15,
            "inventory_turnover_ratio": 7.26,
            "account_receivable_turnover_ratio": null,
            "reinvestment_rate": null,
            "research_to_sale_ratio": null,
            "price_fair": 73.68,
            "eps_avg_yearly": 2.11,
            "eps_latest_yearly": 1.68,
            "eps_growth_yearly": 742.54
        },
        "20043": {
            "year_quarter": 20043,
            "year": 2004,
            "quarter": 3,
            "eps": 0.3,
            "eps_growth_year": 42.86,
            "eps_4q": 1.24,
            "eps_4q_growth_year": 20.7,
            "roe": 2.25,
            "roe_4q": 9.39,
            "gross_profit": 147633,
            "gross_margin": 10.25,
            "gross_margin_4q_avg": 10.55,
            "net_income": 41032,
            "revenue": 1440005,
            "common_shares": 1374214,
            "book_valuer_per_share": 13.04,
            "book_valuer_per_share_4q_avg": 13.38,
            "equity": 1791650,
            "current_ratio": 141.88,
            "debt_ratio": 58.63,
            "inventory_turnover_ratio": 8.11,
            "account_receivable_turnover_ratio": null,
            "reinvestment_rate": null,
            "research_to_sale_ratio": null,
            "price_fair": 70.16,
            "eps_avg_yearly": 2,
            "eps_latest_yearly": 1.2,
            "eps_growth_yearly": 647.34
        },
        "20044": {
            "year_quarter": 20044,
            "year": 2004,
            "quarter": 4,
            "eps": 0.24,
            "eps_growth_year": -53.85,
            "eps_4q": 1.01,
            "eps_4q_growth_year": 26.15,
            "roe": 1.84,
            "roe_4q": 7.39,
            "gross_profit": 169186,
            "gross_margin": 11.4,
            "gross_margin_4q_avg": 10.67,
            "net_income": 32181,
            "revenue": 1484106,
            "common_shares": 1289214,
            "book_valuer_per_share": 13.17,
            "book_valuer_per_share_4q_avg": 13.32,
            "equity": 1697607,
            "current_ratio": 115.53,
            "debt_ratio": 66.68,
            "inventory_turnover_ratio": 3.38,
            "account_receivable_turnover_ratio": null,
            "reinvestment_rate": null,
            "research_to_sale_ratio": null,
            "price_fair": 66.5,
            "eps_avg_yearly": 1.9,
            "eps_latest_yearly": 0.96,
            "eps_growth_yearly": 574.6
        },
        "20051": {
            "year_quarter": 20051,
            "year": 2005,
            "quarter": 1,
            "eps": 0.03,
            "eps_growth_year": 0,
            "eps_4q": 1.2,
            "eps_4q_growth_year": 132.73,
            "roe": 0.2,
            "roe_4q": 7.38,
            "gross_profit": 122253,
            "gross_margin": 11.22,
            "gross_margin_4q_avg": 10.5,
            "net_income": 3357,
            "revenue": 1089554,
            "common_shares": 1289214,
            "book_valuer_per_share": 13.19,
            "book_valuer_per_share_4q_avg": 13.23,
            "equity": 1700294,
            "current_ratio": 141.76,
            "debt_ratio": 53.41,
            "inventory_turnover_ratio": 2.6,
            "account_receivable_turnover_ratio": null,
            "reinvestment_rate": null,
            "research_to_sale_ratio": null,
            "price_fair": 60.84,
            "eps_avg_yearly": 1.74,
            "eps_latest_yearly": 0.12,
            "eps_growth_yearly": 490.55
        },
        "20052": {
            "year_quarter": 20052,
            "year": 2005,
            "quarter": 2,
            "eps": 0.02,
            "eps_growth_year": -95.24,
            "eps_4q": 0.55,
            "eps_4q_growth_year": -51.97,
            "roe": 0.17,
            "roe_4q": 4.46,
            "gross_profit": 108215,
            "gross_margin": 11.29,
            "gross_margin_4q_avg": 11.04,
            "net_income": 2915,
            "revenue": 958371,
            "common_shares": 1289214,
            "book_valuer_per_share": 12.81,
            "book_valuer_per_share_4q_avg": 13.05,
            "equity": 1651853,
            "current_ratio": 101.64,
            "debt_ratio": 53.33,
            "inventory_turnover_ratio": 7.4,
            "account_receivable_turnover_ratio": null,
            "reinvestment_rate": 56.81,
            "research_to_sale_ratio": null,
            "price_fair": 56,
            "eps_avg_yearly": 1.6,
            "eps_latest_yearly": 0.08,
            "eps_growth_yearly": 438.56
        },
        "20053": {
            "year_quarter": 20053,
            "year": 2005,
            "quarter": 3,
            "eps": -0.02,
            "eps_growth_year": -106.67,
            "eps_4q": 0.24,
            "eps_4q_growth_year": -80.47,
            "roe": -0.19,
            "roe_4q": 2.02,
            "gross_profit": 75444,
            "gross_margin": 7.48,
            "gross_margin_4q_avg": 10.35,
            "net_income": -3235,
            "revenue": 1008767,
            "common_shares": 1453135,
            "book_valuer_per_share": 11.6,
            "book_valuer_per_share_4q_avg": 12.69,
            "equity": 1685578,
            "current_ratio": 104.61,
            "debt_ratio": 53.1,
            "inventory_turnover_ratio": 12.16,
            "account_receivable_turnover_ratio": null,
            "reinvestment_rate": 3.1,
            "research_to_sale_ratio": null,
            "price_fair": 56,
            "eps_avg_yearly": 1.6,
            "eps_latest_yearly": 0.08,
            "eps_growth_yearly": 438.56
        },
        "20054": {
            "year_quarter": 20054,
            "year": 2005,
            "quarter": 4,
            "eps": 0.09,
            "eps_growth_year": -62.5,
            "eps_4q": 0.11,
            "eps_4q_growth_year": -88.74,
            "roe": 0.7,
            "roe_4q": 0.8800000000000001,
            "gross_profit": 126900,
            "gross_margin": 11.13,
            "gross_margin_4q_avg": 10.28,
            "net_income": 11781,
            "revenue": 1139735,
            "common_shares": 1453135,
            "book_valuer_per_share": 11.65,
            "book_valuer_per_share_4q_avg": 12.31,
            "equity": 1693418,
            "current_ratio": 124.66,
            "debt_ratio": 66.39,
            "inventory_turnover_ratio": 3.12,
            "account_receivable_turnover_ratio": null,
            "reinvestment_rate": 30.8,
            "research_to_sale_ratio": null,
            "price_fair": 56,
            "eps_avg_yearly": 1.6,
            "eps_latest_yearly": 0.08,
            "eps_growth_yearly": 438.56
        },
        "20061": {
            "year_quarter": 20061,
            "year": 2006,
            "quarter": 1,
            "eps": 0.07,
            "eps_growth_year": 133.33,
            "eps_4q": 0.15,
            "eps_4q_growth_year": -87.67,
            "roe": 0.61,
            "roe_4q": 1.29,
            "gross_profit": 111913,
            "gross_margin": 11.28,
            "gross_margin_4q_avg": 10.3,
            "net_income": 10290,
            "revenue": 992526,
            "common_shares": 1453135,
            "book_valuer_per_share": 11.72,
            "book_valuer_per_share_4q_avg": 11.95,
            "equity": 1702615,
            "current_ratio": 173.46,
            "debt_ratio": 56.15,
            "inventory_turnover_ratio": 2.89,
            "account_receivable_turnover_ratio": null,
            "reinvestment_rate": 101.64,
            "research_to_sale_ratio": null,
            "price_fair": 43.63,
            "eps_avg_yearly": 1.25,
            "eps_latest_yearly": 0.28,
            "eps_growth_yearly": 405.63
        },
        "20062": {
            "year_quarter": 20062,
            "year": 2006,
            "quarter": 2,
            "eps": 0.13,
            "eps_growth_year": 550,
            "eps_4q": 0.25,
            "eps_4q_growth_year": -53.44,
            "roe": 1.16,
            "roe_4q": 2.28,
            "gross_profit": 97805,
            "gross_margin": 8.65,
            "gross_margin_4q_avg": 9.64,
            "net_income": 19758,
            "revenue": 1130693,
            "common_shares": 1403135,
            "book_valuer_per_share": 12.17,
            "book_valuer_per_share_4q_avg": 11.79,
            "equity": 1708010,
            "current_ratio": 157.92,
            "debt_ratio": 57.57,
            "inventory_turnover_ratio": 91.82,
            "account_receivable_turnover_ratio": null,
            "reinvestment_rate": 85.41,
            "research_to_sale_ratio": null,
            "price_fair": 42.23,
            "eps_avg_yearly": 1.21,
            "eps_latest_yearly": 0.52,
            "eps_growth_yearly": 460.16
        },
        "20063": {
            "year_quarter": 20063,
            "year": 2006,
            "quarter": 3,
            "eps": 0.6,
            "eps_growth_year": null,
            "eps_4q": 0.88,
            "eps_4q_growth_year": 262.49,
            "roe": 5.01,
            "roe_4q": 7.48,
            "gross_profit": 137073,
            "gross_margin": 10.32,
            "gross_margin_4q_avg": 10.35,
            "net_income": 90105,
            "revenue": 1328321,
            "common_shares": 1559318,
            "book_valuer_per_share": 12.1,
            "book_valuer_per_share_4q_avg": 11.91,
            "equity": 1886676,
            "current_ratio": 186.77,
            "debt_ratio": 54.21,
            "inventory_turnover_ratio": 206.46,
            "account_receivable_turnover_ratio": null,
            "reinvestment_rate": 39.47,
            "research_to_sale_ratio": null,
            "price_fair": 41.65,
            "eps_avg_yearly": 1.19,
            "eps_latest_yearly": 2.4,
            "eps_growth_yearly": 527.34
        },
        "20064": {
            "year_quarter": 20064,
            "year": 2006,
            "quarter": 4,
            "eps": 0.21,
            "eps_growth_year": 133.33,
            "eps_4q": 1.01,
            "eps_4q_growth_year": 794.79,
            "roe": 1.65,
            "roe_4q": 8.43,
            "gross_profit": 116230,
            "gross_margin": 11.28,
            "gross_margin_4q_avg": 10.38,
            "net_income": 31426,
            "revenue": 1030557,
            "common_shares": 1561639,
            "book_valuer_per_share": 12.28,
            "book_valuer_per_share_4q_avg": 12.07,
            "equity": 1918358,
            "current_ratio": 133.2,
            "debt_ratio": 62.92,
            "inventory_turnover_ratio": 3.4,
            "account_receivable_turnover_ratio": null,
            "reinvestment_rate": 23.99,
            "research_to_sale_ratio": null,
            "price_fair": 34.07,
            "eps_avg_yearly": 0.97,
            "eps_latest_yearly": 0.84,
            "eps_growth_yearly": 494.9
        },
        "20071": {
            "year_quarter": 20071,
            "year": 2007,
            "quarter": 1,
            "eps": 0.29,
            "eps_growth_year": 314.29,
            "eps_4q": 1.19,
            "eps_4q_growth_year": 701.09,
            "roe": 2.34,
            "roe_4q": 10.16,
            "gross_profit": 94548,
            "gross_margin": 10.94,
            "gross_margin_4q_avg": 10.3,
            "net_income": 45763,
            "revenue": 864387,
            "common_shares": 1588871,
            "book_valuer_per_share": 12.58,
            "book_valuer_per_share_4q_avg": 12.28,
            "equity": 1999187,
            "current_ratio": 266.61,
            "debt_ratio": 47.3,
            "inventory_turnover_ratio": 2.87,
            "account_receivable_turnover_ratio": null,
            "reinvestment_rate": 35.17,
            "research_to_sale_ratio": null,
            "price_fair": 33.37,
            "eps_avg_yearly": 0.95,
            "eps_latest_yearly": 1.16,
            "eps_growth_yearly": 527.37
        },
        "20072": {
            "year_quarter": 20072,
            "year": 2007,
            "quarter": 2,
            "eps": 0.21,
            "eps_growth_year": 61.54,
            "eps_4q": 1.26,
            "eps_4q_growth_year": 394.27,
            "roe": 1.67,
            "roe_4q": 10.67,
            "gross_profit": 103579,
            "gross_margin": 12.58,
            "gross_margin_4q_avg": 11.28,
            "net_income": 33615,
            "revenue": 823675,
            "common_shares": 1609407,
            "book_valuer_per_share": 12.66,
            "book_valuer_per_share_4q_avg": 12.41,
            "equity": 2037857,
            "current_ratio": 289.14,
            "debt_ratio": 45.06,
            "inventory_turnover_ratio": 212.76,
            "account_receivable_turnover_ratio": null,
            "reinvestment_rate": 22.48,
            "research_to_sale_ratio": null,
            "price_fair": 33.06,
            "eps_avg_yearly": 0.94,
            "eps_latest_yearly": 0.84,
            "eps_growth_yearly": 478.31
        },
        "20073": {
            "year_quarter": 20073,
            "year": 2007,
            "quarter": 3,
            "eps": 0.17,
            "eps_growth_year": -71.67,
            "eps_4q": 0.84,
            "eps_4q_growth_year": -4.56,
            "roe": 1.36,
            "roe_4q": 7.02,
            "gross_profit": 95544,
            "gross_margin": 10.2,
            "gross_margin_4q_avg": 11.25,
            "net_income": 28180,
            "revenue": 936338,
            "common_shares": 1745614,
            "book_valuer_per_share": 12.12,
            "book_valuer_per_share_4q_avg": 12.41,
            "equity": 2115880,
            "current_ratio": 252.97,
            "debt_ratio": 43.77,
            "inventory_turnover_ratio": 192.42,
            "account_receivable_turnover_ratio": null,
            "reinvestment_rate": 20.15,
            "research_to_sale_ratio": null,
            "price_fair": 32.4,
            "eps_avg_yearly": 0.93,
            "eps_latest_yearly": 0.68,
            "eps_growth_yearly": 438.71
        },
        "20074": {
            "year_quarter": 20074,
            "year": 2007,
            "quarter": 4,
            "eps": 0.14,
            "eps_growth_year": -33.33,
            "eps_4q": 0.79,
            "eps_4q_growth_year": -21.58,
            "roe": 1.08,
            "roe_4q": 6.45,
            "gross_profit": 113337,
            "gross_margin": 11.85,
            "gross_margin_4q_avg": 11.39,
            "net_income": 23013,
            "revenue": 956681,
            "common_shares": 1749482,
            "book_valuer_per_share": 12.26,
            "book_valuer_per_share_4q_avg": 12.41,
            "equity": 2144192,
            "current_ratio": 131.69,
            "debt_ratio": 56.28,
            "inventory_turnover_ratio": 4.11,
            "account_receivable_turnover_ratio": null,
            "reinvestment_rate": 45.23,
            "research_to_sale_ratio": null,
            "price_fair": 28.6,
            "eps_avg_yearly": 0.82,
            "eps_latest_yearly": 0.56,
            "eps_growth_yearly": 391.49
        },
        "20081": {
            "year_quarter": 20081,
            "year": 2008,
            "quarter": 1,
            "eps": -0.18,
            "eps_growth_year": -162.07,
            "eps_4q": 0.3,
            "eps_4q_growth_year": -75.03,
            "roe": -1.4,
            "roe_4q": 2.71,
            "gross_profit": 143261,
            "gross_margin": 16.34,
            "gross_margin_4q_avg": 12.74,
            "net_income": -32075,
            "revenue": 876868,
            "common_shares": 2058192,
            "book_valuer_per_share": 11.79,
            "book_valuer_per_share_4q_avg": 12.21,
            "equity": 2425782,
            "current_ratio": 131.57,
            "debt_ratio": 49.27,
            "inventory_turnover_ratio": 1.6,
            "account_receivable_turnover_ratio": null,
            "reinvestment_rate": 281.17,
            "research_to_sale_ratio": null,
            "price_fair": 30.48,
            "eps_avg_yearly": 0.87,
            "eps_latest_yearly": 0.56,
            "eps_growth_yearly": 450.6
        },
        "20082": {
            "year_quarter": 20082,
            "year": 2008,
            "quarter": 2,
            "eps": 0.21,
            "eps_growth_year": 0,
            "eps_4q": 0.31,
            "eps_4q_growth_year": -75.68,
            "roe": 1.77,
            "roe_4q": 2.8100000000000005,
            "gross_profit": 163009,
            "gross_margin": 15.8,
            "gross_margin_4q_avg": 13.55,
            "net_income": 42144,
            "revenue": 1031776,
            "common_shares": 2058192,
            "book_valuer_per_share": 11.35,
            "book_valuer_per_share_4q_avg": 11.88,
            "equity": 2336193,
            "current_ratio": 127.66,
            "debt_ratio": 51.16,
            "inventory_turnover_ratio": 1.6,
            "account_receivable_turnover_ratio": null,
            "reinvestment_rate": 287.03,
            "research_to_sale_ratio": null,
            "price_fair": 28.12,
            "eps_avg_yearly": 0.8,
            "eps_latest_yearly": 0.56,
            "eps_growth_yearly": 54.81
        },
        "20083": {
            "year_quarter": 20083,
            "year": 2008,
            "quarter": 3,
            "eps": 0.33,
            "eps_growth_year": 94.12,
            "eps_4q": 0.49,
            "eps_4q_growth_year": -41.07,
            "roe": 2.87,
            "roe_4q": 4.32,
            "gross_profit": 217548,
            "gross_margin": 13.6,
            "gross_margin_4q_avg": 14.4,
            "net_income": 66520,
            "revenue": 1599259,
            "common_shares": 2160810,
            "book_valuer_per_share": 10.61,
            "book_valuer_per_share_4q_avg": 11.5,
            "equity": 2292268,
            "current_ratio": 118.68,
            "debt_ratio": 57.91,
            "inventory_turnover_ratio": 2.21,
            "account_receivable_turnover_ratio": null,
            "reinvestment_rate": 278.21,
            "research_to_sale_ratio": null,
            "price_fair": 28.47,
            "eps_avg_yearly": 0.81,
            "eps_latest_yearly": 1.32,
            "eps_growth_yearly": 83.38
        },
        "20084": {
            "year_quarter": 20084,
            "year": 2008,
            "quarter": 4,
            "eps": 0.13,
            "eps_growth_year": -7.14,
            "eps_4q": 0.52,
            "eps_4q_growth_year": -35.13,
            "roe": 1.12,
            "roe_4q": 4.359999999999999,
            "gross_profit": 170360,
            "gross_margin": 12.03,
            "gross_margin_4q_avg": 14.44,
            "net_income": 25841,
            "revenue": 1416578,
            "common_shares": 1980810,
            "book_valuer_per_share": 11.71,
            "book_valuer_per_share_4q_avg": 11.37,
            "equity": 2319636,
            "current_ratio": 120.59,
            "debt_ratio": 55.04,
            "inventory_turnover_ratio": 2.06,
            "account_receivable_turnover_ratio": 1.81,
            "reinvestment_rate": 19.08,
            "research_to_sale_ratio": null,
            "price_fair": 27.18,
            "eps_avg_yearly": 0.78,
            "eps_latest_yearly": 0.52,
            "eps_growth_yearly": 69.85
        },
        "20091": {
            "year_quarter": 20091,
            "year": 2009,
            "quarter": 1,
            "eps": 0.07,
            "eps_growth_year": null,
            "eps_4q": 0.75,
            "eps_4q_growth_year": 152.94,
            "roe": 0.6,
            "roe_4q": 6.359999999999999,
            "gross_profit": 124205,
            "gross_margin": 12.15,
            "gross_margin_4q_avg": 13.4,
            "net_income": 13876,
            "revenue": 1022588,
            "common_shares": 1980810,
            "book_valuer_per_share": 11.79,
            "book_valuer_per_share_4q_avg": 11.37,
            "equity": 2336262,
            "current_ratio": 131.34,
            "debt_ratio": 48.79,
            "inventory_turnover_ratio": 2.04,
            "account_receivable_turnover_ratio": 0.76,
            "reinvestment_rate": 255.41,
            "research_to_sale_ratio": null,
            "price_fair": 27.65,
            "eps_avg_yearly": 0.79,
            "eps_latest_yearly": 0.28,
            "eps_growth_yearly": 83.63
        },
        "20092": {
            "year_quarter": 20092,
            "year": 2009,
            "quarter": 2,
            "eps": -0.18,
            "eps_growth_year": -185.71,
            "eps_4q": 0.36,
            "eps_4q_growth_year": 18.35,
            "roe": -1.52,
            "roe_4q": 3.0700000000000003,
            "gross_profit": 84393,
            "gross_margin": 10.89,
            "gross_margin_4q_avg": 12.17,
            "net_income": -34676,
            "revenue": 774949,
            "common_shares": 1980810,
            "book_valuer_per_share": 11.28,
            "book_valuer_per_share_4q_avg": 11.35,
            "equity": 2235218,
            "current_ratio": 132.66,
            "debt_ratio": 45.87,
            "inventory_turnover_ratio": 2.15,
            "account_receivable_turnover_ratio": 0.78,
            "reinvestment_rate": 269.63,
            "research_to_sale_ratio": null,
            "price_fair": 29.91,
            "eps_avg_yearly": 0.85,
            "eps_latest_yearly": 0.28,
            "eps_growth_yearly": 103.36
        },
        "20093": {
            "year_quarter": 20093,
            "year": 2009,
            "quarter": 3,
            "eps": 0.07,
            "eps_growth_year": -78.79,
            "eps_4q": 0.1,
            "eps_4q_growth_year": -80.49,
            "roe": 0.61,
            "roe_4q": 0.81,
            "gross_profit": 132103,
            "gross_margin": 13.86,
            "gross_margin_4q_avg": 12.23,
            "net_income": 13373,
            "revenue": 953344,
            "common_shares": 1980810,
            "book_valuer_per_share": 11.02,
            "book_valuer_per_share_4q_avg": 11.45,
            "equity": 2182439,
            "current_ratio": 144.24,
            "debt_ratio": 47.25,
            "inventory_turnover_ratio": 2.64,
            "account_receivable_turnover_ratio": 1.04,
            "reinvestment_rate": 254.94,
            "research_to_sale_ratio": null,
            "price_fair": 29.91,
            "eps_avg_yearly": 0.85,
            "eps_latest_yearly": 0.28,
            "eps_growth_yearly": 103.36
        },
        "20094": {
            "year_quarter": 20094,
            "year": 2009,
            "quarter": 4,
            "eps": 0.21,
            "eps_growth_year": 61.54,
            "eps_4q": 0.18,
            "eps_4q_growth_year": -65.99,
            "roe": 1.84,
            "roe_4q": 1.5300000000000002,
            "gross_profit": 205598,
            "gross_margin": 17.25,
            "gross_margin_4q_avg": 13.54,
            "net_income": 40385,
            "revenue": 1192205,
            "common_shares": 1880810,
            "book_valuer_per_share": 11.68,
            "book_valuer_per_share_4q_avg": 11.44,
            "equity": 2197538,
            "current_ratio": 139.25,
            "debt_ratio": 49.86,
            "inventory_turnover_ratio": 2.91,
            "account_receivable_turnover_ratio": 1.91,
            "reinvestment_rate": 199,
            "research_to_sale_ratio": null,
            "price_fair": 29.87,
            "eps_avg_yearly": 0.85,
            "eps_latest_yearly": 0.84,
            "eps_growth_yearly": 161.41
        },
        "20101": {
            "year_quarter": 20101,
            "year": 2010,
            "quarter": 1,
            "eps": 0.4,
            "eps_growth_year": 471.43,
            "eps_4q": 0.51,
            "eps_4q_growth_year": -32.39,
            "roe": 3.4,
            "roe_4q": 4.33,
            "gross_profit": 238606,
            "gross_margin": 17.86,
            "gross_margin_4q_avg": 14.97,
            "net_income": 76108,
            "revenue": 1336265,
            "common_shares": 1880810,
            "book_valuer_per_share": 12.09,
            "book_valuer_per_share_4q_avg": 11.52,
            "equity": 2273124,
            "current_ratio": 157.95,
            "debt_ratio": 52.66,
            "inventory_turnover_ratio": 2.9,
            "account_receivable_turnover_ratio": 0.97,
            "reinvestment_rate": 375.04,
            "research_to_sale_ratio": 1.35,
            "price_fair": 33.72,
            "eps_avg_yearly": 0.96,
            "eps_latest_yearly": 1.6,
            "eps_growth_yearly": 198.98
        },
        "20102": {
            "year_quarter": 20102,
            "year": 2010,
            "quarter": 2,
            "eps": 0.37,
            "eps_growth_year": null,
            "eps_4q": 1.06,
            "eps_4q_growth_year": 193.35,
            "roe": 3.05,
            "roe_4q": 8.899999999999999,
            "gross_profit": 217130,
            "gross_margin": 19.62,
            "gross_margin_4q_avg": 17.15,
            "net_income": 69462,
            "revenue": 1106682,
            "common_shares": 1880810,
            "book_valuer_per_share": 12.16,
            "book_valuer_per_share_4q_avg": 11.74,
            "equity": 2287147,
            "current_ratio": 160.34,
            "debt_ratio": 48.28,
            "inventory_turnover_ratio": 2.44,
            "account_receivable_turnover_ratio": 0.79,
            "reinvestment_rate": 377.61,
            "research_to_sale_ratio": 1.7,
            "price_fair": 36.52,
            "eps_avg_yearly": 1.04,
            "eps_latest_yearly": 1.48,
            "eps_growth_yearly": 167.9
        },
        "20103": {
            "year_quarter": 20103,
            "year": 2010,
            "quarter": 3,
            "eps": 0.04,
            "eps_growth_year": -49.92,
            "eps_4q": 1.02,
            "eps_4q_growth_year": 962.12,
            "roe": 0.29,
            "roe_4q": 8.58,
            "gross_profit": 178393,
            "gross_margin": 20.21,
            "gross_margin_4q_avg": 18.74,
            "net_income": 6593,
            "revenue": 882876,
            "common_shares": 1880810,
            "book_valuer_per_share": 12.18,
            "book_valuer_per_share_4q_avg": 12.03,
            "equity": 2291163,
            "current_ratio": 155.02,
            "debt_ratio": 46.5,
            "inventory_turnover_ratio": 1.81,
            "account_receivable_turnover_ratio": 0.78,
            "reinvestment_rate": 500.16,
            "research_to_sale_ratio": 2.82,
            "price_fair": 23.7,
            "eps_avg_yearly": 0.86,
            "eps_latest_yearly": 0.16,
            "eps_growth_yearly": 17.66
        },
        "20104": {
            "year_quarter": 20104,
            "year": 2010,
            "quarter": 4,
            "eps": 0.2,
            "eps_growth_year": -5.89,
            "eps_4q": 1.01,
            "eps_4q_growth_year": 474.47,
            "roe": 1.61,
            "roe_4q": 8.35,
            "gross_profit": 217328,
            "gross_margin": 21.27,
            "gross_margin_4q_avg": 19.74,
            "net_income": 37172,
            "revenue": 1021908,
            "common_shares": 1880810,
            "book_valuer_per_share": 12.36,
            "book_valuer_per_share_4q_avg": 12.2,
            "equity": 2324178,
            "current_ratio": 156.09,
            "debt_ratio": 45.03,
            "inventory_turnover_ratio": 1.8,
            "account_receivable_turnover_ratio": 0.98,
            "reinvestment_rate": 289.98,
            "research_to_sale_ratio": 2.02,
            "price_fair": 29.87,
            "eps_avg_yearly": 0.85,
            "eps_latest_yearly": 0.8,
            "eps_growth_yearly": 172.66
        },
        "20111": {
            "year_quarter": 20111,
            "year": 2011,
            "quarter": 1,
            "eps": 0.03,
            "eps_growth_year": -92.5,
            "eps_4q": 0.64,
            "eps_4q_growth_year": 25.85,
            "roe": 0.28,
            "roe_4q": 5.23,
            "gross_profit": 146876,
            "gross_margin": 16.97,
            "gross_margin_4q_avg": 19.52,
            "net_income": 6566,
            "revenue": 865475,
            "common_shares": 1880810,
            "book_valuer_per_share": 12.39,
            "book_valuer_per_share_4q_avg": 12.27,
            "equity": 2330927,
            "current_ratio": 166.39,
            "debt_ratio": 43.84,
            "inventory_turnover_ratio": 1.66,
            "account_receivable_turnover_ratio": 0.82,
            "reinvestment_rate": 518.15,
            "research_to_sale_ratio": 2.42,
            "price_fair": 26.83,
            "eps_avg_yearly": 0.77,
            "eps_latest_yearly": 0.12,
            "eps_growth_yearly": 131.63
        },
        "20112": {
            "year_quarter": 20112,
            "year": 2011,
            "quarter": 2,
            "eps": -0.29,
            "eps_growth_year": -177.83,
            "eps_4q": -0.02,
            "eps_4q_growth_year": -101.87,
            "roe": -2.43,
            "roe_4q": -0.2500000000000003,
            "gross_profit": 71347,
            "gross_margin": 8.42,
            "gross_margin_4q_avg": 16.72,
            "net_income": -54062,
            "revenue": 847183,
            "common_shares": 1880810,
            "book_valuer_per_share": 11.3,
            "book_valuer_per_share_4q_avg": 12.06,
            "equity": 2125386,
            "current_ratio": 140.4,
            "debt_ratio": 47.99,
            "inventory_turnover_ratio": 1.91,
            "account_receivable_turnover_ratio": 0.88,
            "reinvestment_rate": 670.69,
            "research_to_sale_ratio": 2.37,
            "price_fair": 26.6,
            "eps_avg_yearly": 0.76,
            "eps_latest_yearly": 0.12,
            "eps_growth_yearly": 153.63
        },
        "20113": {
            "year_quarter": 20113,
            "year": 2011,
            "quarter": 3,
            "eps": 0.03,
            "eps_growth_year": -12.72,
            "eps_4q": -0.02,
            "eps_4q_growth_year": -102.43,
            "roe": 0.27,
            "roe_4q": -0.27,
            "gross_profit": 111541,
            "gross_margin": 13.5,
            "gross_margin_4q_avg": 15.04,
            "net_income": 5689,
            "revenue": 826224,
            "common_shares": 1880810,
            "book_valuer_per_share": 11.18,
            "book_valuer_per_share_4q_avg": 11.81,
            "equity": 2079623,
            "current_ratio": 109.71,
            "debt_ratio": 47.32,
            "inventory_turnover_ratio": 2.24,
            "account_receivable_turnover_ratio": 0.85,
            "reinvestment_rate": 717.97,
            "research_to_sale_ratio": 2.18,
            "price_fair": 26.88,
            "eps_avg_yearly": 0.77,
            "eps_latest_yearly": 0.12,
            "eps_growth_yearly": 176.61
        },
        "20114": {
            "year_quarter": 20114,
            "year": 2011,
            "quarter": 4,
            "eps": -0.15,
            "eps_growth_year": -177.36,
            "eps_4q": -0.38,
            "eps_4q_growth_year": -137.76,
            "roe": -1.38,
            "roe_4q": -3.26,
            "gross_profit": 89622,
            "gross_margin": 13.97,
            "gross_margin_4q_avg": 13.22,
            "net_income": -28125,
            "revenue": 641502,
            "common_shares": 1880810,
            "book_valuer_per_share": 10.9,
            "book_valuer_per_share_4q_avg": 11.44,
            "equity": 2004292,
            "current_ratio": 111.29,
            "debt_ratio": 46.91,
            "inventory_turnover_ratio": 2.49,
            "account_receivable_turnover_ratio": 0.72,
            "reinvestment_rate": 460.89,
            "research_to_sale_ratio": 2.7,
            "price_fair": 27.69,
            "eps_avg_yearly": 0.79,
            "eps_latest_yearly": 0.12,
            "eps_growth_yearly": 204.08
        },
        "20121": {
            "year_quarter": 20121,
            "year": 2012,
            "quarter": 1,
            "eps": -0.01,
            "eps_growth_year": -133.33,
            "eps_4q": -0.43,
            "eps_4q_growth_year": -166.76,
            "roe": -0.05,
            "roe_4q": -3.59,
            "gross_profit": 130467,
            "gross_margin": 20.03,
            "gross_margin_4q_avg": 13.98,
            "net_income": -966,
            "revenue": 651247,
            "common_shares": 1851710,
            "book_valuer_per_share": 10.8,
            "book_valuer_per_share_4q_avg": 11.05,
            "equity": 1966866,
            "current_ratio": 109.87,
            "debt_ratio": 46.93,
            "inventory_turnover_ratio": 2.9,
            "account_receivable_turnover_ratio": 0.82,
            "reinvestment_rate": 422.33,
            "research_to_sale_ratio": 2.85,
            "price_fair": 27.69,
            "eps_avg_yearly": 0.79,
            "eps_latest_yearly": 0.12,
            "eps_growth_yearly": 204.08
        },
        "20122": {
            "year_quarter": 20122,
            "year": 2012,
            "quarter": 2,
            "eps": -0.32,
            "eps_growth_year": null,
            "eps_4q": -0.45,
            "eps_4q_growth_year": null,
            "roe": -2.98,
            "roe_4q": -4.140000000000001,
            "gross_profit": 38375,
            "gross_margin": 7.23,
            "gross_margin_4q_avg": 13.68,
            "net_income": -57794,
            "revenue": 530915,
            "common_shares": 1851710,
            "book_valuer_per_share": 10.48,
            "book_valuer_per_share_4q_avg": 10.84,
            "equity": 1909658,
            "current_ratio": 119.96,
            "debt_ratio": 47.52,
            "inventory_turnover_ratio": 2.74,
            "account_receivable_turnover_ratio": 0.75,
            "reinvestment_rate": 699.39,
            "research_to_sale_ratio": 3.11,
            "price_fair": 27.69,
            "eps_avg_yearly": 0.79,
            "eps_latest_yearly": 0.12,
            "eps_growth_yearly": 204.08
        },
        "20123": {
            "year_quarter": 20123,
            "year": 2012,
            "quarter": 3,
            "eps": 0.02,
            "eps_growth_year": -24.71,
            "eps_4q": -0.45,
            "eps_4q_growth_year": null,
            "roe": 0.22,
            "roe_4q": -4.1899999999999995,
            "gross_profit": 126023,
            "gross_margin": 14.37,
            "gross_margin_4q_avg": 13.9,
            "net_income": 4196,
            "revenue": 877238,
            "common_shares": 1851710,
            "book_valuer_per_share": 10.5,
            "book_valuer_per_share_4q_avg": 10.67,
            "equity": 1912917,
            "current_ratio": 117.43,
            "debt_ratio": 51.51,
            "inventory_turnover_ratio": 3.17,
            "account_receivable_turnover_ratio": 1.21,
            "reinvestment_rate": 1250.9,
            "research_to_sale_ratio": 1.79,
            "price_fair": 25.38,
            "eps_avg_yearly": 0.73,
            "eps_latest_yearly": 0.12,
            "eps_growth_yearly": 201.01
        },
        "20124": {
            "year_quarter": 20124,
            "year": 2012,
            "quarter": 4,
            "eps": 0.51,
            "eps_growth_year": null,
            "eps_4q": 0.21,
            "eps_4q_growth_year": null,
            "roe": 4.7,
            "roe_4q": 1.89,
            "gross_profit": 269666,
            "gross_margin": 26.4,
            "gross_margin_4q_avg": 17.01,
            "net_income": 92133,
            "revenue": 1021419,
            "common_shares": 1851710,
            "book_valuer_per_share": 11,
            "book_valuer_per_share_4q_avg": 10.7,
            "equity": 2004629,
            "current_ratio": 141.95,
            "debt_ratio": 47.3,
            "inventory_turnover_ratio": 2.71,
            "account_receivable_turnover_ratio": 1.13,
            "reinvestment_rate": 868.99,
            "research_to_sale_ratio": 1.37,
            "price_fair": 32.03,
            "eps_avg_yearly": 0.92,
            "eps_latest_yearly": 2.04,
            "eps_growth_yearly": 1456.32
        },
        "20131": {
            "year_quarter": 20131,
            "year": 2013,
            "quarter": 1,
            "eps": -0.04,
            "eps_growth_year": null,
            "eps_4q": 0.17,
            "eps_4q_growth_year": null,
            "roe": -0.36,
            "roe_4q": 1.5799999999999996,
            "gross_profit": 76905,
            "gross_margin": 14.79,
            "gross_margin_4q_avg": 15.7,
            "net_income": -7201,
            "revenue": 519862,
            "common_shares": 1851710,
            "book_valuer_per_share": 10.94,
            "book_valuer_per_share_4q_avg": 10.73,
            "equity": 1993189,
            "current_ratio": 150.95,
            "debt_ratio": 44.83,
            "inventory_turnover_ratio": 1.78,
            "account_receivable_turnover_ratio": 0.64,
            "reinvestment_rate": 131.21,
            "research_to_sale_ratio": 2.34,
            "price_fair": 35.2,
            "eps_avg_yearly": 1.01,
            "eps_latest_yearly": 2.04,
            "eps_growth_yearly": 1690.74
        },
        "20132": {
            "year_quarter": 20132,
            "year": 2013,
            "quarter": 2,
            "eps": 0.09,
            "eps_growth_year": null,
            "eps_4q": 0.59,
            "eps_4q_growth_year": null,
            "roe": 0.83,
            "roe_4q": 5.39,
            "gross_profit": 123647,
            "gross_margin": 23.66,
            "gross_margin_4q_avg": 19.81,
            "net_income": 16286,
            "revenue": 522556,
            "common_shares": 1821710,
            "book_valuer_per_share": 10.85,
            "book_valuer_per_share_4q_avg": 10.82,
            "equity": 1944896,
            "current_ratio": 144.36,
            "debt_ratio": 42.77,
            "inventory_turnover_ratio": 1.68,
            "account_receivable_turnover_ratio": 0.84,
            "reinvestment_rate": 94.87,
            "research_to_sale_ratio": 2.23,
            "price_fair": 35.2,
            "eps_avg_yearly": 1.01,
            "eps_latest_yearly": 2.04,
            "eps_growth_yearly": 1690.74
        },
        "20133": {
            "year_quarter": 20133,
            "year": 2013,
            "quarter": 3,
            "eps": 0.25,
            "eps_growth_year": 985.4,
            "eps_4q": 0.82,
            "eps_4q_growth_year": null,
            "roe": 2.31,
            "roe_4q": 7.48,
            "gross_profit": 194302,
            "gross_margin": 25.74,
            "gross_margin_4q_avg": 22.65,
            "net_income": 45502,
            "revenue": 754750,
            "common_shares": 1821710,
            "book_valuer_per_share": 11.09,
            "book_valuer_per_share_4q_avg": 10.97,
            "equity": 1987330,
            "current_ratio": 148.04,
            "debt_ratio": 43.42,
            "inventory_turnover_ratio": 2.11,
            "account_receivable_turnover_ratio": 1.11,
            "reinvestment_rate": 73.2,
            "research_to_sale_ratio": 1.67,
            "price_fair": 35.18,
            "eps_avg_yearly": 1.01,
            "eps_latest_yearly": 1,
            "eps_growth_yearly": 1568.28
        },
        "20134": {
            "year_quarter": 20134,
            "year": 2013,
            "quarter": 4,
            "eps": 0.23,
            "eps_growth_year": -54.69,
            "eps_4q": 0.53,
            "eps_4q_growth_year": 158.86,
            "roe": 2.04,
            "roe_4q": 4.819999999999999,
            "gross_profit": 148379,
            "gross_margin": 16.98,
            "gross_margin_4q_avg": 20.29,
            "net_income": 41062,
            "revenue": 873992,
            "common_shares": 1821710,
            "book_valuer_per_share": 11.32,
            "book_valuer_per_share_4q_avg": 11.05,
            "equity": 2028986,
            "current_ratio": 159.79,
            "debt_ratio": 43.44,
            "inventory_turnover_ratio": 2.19,
            "account_receivable_turnover_ratio": 1.05,
            "reinvestment_rate": -427.36,
            "research_to_sale_ratio": 1.04,
            "price_fair": 35.53,
            "eps_avg_yearly": 1.02,
            "eps_latest_yearly": 0.92,
            "eps_growth_yearly": 1464.28
        },
        "20141": {
            "year_quarter": 20141,
            "year": 2014,
            "quarter": 1,
            "eps": 0.18,
            "eps_growth_year": null,
            "eps_4q": 0.75,
            "eps_4q_growth_year": 338.84,
            "roe": 1.58,
            "roe_4q": 6.76,
            "gross_profit": 86673,
            "gross_margin": 12.18,
            "gross_margin_4q_avg": 19.64,
            "net_income": 32391,
            "revenue": 711643,
            "common_shares": 1821710,
            "book_valuer_per_share": 11.51,
            "book_valuer_per_share_4q_avg": 11.19,
            "equity": 2062135,
            "current_ratio": 174.73,
            "debt_ratio": 40.72,
            "inventory_turnover_ratio": 1.65,
            "account_receivable_turnover_ratio": 0.81,
            "reinvestment_rate": -563.34,
            "research_to_sale_ratio": 1.23,
            "price_fair": 31.68,
            "eps_avg_yearly": 0.91,
            "eps_latest_yearly": 0.72,
            "eps_growth_yearly": 1408.17
        },
        "20142": {
            "year_quarter": 20142,
            "year": 2014,
            "quarter": 2,
            "eps": -0.17,
            "eps_growth_year": -288.89,
            "eps_4q": 0.49,
            "eps_4q_growth_year": -16.73,
            "roe": -1.52,
            "roe_4q": 4.41,
            "gross_profit": 47437,
            "gross_margin": 6.41,
            "gross_margin_4q_avg": 15.33,
            "net_income": -31176,
            "revenue": 739736,
            "common_shares": 1821710,
            "book_valuer_per_share": 11.34,
            "book_valuer_per_share_4q_avg": 11.32,
            "equity": 2031799,
            "current_ratio": 132.2,
            "debt_ratio": 40.31,
            "inventory_turnover_ratio": 1.95,
            "account_receivable_turnover_ratio": 0.86,
            "reinvestment_rate": -1188.14,
            "research_to_sale_ratio": 1.49,
            "price_fair": 28.8,
            "eps_avg_yearly": 0.82,
            "eps_latest_yearly": 0.72,
            "eps_growth_yearly": 1613.63
        },
        "20143": {
            "year_quarter": 20143,
            "year": 2014,
            "quarter": 3,
            "eps": -0.13,
            "eps_growth_year": -152,
            "eps_4q": 0.11,
            "eps_4q_growth_year": -87.07,
            "roe": -1.14,
            "roe_4q": 0.96,
            "gross_profit": 39690,
            "gross_margin": 5.44,
            "gross_margin_4q_avg": 10.25,
            "net_income": -23215,
            "revenue": 729684,
            "common_shares": 1821710,
            "book_valuer_per_share": 11.33,
            "book_valuer_per_share_4q_avg": 11.38,
            "equity": 2039247,
            "current_ratio": 134.96,
            "debt_ratio": 40.84,
            "inventory_turnover_ratio": 1.92,
            "account_receivable_turnover_ratio": 0.87,
            "reinvestment_rate": -1683.67,
            "research_to_sale_ratio": 1.9,
            "price_fair": 32.67,
            "eps_avg_yearly": 0.93,
            "eps_latest_yearly": 0.72,
            "eps_growth_yearly": 1942.03
        },
        "20144": {
            "year_quarter": 20144,
            "year": 2014,
            "quarter": 4,
            "eps": 0.84,
            "eps_growth_year": 268.59,
            "eps_4q": 0.72,
            "eps_4q_growth_year": 35.34,
            "roe": 7.17,
            "roe_4q": 6.09,
            "gross_profit": 77329,
            "gross_margin": 9.24,
            "gross_margin_4q_avg": 8.32,
            "net_income": 152052,
            "revenue": 836632,
            "common_shares": 1800000,
            "book_valuer_per_share": 12.24,
            "book_valuer_per_share_4q_avg": 11.61,
            "equity": 2203866,
            "current_ratio": 174.04,
            "debt_ratio": 35.83,
            "inventory_turnover_ratio": 1.93,
            "account_receivable_turnover_ratio": 0.96,
            "reinvestment_rate": -735.82,
            "research_to_sale_ratio": 1.25,
            "price_fair": 33.6,
            "eps_avg_yearly": 0.96,
            "eps_latest_yearly": 0.72,
            "eps_growth_yearly": 2010.43
        },
        "20151": {
            "year_quarter": 20151,
            "year": 2015,
            "quarter": 1,
            "eps": -0.07,
            "eps_growth_year": -138.89,
            "eps_4q": 0.47,
            "eps_4q_growth_year": -37.27,
            "roe": -0.57,
            "roe_4q": 3.94,
            "gross_profit": 50461,
            "gross_margin": 7.1,
            "gross_margin_4q_avg": 7.05,
            "net_income": -12429,
            "revenue": 710863,
            "common_shares": 1800000,
            "book_valuer_per_share": 12.18,
            "book_valuer_per_share_4q_avg": 11.77,
            "equity": 2191518,
            "current_ratio": 181.77,
            "debt_ratio": 33.4,
            "inventory_turnover_ratio": 1.5,
            "account_receivable_turnover_ratio": 0.85,
            "reinvestment_rate": -797.9,
            "research_to_sale_ratio": 1.49,
            "price_fair": 40.95,
            "eps_avg_yearly": 1.17,
            "eps_latest_yearly": 0.72,
            "eps_growth_yearly": 2598.04
        },
        "20152": {
            "year_quarter": 20152,
            "year": 2015,
            "quarter": 2,
            "eps": 0.07,
            "eps_growth_year": null,
            "eps_4q": 0.73,
            "eps_4q_growth_year": 48.31,
            "roe": 0.6,
            "roe_4q": 6.0600000000000005,
            "gross_profit": 95575,
            "gross_margin": 11.26,
            "gross_margin_4q_avg": 8.26,
            "net_income": 13117,
            "revenue": 849178,
            "common_shares": 1800000,
            "book_valuer_per_share": 12.16,
            "book_valuer_per_share_4q_avg": 11.98,
            "equity": 2168202,
            "current_ratio": 236.04,
            "debt_ratio": 31.86,
            "inventory_turnover_ratio": 1.92,
            "account_receivable_turnover_ratio": 1.07,
            "reinvestment_rate": -586.59,
            "research_to_sale_ratio": 1.21,
            "price_fair": 40.95,
            "eps_avg_yearly": 1.17,
            "eps_latest_yearly": 0.72,
            "eps_growth_yearly": 2598.04
        },
        "20153": {
            "year_quarter": 20153,
            "year": 2015,
            "quarter": 3,
            "eps": 0.4,
            "eps_growth_year": null,
            "eps_4q": 1.26,
            "eps_4q_growth_year": 1086.67,
            "roe": 3.22,
            "roe_4q": 10.42,
            "gross_profit": 122558,
            "gross_margin": 15.15,
            "gross_margin_4q_avg": 10.69,
            "net_income": 70868,
            "revenue": 809214,
            "common_shares": 1779350,
            "book_valuer_per_share": 12.56,
            "book_valuer_per_share_4q_avg": 12.29,
            "equity": 2234645,
            "current_ratio": 224.88,
            "debt_ratio": 34.58,
            "inventory_turnover_ratio": 1.89,
            "account_receivable_turnover_ratio": 1.02,
            "reinvestment_rate": -479.14,
            "research_to_sale_ratio": 1.48,
            "price_fair": 43.96,
            "eps_avg_yearly": 1.26,
            "eps_latest_yearly": 1.6,
            "eps_growth_yearly": 2455.57
        },
        "20154": {
            "year_quarter": 20154,
            "year": 2015,
            "quarter": 4,
            "eps": -0.01,
            "eps_growth_year": -101.32,
            "eps_4q": 0.39,
            "eps_4q_growth_year": -45.88,
            "roe": -0.09,
            "roe_4q": 3.1600000000000006,
            "gross_profit": 47181,
            "gross_margin": 5.41,
            "gross_margin_4q_avg": 9.73,
            "net_income": -1984,
            "revenue": 872655,
            "common_shares": 1779350,
            "book_valuer_per_share": 12.57,
            "book_valuer_per_share_4q_avg": 12.37,
            "equity": 2236756,
            "current_ratio": 196.23,
            "debt_ratio": 35.04,
            "inventory_turnover_ratio": 1.8,
            "account_receivable_turnover_ratio": 1.06,
            "reinvestment_rate": -439.31,
            "research_to_sale_ratio": 0.94,
            "price_fair": 43.96,
            "eps_avg_yearly": 1.26,
            "eps_latest_yearly": 1.6,
            "eps_growth_yearly": 2455.57
        },
        "20161": {
            "year_quarter": 20161,
            "year": 2016,
            "quarter": 1,
            "eps": -0.17,
            "eps_growth_year": null,
            "eps_4q": 0.29,
            "eps_4q_growth_year": -37.99,
            "roe": -1.34,
            "roe_4q": 2.39,
            "gross_profit": 40497,
            "gross_margin": 5.55,
            "gross_margin_4q_avg": 9.34,
            "net_income": -29757,
            "revenue": 729862,
            "common_shares": 1779350,
            "book_valuer_per_share": 12.4,
            "book_valuer_per_share_4q_avg": 12.42,
            "equity": 2206999,
            "current_ratio": 216.12,
            "debt_ratio": 31.94,
            "inventory_turnover_ratio": 1.36,
            "account_receivable_turnover_ratio": 0.84,
            "reinvestment_rate": -502.84,
            "research_to_sale_ratio": 1.16,
            "price_fair": 43.96,
            "eps_avg_yearly": 1.26,
            "eps_latest_yearly": 1.6,
            "eps_growth_yearly": 2455.57
        },
        "20162": {
            "year_quarter": 20162,
            "year": 2016,
            "quarter": 2,
            "eps": 0.25,
            "eps_growth_year": 257.14,
            "eps_4q": 0.48,
            "eps_4q_growth_year": -33.91,
            "roe": 3.5,
            "roe_4q": 5.290000000000001,
            "gross_profit": 148605,
            "gross_margin": 13.79,
            "gross_margin_4q_avg": 9.98,
            "net_income": 82330,
            "revenue": 1077717,
            "common_shares": 1779350,
            "book_valuer_per_share": 12.18,
            "book_valuer_per_share_4q_avg": 12.43,
            "equity": 2492507,
            "current_ratio": 188.42,
            "debt_ratio": 35.41,
            "inventory_turnover_ratio": 1.95,
            "account_receivable_turnover_ratio": 1.03,
            "reinvestment_rate": -386.17,
            "research_to_sale_ratio": 0.86,
            "price_fair": 43.96,
            "eps_avg_yearly": 1.26,
            "eps_latest_yearly": 1.6,
            "eps_growth_yearly": 2455.57
        },
        "20163": {
            "year_quarter": 20163,
            "year": 2016,
            "quarter": 3,
            "eps": 0.45,
            "eps_growth_year": 12.5,
            "eps_4q": 0.52,
            "eps_4q_growth_year": -58.33,
            "roe": 3.19,
            "roe_4q": 5.26,
            "gross_profit": 195149,
            "gross_margin": 16.3,
            "gross_margin_4q_avg": 10.26,
            "net_income": 79395,
            "revenue": 1197349,
            "common_shares": 1699350,
            "book_valuer_per_share": 12.49,
            "book_valuer_per_share_4q_avg": 12.41,
            "equity": 2491003,
            "current_ratio": 183.24,
            "debt_ratio": 37.69,
            "inventory_turnover_ratio": 2.09,
            "account_receivable_turnover_ratio": 0.97,
            "reinvestment_rate": -383.15,
            "research_to_sale_ratio": 0.84,
            "price_fair": 47.13,
            "eps_avg_yearly": 1.35,
            "eps_latest_yearly": 1.8,
            "eps_growth_yearly": 2099.64
        },
        "20164": {
            "year_quarter": 20164,
            "year": 2016,
            "quarter": 4,
            "eps": 0.63,
            "eps_growth_year": null,
            "eps_4q": 1.16,
            "eps_4q_growth_year": 197.7,
            "roe": 4.88,
            "roe_4q": 10.23,
            "gross_profit": 223793,
            "gross_margin": 17.62,
            "gross_margin_4q_avg": 13.32,
            "net_income": 124085,
            "revenue": 1269857,
            "common_shares": 1699350,
            "book_valuer_per_share": 13.06,
            "book_valuer_per_share_4q_avg": 12.53,
            "equity": 2598581,
            "current_ratio": 186.78,
            "debt_ratio": 37.68,
            "inventory_turnover_ratio": 1.82,
            "account_receivable_turnover_ratio": 1.07,
            "reinvestment_rate": -384.62,
            "research_to_sale_ratio": 1.01,
            "price_fair": 49.93,
            "eps_avg_yearly": 1.43,
            "eps_latest_yearly": 2.52,
            "eps_growth_yearly": 492.98
        },
        "20171": {
            "year_quarter": 20171,
            "year": 2017,
            "quarter": 1,
            "eps": 0.06,
            "eps_growth_year": null,
            "eps_4q": 1.4,
            "eps_4q_growth_year": 377.19,
            "roe": 1.04,
            "roe_4q": 12.61,
            "gross_profit": 138963,
            "gross_margin": 12.97,
            "gross_margin_4q_avg": 15.17,
            "net_income": 26969,
            "revenue": 1071577,
            "common_shares": 1699350,
            "book_valuer_per_share": 13,
            "book_valuer_per_share_4q_avg": 12.68,
            "equity": 2588624,
            "current_ratio": 208.02,
            "debt_ratio": 33.87,
            "inventory_turnover_ratio": 1.42,
            "account_receivable_turnover_ratio": 0.91,
            "reinvestment_rate": -92.82,
            "research_to_sale_ratio": 0.62,
            "price_fair": 44,
            "eps_avg_yearly": 1.26,
            "eps_latest_yearly": 0.24,
            "eps_growth_yearly": 370.85
        },
        "20172": {
            "year_quarter": 20172,
            "year": 2017,
            "quarter": 2,
            "eps": 0.27,
            "eps_growth_year": 8,
            "eps_4q": 1.41,
            "eps_4q_growth_year": 193.66,
            "roe": 2.22,
            "roe_4q": 11.33,
            "gross_profit": 147395,
            "gross_margin": 12.49,
            "gross_margin_4q_avg": 14.85,
            "net_income": 57291,
            "revenue": 1179945,
            "common_shares": 1699350,
            "book_valuer_per_share": 12.82,
            "book_valuer_per_share_4q_avg": 12.84,
            "equity": 2575744,
            "current_ratio": 202.24,
            "debt_ratio": 34.44,
            "inventory_turnover_ratio": 1.66,
            "account_receivable_turnover_ratio": 0.94,
            "reinvestment_rate": -81.5,
            "research_to_sale_ratio": 0.72,
            "price_fair": 43.23,
            "eps_avg_yearly": 1.24,
            "eps_latest_yearly": 1.08,
            "eps_growth_yearly": 499.5
        },
        "20173": {
            "year_quarter": 20173,
            "year": 2017,
            "quarter": 3,
            "eps": 0.65,
            "eps_growth_year": 44.44,
            "eps_4q": 1.61,
            "eps_4q_growth_year": 208.02,
            "roe": 4.46,
            "roe_4q": 12.6,
            "gross_profit": 221772,
            "gross_margin": 17.39,
            "gross_margin_4q_avg": 15.12,
            "net_income": 114943,
            "revenue": 1275599,
            "common_shares": 1699350,
            "book_valuer_per_share": 13.74,
            "book_valuer_per_share_4q_avg": 13.16,
            "equity": 2574791,
            "current_ratio": 186.86,
            "debt_ratio": 37.23,
            "inventory_turnover_ratio": 1.79,
            "account_receivable_turnover_ratio": 0.94,
            "reinvestment_rate": -62.7,
            "research_to_sale_ratio": 0.73,
            "price_fair": 50.23,
            "eps_avg_yearly": 1.44,
            "eps_latest_yearly": 2.6,
            "eps_growth_yearly": 480.98
        },
        "20174": {
            "year_quarter": 20174,
            "year": 2017,
            "quarter": 4,
            "eps": 0.27,
            "eps_growth_year": -57.25,
            "eps_4q": 1.25,
            "eps_4q_growth_year": 7.64,
            "roe": 1.8,
            "roe_4q": 9.52,
            "gross_profit": 153790,
            "gross_margin": 11.71,
            "gross_margin_4q_avg": 13.64,
            "net_income": 46715,
            "revenue": 1313008,
            "common_shares": 1699350,
            "book_valuer_per_share": 14.02,
            "book_valuer_per_share_4q_avg": 13.4,
            "equity": 2623628,
            "current_ratio": 169.53,
            "debt_ratio": 42.22,
            "inventory_turnover_ratio": 1.66,
            "account_receivable_turnover_ratio": 0.92,
            "reinvestment_rate": -51.2,
            "research_to_sale_ratio": 0.73,
            "price_fair": 50.93,
            "eps_avg_yearly": 1.46,
            "eps_latest_yearly": 1.08,
            "eps_growth_yearly": 455.75
        },
        "20181": {
            "year_quarter": 20181,
            "year": 2018,
            "quarter": 1,
            "eps": -0.2,
            "eps_growth_year": -433.33,
            "eps_4q": 0.99,
            "eps_4q_growth_year": -29.19,
            "roe": -1.68,
            "roe_4q": 6.800000000000001,
            "gross_profit": 65603,
            "gross_margin": 6.04,
            "gross_margin_4q_avg": 11.91,
            "net_income": -43803,
            "revenue": 1085766,
            "common_shares": 1699350,
            "book_valuer_per_share": 13.89,
            "book_valuer_per_share_4q_avg": 13.62,
            "equity": 2595008,
            "current_ratio": 172.25,
            "debt_ratio": 40.67,
            "inventory_turnover_ratio": 1.21,
            "account_receivable_turnover_ratio": 0.78,
            "reinvestment_rate": -59.02,
            "research_to_sale_ratio": 0.8,
            "price_fair": 54.6,
            "eps_avg_yearly": 1.56,
            "eps_latest_yearly": 1.08,
            "eps_growth_yearly": 533.28
        },
        "20182": {
            "year_quarter": 20182,
            "year": 2018,
            "quarter": 2,
            "eps": -0.07,
            "eps_growth_year": -125.93,
            "eps_4q": 0.65,
            "eps_4q_growth_year": -53.99,
            "roe": -0.34,
            "roe_4q": 4.24,
            "gross_profit": 21084,
            "gross_margin": 1.53,
            "gross_margin_4q_avg": 9.17,
            "net_income": -8772,
            "revenue": 1377232,
            "common_shares": 1699350,
            "book_valuer_per_share": 13.27,
            "book_valuer_per_share_4q_avg": 13.73,
            "equity": 2491569,
            "current_ratio": 150.48,
            "debt_ratio": 46.62,
            "inventory_turnover_ratio": 1.43,
            "account_receivable_turnover_ratio": 0.95,
            "reinvestment_rate": -48.76,
            "research_to_sale_ratio": 0.5,
            "price_fair": 54.6,
            "eps_avg_yearly": 1.56,
            "eps_latest_yearly": 1.08,
            "eps_growth_yearly": 533.28
        },
        "20183": {
            "year_quarter": 20183,
            "year": 2018,
            "quarter": 3,
            "eps": 0.63,
            "eps_growth_year": -3.08,
            "eps_4q": 0.62,
            "eps_4q_growth_year": -61.38,
            "roe": 5.2,
            "roe_4q": 4.98,
            "gross_profit": 213091,
            "gross_margin": 10.43,
            "gross_margin_4q_avg": 7.43,
            "net_income": 132224,
            "revenue": 2043733,
            "common_shares": 1699350,
            "book_valuer_per_share": 13.76,
            "book_valuer_per_share_4q_avg": 13.74,
            "equity": 2591752,
            "current_ratio": 154.87,
            "debt_ratio": 49.52,
            "inventory_turnover_ratio": 1.91,
            "account_receivable_turnover_ratio": 1.08,
            "reinvestment_rate": -41.03,
            "research_to_sale_ratio": 0.55,
            "price_fair": 54.6,
            "eps_avg_yearly": 1.56,
            "eps_latest_yearly": 1.08,
            "eps_growth_yearly": 533.28
        },
        "20184": {
            "year_quarter": 20184,
            "year": 2018,
            "quarter": 4,
            "eps": 0.3,
            "eps_growth_year": 11.48,
            "eps_4q": 0.66,
            "eps_4q_growth_year": -47.22,
            "roe": 2.49,
            "roe_4q": 5.670000000000001,
            "gross_profit": 172365,
            "gross_margin": 10.26,
            "gross_margin_4q_avg": 7.07,
            "net_income": 64856,
            "revenue": 1679671,
            "common_shares": 1699350,
            "book_valuer_per_share": 14.06,
            "book_valuer_per_share_4q_avg": 13.75,
            "equity": 2610152,
            "current_ratio": 157.17,
            "debt_ratio": 49.03,
            "inventory_turnover_ratio": 1.56,
            "account_receivable_turnover_ratio": 0.81,
            "reinvestment_rate": -26.99,
            "research_to_sale_ratio": 0.53,
            "price_fair": 53.03,
            "eps_avg_yearly": 1.52,
            "eps_latest_yearly": 1.2,
            "eps_growth_yearly": 440.43
        },
        "20191": {
            "year_quarter": 20191,
            "year": 2019,
            "quarter": 1,
            "eps": 0.06,
            "eps_growth_year": null,
            "eps_4q": 0.95,
            "eps_4q_growth_year": -4.56,
            "roe": 0.46,
            "roe_4q": 7.8100000000000005,
            "gross_profit": 123332,
            "gross_margin": 8.88,
            "gross_margin_4q_avg": 7.78,
            "net_income": 12068,
            "revenue": 1389457,
            "common_shares": 1629350,
            "book_valuer_per_share": 14.21,
            "book_valuer_per_share_4q_avg": 13.83,
            "equity": 2592959,
            "current_ratio": 173.41,
            "debt_ratio": 45.08,
            "inventory_turnover_ratio": 1.26,
            "account_receivable_turnover_ratio": 0.76,
            "reinvestment_rate": -26.31,
            "research_to_sale_ratio": 0.82,
            "price_fair": 48.07,
            "eps_avg_yearly": 1.37,
            "eps_latest_yearly": 0.24,
            "eps_growth_yearly": 355.93
        },
        "20192": {
            "year_quarter": 20192,
            "year": 2019,
            "quarter": 2,
            "eps": 0.12,
            "eps_growth_year": null,
            "eps_4q": 1.14,
            "eps_4q_growth_year": 75.7,
            "roe": 0.97,
            "roe_4q": 9.120000000000001,
            "gross_profit": 96330,
            "gross_margin": 7.27,
            "gross_margin_4q_avg": 9.21,
            "net_income": 24766,
            "revenue": 1324398,
            "common_shares": 1629350,
            "book_valuer_per_share": 14.16,
            "book_valuer_per_share_4q_avg": 14.05,
            "equity": 2489164,
            "current_ratio": 172.64,
            "debt_ratio": 45.36,
            "inventory_turnover_ratio": 1.23,
            "account_receivable_turnover_ratio": 0.82,
            "reinvestment_rate": -36.01,
            "research_to_sale_ratio": 0.94,
            "price_fair": 44.94,
            "eps_avg_yearly": 1.28,
            "eps_latest_yearly": 0.48,
            "eps_growth_yearly": 360.34
        },
        "20193": {
            "year_quarter": 20193,
            "year": 2019,
            "quarter": 3,
            "eps": 0.18,
            "eps_growth_year": -71.43,
            "eps_4q": 0.66,
            "eps_4q_growth_year": 6.71,
            "roe": 1.53,
            "roe_4q": 5.45,
            "gross_profit": 108019,
            "gross_margin": 7.12,
            "gross_margin_4q_avg": 8.38,
            "net_income": 37974,
            "revenue": 1516843,
            "common_shares": 1629350,
            "book_valuer_per_share": 14.14,
            "book_valuer_per_share_4q_avg": 14.14,
            "equity": 2487403,
            "current_ratio": 176.9,
            "debt_ratio": 44.86,
            "inventory_turnover_ratio": 1.53,
            "account_receivable_turnover_ratio": 0.89,
            "reinvestment_rate": -35.79,
            "research_to_sale_ratio": 0.78,
            "price_fair": 41.86,
            "eps_avg_yearly": 1.2,
            "eps_latest_yearly": 0.72,
            "eps_growth_yearly": 191.77
        },
        "20194": {
            "year_quarter": 20194,
            "year": 2019,
            "quarter": 4,
            "eps": 0.47,
            "eps_growth_year": 55.87,
            "eps_4q": 0.83,
            "eps_4q_growth_year": 26.06,
            "roe": 3.29,
            "roe_4q": 6.25,
            "gross_profit": 237226,
            "gross_margin": 13.19,
            "gross_margin_4q_avg": 9.12,
            "net_income": 82200,
            "revenue": 1798004,
            "common_shares": 1629350,
            "book_valuer_per_share": 14.54,
            "book_valuer_per_share_4q_avg": 14.26,
            "equity": 2507591,
            "current_ratio": 163.96,
            "debt_ratio": 49.21,
            "inventory_turnover_ratio": 1.72,
            "account_receivable_turnover_ratio": 0.92,
            "reinvestment_rate": -38.08,
            "research_to_sale_ratio": 0.75,
            "price_fair": 44.04,
            "eps_avg_yearly": 1.26,
            "eps_latest_yearly": 1.88,
            "eps_growth_yearly": 232.92
        },
        "20201": {
            "year_quarter": 20201,
            "year": 2020,
            "quarter": 1,
            "eps": 0.11,
            "eps_growth_year": 83.33,
            "eps_4q": 0.9,
            "eps_4q_growth_year": -5.32,
            "roe": 0.9,
            "roe_4q": 6.69,
            "gross_profit": 98724,
            "gross_margin": 7.25,
            "gross_margin_4q_avg": 8.71,
            "net_income": 22359,
            "revenue": 1360848,
            "common_shares": 1594350,
            "book_valuer_per_share": 14.66,
            "book_valuer_per_share_4q_avg": 14.38,
            "equity": 2485702,
            "current_ratio": 174.07,
            "debt_ratio": 46.48,
            "inventory_turnover_ratio": 1.3,
            "account_receivable_turnover_ratio": 0.7,
            "reinvestment_rate": -31.66,
            "research_to_sale_ratio": 0.9,
            "price_fair": 41.65,
            "eps_avg_yearly": 1.19,
            "eps_latest_yearly": 0.44,
            "eps_growth_yearly": 187.98
        },
        "20202": {
            "year_quarter": 20202,
            "year": 2020,
            "quarter": 2,
            "eps": 0.27,
            "eps_growth_year": 125,
            "eps_4q": 1.05,
            "eps_4q_growth_year": -7.91,
            "roe": 2.25,
            "roe_4q": 7.97,
            "gross_profit": 174017,
            "gross_margin": 10.67,
            "gross_margin_4q_avg": 9.56,
            "net_income": 55760,
            "revenue": 1630728,
            "common_shares": 1559350,
            "book_valuer_per_share": 14.55,
            "book_valuer_per_share_4q_avg": 14.47,
            "equity": 2470982,
            "current_ratio": 165.17,
            "debt_ratio": 49.21,
            "inventory_turnover_ratio": 1.53,
            "account_receivable_turnover_ratio": 0.83,
            "reinvestment_rate": -35.43,
            "research_to_sale_ratio": 0.8,
            "price_fair": 41.35,
            "eps_avg_yearly": 1.18,
            "eps_latest_yearly": 1.08,
            "eps_growth_yearly": 218.27
        },
        "20203": {
            "year_quarter": 20203,
            "year": 2020,
            "quarter": 3,
            "eps": 0.17,
            "eps_growth_year": -5.56,
            "eps_4q": 1.04,
            "eps_4q_growth_year": 55.72,
            "roe": 1.25,
            "roe_4q": 7.69,
            "gross_profit": 195108,
            "gross_margin": 12.39,
            "gross_margin_4q_avg": 10.88,
            "net_income": 30733,
            "revenue": 1574201,
            "common_shares": 1559350,
            "book_valuer_per_share": 15.19,
            "book_valuer_per_share_4q_avg": 14.74,
            "equity": 2462273,
            "current_ratio": 166.45,
            "debt_ratio": 47.79,
            "inventory_turnover_ratio": 1.44,
            "account_receivable_turnover_ratio": 0.82,
            "reinvestment_rate": -41.03,
            "research_to_sale_ratio": 0.85,
            "price_fair": 38.34,
            "eps_avg_yearly": 1.1,
            "eps_latest_yearly": 0.68,
            "eps_growth_yearly": 182.26
        },
        "20204": {
            "year_quarter": 20204,
            "year": 2020,
            "quarter": 4,
            "eps": -0.15,
            "eps_growth_year": -133.15,
            "eps_4q": 0.4,
            "eps_4q_growth_year": -51.69,
            "roe": -1.17,
            "roe_4q": 3.23,
            "gross_profit": 88678,
            "gross_margin": 5.75,
            "gross_margin_4q_avg": 9.02,
            "net_income": -28676,
            "revenue": 1543358,
            "common_shares": 1559350,
            "book_valuer_per_share": 15.19,
            "book_valuer_per_share_4q_avg": 14.9,
            "equity": 2460356,
            "current_ratio": 168.96,
            "debt_ratio": 50.44,
            "inventory_turnover_ratio": 1.48,
            "account_receivable_turnover_ratio": 0.89,
            "reinvestment_rate": 26,
            "research_to_sale_ratio": 0.92,
            "price_fair": 34.18,
            "eps_avg_yearly": 0.98,
            "eps_latest_yearly": 0.68,
            "eps_growth_yearly": 184.12
        },
        "20211": {
            "year_quarter": 20211,
            "year": 2021,
            "quarter": 1,
            "eps": 0.08,
            "eps_growth_year": -27.27,
            "eps_4q": 0.37,
            "eps_4q_growth_year": -58.74,
            "roe": 0.52,
            "roe_4q": 2.85,
            "gross_profit": 87173,
            "gross_margin": 8.23,
            "gross_margin_4q_avg": 9.26,
            "net_income": 12905,
            "revenue": 1058728,
            "common_shares": 1559350,
            "book_valuer_per_share": 15.23,
            "book_valuer_per_share_4q_avg": 15.04,
            "equity": 2464680,
            "current_ratio": 183.99,
            "debt_ratio": 47.91,
            "inventory_turnover_ratio": 0.96,
            "account_receivable_turnover_ratio": 0.68,
            "reinvestment_rate": 47.88,
            "research_to_sale_ratio": 1.25,
            "price_fair": 36.53,
            "eps_avg_yearly": 1.04,
            "eps_latest_yearly": 0.68,
            "eps_growth_yearly": 233.76
        },
        "20212": {
            "year_quarter": 20212,
            "year": 2021,
            "quarter": 2,
            "eps": -0.27,
            "eps_growth_year": -200,
            "eps_4q": -0.17,
            "eps_4q_growth_year": -116.64,
            "roe": -1.76,
            "roe_4q": -1.1600000000000001,
            "gross_profit": 41451,
            "gross_margin": 3.8,
            "gross_margin_4q_avg": 7.54,
            "net_income": -42612,
            "revenue": 1089515,
            "common_shares": 1559350,
            "book_valuer_per_share": 15.16,
            "book_valuer_per_share_4q_avg": 15.19,
            "equity": 2364706,
            "current_ratio": 158.81,
            "debt_ratio": 51.73,
            "inventory_turnover_ratio": 0.92,
            "account_receivable_turnover_ratio": 0.79,
            "reinvestment_rate": 83.94,
            "research_to_sale_ratio": 1.29,
            "price_fair": 36.4,
            "eps_avg_yearly": 1.04,
            "eps_latest_yearly": 0.68,
            "eps_growth_yearly": 117.13
        },
        "20213": {
            "year_quarter": 20213,
            "year": 2021,
            "quarter": 3,
            "eps": -0.32,
            "eps_growth_year": -288.24,
            "eps_4q": -0.67,
            "eps_4q_growth_year": -164.79,
            "roe": -2.18,
            "roe_4q": -4.59,
            "gross_profit": 35816,
            "gross_margin": 2.56,
            "gross_margin_4q_avg": 5.09,
            "net_income": -50550,
            "revenue": 1401628,
            "common_shares": 1559350,
            "book_valuer_per_share": 14.53,
            "book_valuer_per_share_4q_avg": 15.03,
            "equity": 2266348,
            "current_ratio": 134.63,
            "debt_ratio": 59.65,
            "inventory_turnover_ratio": 1.03,
            "account_receivable_turnover_ratio": 0.92,
            "reinvestment_rate": 149.77,
            "research_to_sale_ratio": 1.05,
            "price_fair": 30.33,
            "eps_avg_yearly": 0.87,
            "eps_latest_yearly": 0.68,
            "eps_growth_yearly": 67.6
        },
        "20214": {
            "year_quarter": 20214,
            "year": 2021,
            "quarter": 4,
            "eps": -0.22,
            "eps_growth_year": null,
            "eps_4q": -0.74,
            "eps_4q_growth_year": -283.03,
            "roe": -1.53,
            "roe_4q": -4.949999999999999,
            "gross_profit": 95872,
            "gross_margin": 5.53,
            "gross_margin_4q_avg": 5.03,
            "net_income": -34514,
            "revenue": 1734693,
            "common_shares": 1559350,
            "book_valuer_per_share": 14.38,
            "book_valuer_per_share_4q_avg": 14.83,
            "equity": 2241731,
            "current_ratio": 117.36,
            "debt_ratio": 68.92,
            "inventory_turnover_ratio": 1.18,
            "account_receivable_turnover_ratio": 0.9,
            "reinvestment_rate": 882.76,
            "research_to_sale_ratio": 0.87,
            "price_fair": 29.4,
            "eps_avg_yearly": 0.84,
            "eps_latest_yearly": 0.68,
            "eps_growth_yearly": 105.28
        },
        "20221": {
            "year_quarter": 20221,
            "year": 2022,
            "quarter": 1,
            "eps": 0.04,
            "eps_growth_year": -50,
            "eps_4q": -0.61,
            "eps_4q_growth_year": -266.07,
            "roe": 0.29,
            "roe_4q": -5.18,
            "gross_profit": 86879,
            "gross_margin": 7.39,
            "gross_margin_4q_avg": 4.82,
            "net_income": 7322,
            "revenue": 1176282,
            "common_shares": 1959350,
            "book_valuer_per_share": 14.45,
            "book_valuer_per_share_4q_avg": 14.63,
            "equity": 2830777,
            "current_ratio": 137.34,
            "debt_ratio": 60.52,
            "inventory_turnover_ratio": 0.84,
            "account_receivable_turnover_ratio": 0.6,
            "reinvestment_rate": 624.93,
            "research_to_sale_ratio": 1.2,
            "price_fair": 29.4,
            "eps_avg_yearly": 0.84,
            "eps_latest_yearly": 0.68,
            "eps_growth_yearly": 105.28
        },
        "20222": {
            "year_quarter": 20222,
            "year": 2022,
            "quarter": 2,
            "eps": 0.19,
            "eps_growth_year": null,
            "eps_4q": -0.2,
            "eps_4q_growth_year": null,
            "roe": 1.33,
            "roe_4q": -2.09,
            "gross_profit": 82142,
            "gross_margin": 6.19,
            "gross_margin_4q_avg": 5.42,
            "net_income": 37713,
            "revenue": 1327685,
            "common_shares": 1959350,
            "book_valuer_per_share": 14.55,
            "book_valuer_per_share_4q_avg": 14.48,
            "equity": 2851287,
            "current_ratio": 154.71,
            "debt_ratio": 55.28,
            "inventory_turnover_ratio": 1.03,
            "account_receivable_turnover_ratio": 0.79,
            "reinvestment_rate": 525.21,
            "research_to_sale_ratio": 1.07,
            "price_fair": 29.09,
            "eps_avg_yearly": 0.83,
            "eps_latest_yearly": 0.76,
            "eps_growth_yearly": 260.25
        },
        "20223": {
            "year_quarter": 20223,
            "year": 2022,
            "quarter": 3,
            "eps": 0.66,
            "eps_growth_year": null,
            "eps_4q": 0.71,
            "eps_4q_growth_year": null,
            "roe": 4.42,
            "roe_4q": 4.51,
            "gross_profit": 197104,
            "gross_margin": 11.67,
            "gross_margin_4q_avg": 7.7,
            "net_income": 129223,
            "revenue": 1688576,
            "common_shares": 1959350,
            "book_valuer_per_share": 15.26,
            "book_valuer_per_share_4q_avg": 14.66,
            "equity": 2990931,
            "current_ratio": 154.73,
            "debt_ratio": 57.96,
            "inventory_turnover_ratio": 1.15,
            "account_receivable_turnover_ratio": 0.89,
            "reinvestment_rate": 460.59,
            "research_to_sale_ratio": 0.96,
            "price_fair": 35.42,
            "eps_avg_yearly": 1.01,
            "eps_latest_yearly": 2.64,
            "eps_growth_yearly": 333.17
        },
        "20224": {
            "year_quarter": 20224,
            "year": 2022,
            "quarter": 4,
            "eps": 0.23,
            "eps_growth_year": null,
            "eps_4q": 1.12,
            "eps_4q_growth_year": null,
            "roe": 1.53,
            "roe_4q": 7.57,
            "gross_profit": 194907,
            "gross_margin": 8.38,
            "gross_margin_4q_avg": 8.41,
            "net_income": 45958,
            "revenue": 2327191,
            "common_shares": 1959350,
            "book_valuer_per_share": 15.4,
            "book_valuer_per_share_4q_avg": 14.92,
            "equity": 3018133,
            "current_ratio": 152.37,
            "debt_ratio": 57.5,
            "inventory_turnover_ratio": 1.79,
            "account_receivable_turnover_ratio": 0.97,
            "reinvestment_rate": 457.63,
            "research_to_sale_ratio": 0.59,
            "price_fair": 34.44,
            "eps_avg_yearly": 0.98,
            "eps_latest_yearly": 0.92,
            "eps_growth_yearly": 328.06
        },
        "20231": {
            "year_quarter": 20231,
            "year": 2023,
            "quarter": 1,
            "eps": 0.13,
            "eps_growth_year": 225,
            "eps_4q": 1.21,
            "eps_4q_growth_year": null,
            "roe": 0.82,
            "roe_4q": 8.1,
            "gross_profit": 146088,
            "gross_margin": 9.53,
            "gross_margin_4q_avg": 8.94,
            "net_income": 25006,
            "revenue": 1533349,
            "common_shares": 1959350,
            "book_valuer_per_share": 15.56,
            "book_valuer_per_share_4q_avg": 15.19,
            "equity": 3049367,
            "current_ratio": 148.38,
            "debt_ratio": 51.96,
            "inventory_turnover_ratio": 1.49,
            "account_receivable_turnover_ratio": 0.67,
            "reinvestment_rate": 436.83,
            "research_to_sale_ratio": 0.86,
            "price_fair": 35.42,
            "eps_avg_yearly": 1.01,
            "eps_latest_yearly": 0.52,
            "eps_growth_yearly": 342.67
        }
    },
    "months": {
        "2002-09": {
            "month": "2002-09",
            "price": "31.85",
            "revenue": 464237
        },
        "2002-10": {
            "month": "2002-10",
            "price": "27.64",
            "revenue": 606116
        },
        "2002-11": {
            "month": "2002-11",
            "price": "26.82",
            "revenue": 406348
        },
        "2002-12": {
            "month": "2002-12",
            "price": "24.85",
            "revenue": 566989
        },
        "2003-01": {
            "month": "2003-01",
            "price": "24.27",
            "revenue": 382177
        },
        "2003-02": {
            "month": "2003-02",
            "price": "21.12",
            "revenue": 354242
        },
        "2003-03": {
            "month": "2003-03",
            "price": "20.36",
            "revenue": 563857
        },
        "2003-04": {
            "month": "2003-04",
            "price": "19.55",
            "revenue": 372196
        },
        "2003-05": {
            "month": "2003-05",
            "price": "18.14",
            "revenue": 351340
        },
        "2003-06": {
            "month": "2003-06",
            "price": "21.20",
            "revenue": 448213
        },
        "2003-07": {
            "month": "2003-07",
            "price": "21.69",
            "revenue": 442959
        },
        "2003-08": {
            "month": "2003-08",
            "price": "19.04",
            "revenue": 477960
        },
        "2003-09": {
            "month": "2003-09",
            "price": "15.44",
            "revenue": 529419
        },
        "2003-10": {
            "month": "2003-10",
            "price": "16.41",
            "revenue": 496888
        },
        "2003-11": {
            "month": "2003-11",
            "price": "16.00",
            "revenue": 528315
        },
        "2003-12": {
            "month": "2003-12",
            "price": "15.58",
            "revenue": 490914
        },
        "2004-01": {
            "month": "2004-01",
            "price": "15.77",
            "revenue": 383869
        },
        "2004-02": {
            "month": "2004-02",
            "price": "20.18",
            "revenue": 376482
        },
        "2004-03": {
            "month": "2004-03",
            "price": "19.96",
            "revenue": 382710
        },
        "2004-04": {
            "month": "2004-04",
            "price": "19.40",
            "revenue": 495070
        },
        "2004-05": {
            "month": "2004-05",
            "price": "17.55",
            "revenue": 529235
        },
        "2004-06": {
            "month": "2004-06",
            "price": "17.23",
            "revenue": 436965
        },
        "2004-07": {
            "month": "2004-07",
            "price": "14.39",
            "revenue": 454584
        },
        "2004-08": {
            "month": "2004-08",
            "price": "14.10",
            "revenue": 412294
        },
        "2004-09": {
            "month": "2004-09",
            "price": "12.90",
            "revenue": 573533
        },
        "2004-10": {
            "month": "2004-10",
            "price": "12.69",
            "revenue": 484783
        },
        "2004-11": {
            "month": "2004-11",
            "price": "13.60",
            "revenue": 547709
        },
        "2004-12": {
            "month": "2004-12",
            "price": "13.98",
            "revenue": 457074
        },
        "2005-01": {
            "month": "2005-01",
            "price": "12.75",
            "revenue": 337276
        },
        "2005-02": {
            "month": "2005-02",
            "price": "12.26",
            "revenue": 348152
        },
        "2005-03": {
            "month": "2005-03",
            "price": "12.86",
            "revenue": 403490
        },
        "2005-04": {
            "month": "2005-04",
            "price": "12.44",
            "revenue": 351165
        },
        "2005-05": {
            "month": "2005-05",
            "price": "11.68",
            "revenue": 284770
        },
        "2005-06": {
            "month": "2005-06",
            "price": "12.24",
            "revenue": 322810
        },
        "2005-07": {
            "month": "2005-07",
            "price": "13.35",
            "revenue": 340373
        },
        "2005-08": {
            "month": "2005-08",
            "price": "11.02",
            "revenue": 293002
        },
        "2005-09": {
            "month": "2005-09",
            "price": "11.01",
            "revenue": 375004
        },
        "2005-10": {
            "month": "2005-10",
            "price": "13.18",
            "revenue": 358467
        },
        "2005-11": {
            "month": "2005-11",
            "price": "12.41",
            "revenue": 381797
        },
        "2005-12": {
            "month": "2005-12",
            "price": "12.54",
            "revenue": 402173
        },
        "2006-01": {
            "month": "2006-01",
            "price": "13.19",
            "revenue": 292200
        },
        "2006-02": {
            "month": "2006-02",
            "price": "12.91",
            "revenue": 253406
        },
        "2006-03": {
            "month": "2006-03",
            "price": "12.88",
            "revenue": 446660
        },
        "2006-04": {
            "month": "2006-04",
            "price": "12.76",
            "revenue": 403396
        },
        "2006-05": {
            "month": "2006-05",
            "price": "12.50",
            "revenue": 336450
        },
        "2006-06": {
            "month": "2006-06",
            "price": "12.00",
            "revenue": 390821
        },
        "2006-07": {
            "month": "2006-07",
            "price": "10.70",
            "revenue": 368823
        },
        "2006-08": {
            "month": "2006-08",
            "price": "10.84",
            "revenue": 513029
        },
        "2006-09": {
            "month": "2006-09",
            "price": "11.02",
            "revenue": 446555
        },
        "2006-10": {
            "month": "2006-10",
            "price": "10.94",
            "revenue": 364483
        },
        "2006-11": {
            "month": "2006-11",
            "price": "12.09",
            "revenue": 325592
        },
        "2006-12": {
            "month": "2006-12",
            "price": "12.98",
            "revenue": 340437
        },
        "2007-01": {
            "month": "2007-01",
            "price": "13.09",
            "revenue": 280950
        },
        "2007-02": {
            "month": "2007-02",
            "price": "12.23",
            "revenue": 228870
        },
        "2007-03": {
            "month": "2007-03",
            "price": "13.02",
            "revenue": 353317
        },
        "2007-04": {
            "month": "2007-04",
            "price": "13.66",
            "revenue": 325566
        },
        "2007-05": {
            "month": "2007-05",
            "price": "13.03",
            "revenue": 218260
        },
        "2007-06": {
            "month": "2007-06",
            "price": "13.88",
            "revenue": 279861
        },
        "2007-07": {
            "month": "2007-07",
            "price": "15.48",
            "revenue": 288317
        },
        "2007-08": {
            "month": "2007-08",
            "price": "12.77",
            "revenue": 310444
        },
        "2007-09": {
            "month": "2007-09",
            "price": "12.45",
            "revenue": 337471
        },
        "2007-10": {
            "month": "2007-10",
            "price": "12.79",
            "revenue": 315268
        },
        "2007-11": {
            "month": "2007-11",
            "price": "11.78",
            "revenue": 325088
        },
        "2007-12": {
            "month": "2007-12",
            "price": "11.03",
            "revenue": 316178
        },
        "2008-01": {
            "month": "2008-01",
            "price": "10.94",
            "revenue": 273799
        },
        "2008-02": {
            "month": "2008-02",
            "price": "10.30",
            "revenue": 232503
        },
        "2008-03": {
            "month": "2008-03",
            "price": "10.35",
            "revenue": 308750
        },
        "2008-04": {
            "month": "2008-04",
            "price": "10.50",
            "revenue": 290979
        },
        "2008-05": {
            "month": "2008-05",
            "price": "10.63",
            "revenue": 334286
        },
        "2008-06": {
            "month": "2008-06",
            "price": "10.89",
            "revenue": 375672
        },
        "2008-07": {
            "month": "2008-07",
            "price": "10.26",
            "revenue": 377561
        },
        "2008-08": {
            "month": "2008-08",
            "price": "10.62",
            "revenue": 456530
        },
        "2008-09": {
            "month": "2008-09",
            "price": "9.72",
            "revenue": 597531
        },
        "2008-10": {
            "month": "2008-10",
            "price": "8.76",
            "revenue": 453065
        },
        "2008-11": {
            "month": "2008-11",
            "price": "8.83",
            "revenue": 386938
        },
        "2008-12": {
            "month": "2008-12",
            "price": "8.74",
            "revenue": 370211
        },
        "2009-01": {
            "month": "2009-01",
            "price": "8.75",
            "revenue": 275029
        },
        "2009-02": {
            "month": "2009-02",
            "price": "8.68",
            "revenue": 211470
        },
        "2009-03": {
            "month": "2009-03",
            "price": "8.86",
            "revenue": 313678
        },
        "2009-04": {
            "month": "2009-04",
            "price": "9.60",
            "revenue": 200180
        },
        "2009-05": {
            "month": "2009-05",
            "price": "9.11",
            "revenue": 214030
        },
        "2009-06": {
            "month": "2009-06",
            "price": "8.68",
            "revenue": 222107
        },
        "2009-07": {
            "month": "2009-07",
            "price": "8.20",
            "revenue": 241308
        },
        "2009-08": {
            "month": "2009-08",
            "price": "8.61",
            "revenue": 253592
        },
        "2009-09": {
            "month": "2009-09",
            "price": "8.96",
            "revenue": 275463
        },
        "2009-10": {
            "month": "2009-10",
            "price": "9.42",
            "revenue": 216221
        },
        "2009-11": {
            "month": "2009-11",
            "price": "9.94",
            "revenue": 333420
        },
        "2009-12": {
            "month": "2009-12",
            "price": "10.49",
            "revenue": 420954
        },
        "2010-01": {
            "month": "2010-01",
            "price": "13.69",
            "revenue": 365559
        },
        "2010-02": {
            "month": "2010-02",
            "price": "17.26",
            "revenue": 334620
        },
        "2010-03": {
            "month": "2010-03",
            "price": "21.59",
            "revenue": 448433
        },
        "2010-04": {
            "month": "2010-04",
            "price": "25.74",
            "revenue": 397403
        },
        "2010-05": {
            "month": "2010-05",
            "price": "25.77",
            "revenue": 326575
        },
        "2010-06": {
            "month": "2010-06",
            "price": "25.59",
            "revenue": 274595
        },
        "2010-07": {
            "month": "2010-07",
            "price": "23.75",
            "revenue": 269428
        },
        "2010-08": {
            "month": "2010-08",
            "price": "24.96",
            "revenue": 238587
        },
        "2010-09": {
            "month": "2010-09",
            "price": "24.87",
            "revenue": 310894
        },
        "2010-10": {
            "month": "2010-10",
            "price": "24.11",
            "revenue": 341695
        },
        "2010-11": {
            "month": "2010-11",
            "price": "24.57",
            "revenue": 351670
        },
        "2010-12": {
            "month": "2010-12",
            "price": "31.66",
            "revenue": 295556
        },
        "2011-01": {
            "month": "2011-01",
            "price": "37.08",
            "revenue": 294544
        },
        "2011-02": {
            "month": "2011-02",
            "price": "39.54",
            "revenue": 206998
        },
        "2011-03": {
            "month": "2011-03",
            "price": "46.97",
            "revenue": 328924
        },
        "2011-04": {
            "month": "2011-04",
            "price": "57.11",
            "revenue": 259644
        },
        "2011-05": {
            "month": "2011-05",
            "price": "58.24",
            "revenue": 239843
        },
        "2011-06": {
            "month": "2011-06",
            "price": "54.69",
            "revenue": 260287
        },
        "2011-07": {
            "month": "2011-07",
            "price": "40.62",
            "revenue": 245670
        },
        "2011-08": {
            "month": "2011-08",
            "price": "28.85",
            "revenue": 247792
        },
        "2011-09": {
            "month": "2011-09",
            "price": "26.75",
            "revenue": 251787
        },
        "2011-10": {
            "month": "2011-10",
            "price": "28.42",
            "revenue": 183408
        },
        "2011-11": {
            "month": "2011-11",
            "price": "22.92",
            "revenue": 207279
        },
        "2011-12": {
            "month": "2011-12",
            "price": "20.27",
            "revenue": 189208
        },
        "2012-01": {
            "month": "2012-01",
            "price": "20.29",
            "revenue": 181529
        },
        "2012-02": {
            "month": "2012-02",
            "price": "24.90",
            "revenue": 250349
        },
        "2012-03": {
            "month": "2012-03",
            "price": "25.05",
            "revenue": 218911
        },
        "2012-04": {
            "month": "2012-04",
            "price": "22.27",
            "revenue": 188816
        },
        "2012-05": {
            "month": "2012-05",
            "price": "22.75",
            "revenue": 178469
        },
        "2012-06": {
            "month": "2012-06",
            "price": "23.82",
            "revenue": 163742
        },
        "2012-07": {
            "month": "2012-07",
            "price": "25.29",
            "revenue": 204707
        },
        "2012-08": {
            "month": "2012-08",
            "price": "28.66",
            "revenue": 292050
        },
        "2012-09": {
            "month": "2012-09",
            "price": "32.14",
            "revenue": 380789
        },
        "2012-10": {
            "month": "2012-10",
            "price": "30.14",
            "revenue": 400850
        },
        "2012-11": {
            "month": "2012-11",
            "price": "26.39",
            "revenue": 354474
        },
        "2012-12": {
            "month": "2012-12",
            "price": "26.73",
            "revenue": 263606
        },
        "2013-01": {
            "month": "2013-01",
            "price": "26.14",
            "revenue": 241466
        },
        "2013-02": {
            "month": "2013-02",
            "price": "22.60",
            "revenue": 142366
        },
        "2013-03": {
            "month": "2013-03",
            "price": "21.86",
            "revenue": 136969
        },
        "2013-04": {
            "month": "2013-04",
            "price": "20.66",
            "revenue": 194111
        },
        "2013-05": {
            "month": "2013-05",
            "price": "21.95",
            "revenue": 179440
        },
        "2013-06": {
            "month": "2013-06",
            "price": "21.29",
            "revenue": 149155
        },
        "2013-07": {
            "month": "2013-07",
            "price": "20.69",
            "revenue": 186046
        },
        "2013-08": {
            "month": "2013-08",
            "price": "21.45",
            "revenue": 238586
        },
        "2013-09": {
            "month": "2013-09",
            "price": "22.74",
            "revenue": 327368
        },
        "2013-10": {
            "month": "2013-10",
            "price": "24.24",
            "revenue": 267131
        },
        "2013-11": {
            "month": "2013-11",
            "price": "22.05",
            "revenue": 303549
        },
        "2013-12": {
            "month": "2013-12",
            "price": "20.93",
            "revenue": 291438
        },
        "2014-01": {
            "month": "2014-01",
            "price": "22.44",
            "revenue": 280235
        },
        "2014-02": {
            "month": "2014-02",
            "price": "28.25",
            "revenue": 164712
        },
        "2014-03": {
            "month": "2014-03",
            "price": "39.71",
            "revenue": 256335
        },
        "2014-04": {
            "month": "2014-04",
            "price": "42.02",
            "revenue": 278214
        },
        "2014-05": {
            "month": "2014-05",
            "price": "37.60",
            "revenue": 238494
        },
        "2014-06": {
            "month": "2014-06",
            "price": "41.40",
            "revenue": 223378
        },
        "2014-07": {
            "month": "2014-07",
            "price": "41.96",
            "revenue": 226704
        },
        "2014-08": {
            "month": "2014-08",
            "price": "34.03",
            "revenue": 261622
        },
        "2014-09": {
            "month": "2014-09",
            "price": "31.75",
            "revenue": 241419
        },
        "2014-10": {
            "month": "2014-10",
            "price": "26.52",
            "revenue": 250752
        },
        "2014-11": {
            "month": "2014-11",
            "price": "21.99",
            "revenue": 277467
        },
        "2014-12": {
            "month": "2014-12",
            "price": "24.26",
            "revenue": 308385
        },
        "2015-01": {
            "month": "2015-01",
            "price": "26.84",
            "revenue": 307906
        },
        "2015-02": {
            "month": "2015-02",
            "price": "26.18",
            "revenue": 163426
        },
        "2015-03": {
            "month": "2015-03",
            "price": "27.88",
            "revenue": 239530
        },
        "2015-04": {
            "month": "2015-04",
            "price": "24.62",
            "revenue": 306543
        },
        "2015-05": {
            "month": "2015-05",
            "price": "21.45",
            "revenue": 247842
        },
        "2015-06": {
            "month": "2015-06",
            "price": "20.54",
            "revenue": 294792
        },
        "2015-07": {
            "month": "2015-07",
            "price": "19.68",
            "revenue": 290232
        },
        "2015-08": {
            "month": "2015-08",
            "price": "18.55",
            "revenue": 237521
        },
        "2015-09": {
            "month": "2015-09",
            "price": "21.65",
            "revenue": 281461
        },
        "2015-10": {
            "month": "2015-10",
            "price": "21.34",
            "revenue": 264042
        },
        "2015-11": {
            "month": "2015-11",
            "price": "18.00",
            "revenue": 259814
        },
        "2015-12": {
            "month": "2015-12",
            "price": "16.51",
            "revenue": 348799
        },
        "2016-01": {
            "month": "2016-01",
            "price": "15.75",
            "revenue": 251991
        },
        "2016-02": {
            "month": "2016-02",
            "price": "16.46",
            "revenue": 180163
        },
        "2016-03": {
            "month": "2016-03",
            "price": "16.19",
            "revenue": 297708
        },
        "2016-04": {
            "month": "2016-04",
            "price": "13.92",
            "revenue": 292169
        },
        "2016-05": {
            "month": "2016-05",
            "price": "12.46",
            "revenue": 392915
        },
        "2016-06": {
            "month": "2016-06",
            "price": "14.05",
            "revenue": 391949
        },
        "2016-07": {
            "month": "2016-07",
            "price": "15.17",
            "revenue": 329379
        },
        "2016-08": {
            "month": "2016-08",
            "price": "16.19",
            "revenue": 439992
        },
        "2016-09": {
            "month": "2016-09",
            "price": "17.96",
            "revenue": 428048
        },
        "2016-10": {
            "month": "2016-10",
            "price": "18.76",
            "revenue": 423628
        },
        "2016-11": {
            "month": "2016-11",
            "price": "16.62",
            "revenue": 413731
        },
        "2016-12": {
            "month": "2016-12",
            "price": "17.50",
            "revenue": 430664
        },
        "2017-01": {
            "month": "2017-01",
            "price": "18.05",
            "revenue": 364503
        },
        "2017-02": {
            "month": "2017-02",
            "price": "17.88",
            "revenue": 298107
        },
        "2017-03": {
            "month": "2017-03",
            "price": "19.25",
            "revenue": 406534
        },
        "2017-04": {
            "month": "2017-04",
            "price": "22.79",
            "revenue": 376432
        },
        "2017-05": {
            "month": "2017-05",
            "price": "21.73",
            "revenue": 374019
        },
        "2017-06": {
            "month": "2017-06",
            "price": "19.96",
            "revenue": 431854
        },
        "2017-07": {
            "month": "2017-07",
            "price": "19.43",
            "revenue": 391234
        },
        "2017-08": {
            "month": "2017-08",
            "price": "18.30",
            "revenue": 422178
        },
        "2017-09": {
            "month": "2017-09",
            "price": "19.57",
            "revenue": 462191
        },
        "2017-10": {
            "month": "2017-10",
            "price": "18.93",
            "revenue": 387204
        },
        "2017-11": {
            "month": "2017-11",
            "price": "19.65",
            "revenue": 463881
        },
        "2017-12": {
            "month": "2017-12",
            "price": "20.73",
            "revenue": 462213
        },
        "2018-01": {
            "month": "2018-01",
            "price": "21.02",
            "revenue": 417341
        },
        "2018-02": {
            "month": "2018-02",
            "price": "19.30",
            "revenue": 258759
        },
        "2018-03": {
            "month": "2018-03",
            "price": "19.85",
            "revenue": 411284
        },
        "2018-04": {
            "month": "2018-04",
            "price": "19.71",
            "revenue": 381836
        },
        "2018-05": {
            "month": "2018-05",
            "price": "17.45",
            "revenue": 457283
        },
        "2018-06": {
            "month": "2018-06",
            "price": "17.16",
            "revenue": 536035
        },
        "2018-07": {
            "month": "2018-07",
            "price": "16.87",
            "revenue": 637847
        },
        "2018-08": {
            "month": "2018-08",
            "price": "16.18",
            "revenue": 731003
        },
        "2018-09": {
            "month": "2018-09",
            "price": "16.20",
            "revenue": 665738
        },
        "2018-10": {
            "month": "2018-10",
            "price": "14.34",
            "revenue": 524556
        },
        "2018-11": {
            "month": "2018-11",
            "price": "14.65",
            "revenue": 611224
        },
        "2018-12": {
            "month": "2018-12",
            "price": "14.53",
            "revenue": 544903
        },
        "2019-01": {
            "month": "2019-01",
            "price": "14.66",
            "revenue": 594112
        },
        "2019-02": {
            "month": "2019-02",
            "price": "16.14",
            "revenue": 308351
        },
        "2019-03": {
            "month": "2019-03",
            "price": "16.52",
            "revenue": 485749
        },
        "2019-04": {
            "month": "2019-04",
            "price": "17.86",
            "revenue": 444256
        },
        "2019-05": {
            "month": "2019-05",
            "price": "15.98",
            "revenue": 408236
        },
        "2019-06": {
            "month": "2019-06",
            "price": "15.12",
            "revenue": 471823
        },
        "2019-07": {
            "month": "2019-07",
            "price": "15.21",
            "revenue": 550317
        },
        "2019-08": {
            "month": "2019-08",
            "price": "14.12",
            "revenue": 458226
        },
        "2019-09": {
            "month": "2019-09",
            "price": "13.96",
            "revenue": 507780
        },
        "2019-10": {
            "month": "2019-10",
            "price": "13.95",
            "revenue": 478023
        },
        "2019-11": {
            "month": "2019-11",
            "price": "13.90",
            "revenue": 608027
        },
        "2019-12": {
            "month": "2019-12",
            "price": "14.42",
            "revenue": 708029
        },
        "2020-01": {
            "month": "2020-01",
            "price": "14.08",
            "revenue": 426141
        },
        "2020-02": {
            "month": "2020-02",
            "price": "12.13",
            "revenue": 280064
        },
        "2020-03": {
            "month": "2020-03",
            "price": "11.32",
            "revenue": 654258
        },
        "2020-04": {
            "month": "2020-04",
            "price": "12.12",
            "revenue": 634152
        },
        "2020-05": {
            "month": "2020-05",
            "price": "12.52",
            "revenue": 529442
        },
        "2020-06": {
            "month": "2020-06",
            "price": "12.84",
            "revenue": 480180
        },
        "2020-07": {
            "month": "2020-07",
            "price": "13.18",
            "revenue": 516127
        },
        "2020-08": {
            "month": "2020-08",
            "price": "13.00",
            "revenue": 553682
        },
        "2020-09": {
            "month": "2020-09",
            "price": "13.58",
            "revenue": 504617
        },
        "2020-10": {
            "month": "2020-10",
            "price": "12.70",
            "revenue": 461557
        },
        "2020-11": {
            "month": "2020-11",
            "price": "12.93",
            "revenue": 546163
        },
        "2020-12": {
            "month": "2020-12",
            "price": "14.01",
            "revenue": 536042
        },
        "2021-01": {
            "month": "2021-01",
            "price": "14.42",
            "revenue": 433978
        },
        "2021-02": {
            "month": "2021-02",
            "price": "13.70",
            "revenue": 202576
        },
        "2021-03": {
            "month": "2021-03",
            "price": "14.13",
            "revenue": 422482
        },
        "2021-04": {
            "month": "2021-04",
            "price": "15.55",
            "revenue": 317611
        },
        "2021-05": {
            "month": "2021-05",
            "price": "13.30",
            "revenue": 371442
        },
        "2021-06": {
            "month": "2021-06",
            "price": "13.14",
            "revenue": 401040
        },
        "2021-07": {
            "month": "2021-07",
            "price": "13.61",
            "revenue": 405731
        },
        "2021-08": {
            "month": "2021-08",
            "price": "12.94",
            "revenue": 469170
        },
        "2021-09": {
            "month": "2021-09",
            "price": "12.67",
            "revenue": 527308
        },
        "2021-10": {
            "month": "2021-10",
            "price": "12.90",
            "revenue": 458804
        },
        "2021-11": {
            "month": "2021-11",
            "price": "13.52",
            "revenue": 608917
        },
        "2021-12": {
            "month": "2021-12",
            "price": "14.58",
            "revenue": 664288
        },
        "2022-01": {
            "month": "2022-01",
            "price": "14.40",
            "revenue": 459693
        },
        "2022-02": {
            "month": "2022-02",
            "price": "13.82",
            "revenue": 292671
        },
        "2022-03": {
            "month": "2022-03",
            "price": "13.32",
            "revenue": 425410
        },
        "2022-04": {
            "month": "2022-04",
            "price": "13.35",
            "revenue": 461921
        },
        "2022-05": {
            "month": "2022-05",
            "price": "14.15",
            "revenue": 332684
        },
        "2022-06": {
            "month": "2022-06",
            "price": "14.22",
            "revenue": 536387
        },
        "2022-07": {
            "month": "2022-07",
            "price": "13.28",
            "revenue": 569867
        },
        "2022-08": {
            "month": "2022-08",
            "price": "15.83",
            "revenue": 540034
        },
        "2022-09": {
            "month": "2022-09",
            "price": "15.38",
            "revenue": 576886
        },
        "2022-10": {
            "month": "2022-10",
            "price": "14.01",
            "revenue": 607372
        },
        "2022-11": {
            "month": "2022-11",
            "price": "15.08",
            "revenue": 905000
        },
        "2022-12": {
            "month": "2022-12",
            "price": "18.71",
            "revenue": 812403
        },
        "2023-01": {
            "month": "2023-01",
            "price": "18.21",
            "revenue": 457018
        },
        "2023-02": {
            "month": "2023-02",
            "price": "19.97",
            "revenue": 531646
        },
        "2023-03": {
            "month": "2023-03",
            "price": "22.23",
            "revenue": 544752
        },
        "2023-04": {
            "month": "2023-04",
            "price": "22.71",
            "revenue": 457799
        },
        "2023-05": {
            "month": "2023-05",
            "price": "22.67",
            "revenue": 428208
        }
    }
}
