{
    "summary": {
        "stock_name": "聯陽",
        "stock_id": "3014",
        "category": "半導體",
        "main_business": "電腦週邊控制IC<br>資訊家電相關IC<br>液晶螢幕顯示器相關IC",
        "website_url": "http://www.ite.com.tw",
        "ceo": "林弘堯",
        "pe_ratio": 18,
        "report_year_from": 2001,
        "report_year_to": 2023,
        "age": 23,
        "eps_negative_percentage": 4,
        "eps_growth_avg": {
            "last_all": 16.43,
            "last_2y": 30.11,
            "last_4y": 34.58,
            "last_8y": 22.31,
            "last_12y": 17.58,
            "last_16y": 13.44,
            "last_20y": 13.73,
            "at_2006_last_3y": 14.9,
            "at_2007_last_3y": 28.9,
            "at_2008_last_3y": 42.27,
            "at_2009_last_3y": 9.7,
            "at_2010_last_3y": 1.02,
            "at_2011_last_3y": -48.98,
            "at_2012_last_3y": -56.13,
            "at_2013_last_3y": -39.75,
            "at_2014_last_3y": 3.38,
            "at_2015_last_3y": 33.53,
            "at_2016_last_3y": 27.44,
            "at_2017_last_3y": 23.46,
            "at_2018_last_3y": 6.97,
            "at_2019_last_3y": 11.88,
            "at_2020_last_3y": 27.71,
            "at_2021_last_3y": 50.09,
            "at_2022_last_3y": 35.58,
            "at_2023_last_3y": 40.71,
            "at_2024_last_3y": 40.71,
            "at_2006_last_all": 26.01,
            "at_2007_last_all": 38.34,
            "at_2008_last_all": 28.93,
            "at_2009_last_all": 21.53,
            "at_2010_last_all": 14.9,
            "at_2011_last_all": 3.41,
            "at_2012_last_all": 3.41,
            "at_2013_last_all": 4.82,
            "at_2014_last_all": 12.02,
            "at_2015_last_all": 10.36,
            "at_2016_last_all": 10.28,
            "at_2017_last_all": 9.79,
            "at_2018_last_all": 10.76,
            "at_2019_last_all": 10.72,
            "at_2020_last_all": 14.15,
            "at_2021_last_all": 18.27,
            "at_2022_last_all": 15.72,
            "at_2023_last_all": 16.43,
            "at_2024_last_all": 16.43
        },
        "latest_eps": 9.86,
        "latest_price": 175.5,
        "latest_roe": 26.9,
        "latest_gross_margin": 55.17,
        "latest_equity": 6426293,
        "latest_revenue": 1449956,
        "latest_gross_profit": 799982,
        "latest_net_income": 335921,
        "latest_debt_ratio": 21.77,
        "latest_current_ratio": 340.45,
        "latest_account_receivable_turnover_ratio": 1.37,
        "latest_inventory_turnover_ratio": 0.82,
        "latest_reinvestment_rate": 3.51,
        "latest_research_to_sale_ratio": 18.86
    },
    "eps_dividends": {
        "2001": {
            "cash": 1.1,
            "stock": 1.1,
            "eps": 0.88
        },
        "2002": {
            "cash": 0.5,
            "stock": 0.5,
            "eps": 1.5
        },
        "2003": {
            "cash": 0.51,
            "stock": 1.02,
            "eps": 2.16
        },
        "2004": {
            "cash": 1.21,
            "stock": 0,
            "eps": 0.41
        },
        "2005": {
            "cash": 0.5,
            "stock": 0,
            "eps": 2.37
        },
        "2006": {
            "cash": 1.69,
            "stock": 0,
            "eps": 2.29
        },
        "2007": {
            "cash": 2,
            "stock": 0,
            "eps": 4.83
        },
        "2008": {
            "cash": 2.99,
            "stock": 0.3,
            "eps": 3.5
        },
        "2009": {
            "cash": 1,
            "stock": 0,
            "eps": 2.44
        },
        "2010": {
            "cash": 2,
            "stock": 0,
            "eps": 1.51
        },
        "2011": {
            "cash": 1.5,
            "stock": 0,
            "eps": -11.22
        },
        "2012": {
            "cash": 0,
            "stock": 0,
            "eps": 1.06
        },
        "2013": {
            "cash": 1.2,
            "stock": 0,
            "eps": 1.26
        },
        "2014": {
            "cash": 1.2,
            "stock": 0,
            "eps": 2.41
        },
        "2015": {
            "cash": 2,
            "stock": 0,
            "eps": 2.18
        },
        "2016": {
            "cash": 2,
            "stock": 0,
            "eps": 2.38
        },
        "2017": {
            "cash": 3,
            "stock": 0,
            "eps": 2.45
        },
        "2018": {
            "cash": 2.5,
            "stock": 0,
            "eps": 3.07
        },
        "2019": {
            "cash": 2.7,
            "stock": 0,
            "eps": 3.38
        },
        "2020": {
            "cash": 3.3,
            "stock": 0,
            "eps": 5.83
        },
        "2021": {
            "cash": 6,
            "stock": 0,
            "eps": 11.22
        },
        "2022": {
            "cash": 9,
            "stock": 0,
            "eps": 7.55
        },
        "2023": {
            "cash": 6,
            "stock": 0,
            "eps": 9.86
        },
        "2024": {
            "cash": 8,
            "stock": 0,
            "eps": 0
        }
    },
    "dividends": {
        "2001-06-28": {
            "cash": 1.1,
            "stock": 1.1
        },
        "2002-05-30": {
            "cash": 0.5,
            "stock": 0.5
        },
        "2003-01-15": {
            "cash": 0.51,
            "stock": 1.02
        },
        "2004-03-30": {
            "cash": 1.21,
            "stock": 0
        },
        "2005-03-18": {
            "cash": 0.5,
            "stock": 0
        },
        "2006-03-17": {
            "cash": 1.69,
            "stock": 0
        },
        "2007-03-16": {
            "cash": 2,
            "stock": 0
        },
        "2008-03-21": {
            "cash": 2.99,
            "stock": 0.3
        },
        "2009-03-17": {
            "cash": 1,
            "stock": 0
        },
        "2010-03-23": {
            "cash": 2,
            "stock": 0
        },
        "2011-02-16": {
            "cash": 1.5,
            "stock": 0
        },
        "2013-02-27": {
            "cash": 1.2,
            "stock": 0
        },
        "2014-08-15": {
            "cash": 1.2,
            "stock": 0
        },
        "2015-09-25": {
            "cash": 2,
            "stock": 0
        },
        "2016-08-11": {
            "cash": 2,
            "stock": 0
        },
        "2017-08-17": {
            "cash": 3,
            "stock": 0
        },
        "2018-08-17": {
            "cash": 2.5,
            "stock": 0
        },
        "2019-08-16": {
            "cash": 2.7,
            "stock": 0
        },
        "2020-08-17": {
            "cash": 3.3,
            "stock": 0
        },
        "2021-09-23": {
            "cash": 6,
            "stock": 0
        },
        "2022-08-18": {
            "cash": 9,
            "stock": 0
        },
        "2023-07-21": {
            "cash": 6,
            "stock": 0
        },
        "2024-02-23": {
            "cash": 8,
            "stock": 0
        }
    },
    "prices": {
        "200101": "無",
        "200102": "無",
        "200103": "無",
        "200104": "無",
        "200105": "無",
        "200106": "無",
        "200107": "無",
        "200108": "無",
        "200109": "無",
        "200110": "無",
        "200111": "無",
        "200112": "無",
        "200201": "無",
        "200202": "無",
        "200203": "無",
        "200204": "無",
        "200205": "無",
        "200206": "無",
        "200207": "無",
        "200208": "無",
        "200209": "無",
        "200210": "26.80",
        "200211": "27.62",
        "200212": "25.51",
        "200301": "26.52",
        "200302": "24.28",
        "200303": "22.60",
        "200304": "22.35",
        "200305": "24.55",
        "200306": "25.76",
        "200307": "26.77",
        "200308": "25.50",
        "200309": "27.14",
        "200310": "26.32",
        "200311": "25.97",
        "200312": "25.16",
        "200401": "24.75",
        "200402": "24.98",
        "200403": "23.27",
        "200404": "20.85",
        "200405": "15.06",
        "200406": "14.86",
        "200407": "14.71",
        "200408": "14.04",
        "200409": "13.11",
        "200410": "12.15",
        "200411": "12.35",
        "200412": "12.16",
        "200501": "11.28",
        "200502": "13.28",
        "200503": "16.54",
        "200504": "14.79",
        "200505": "15.32",
        "200506": "17.80",
        "200507": "17.27",
        "200508": "16.72",
        "200509": "16.56",
        "200510": "16.76",
        "200511": "19.54",
        "200512": "27.23",
        "200601": "28.75",
        "200602": "25.76",
        "200603": "25.02",
        "200604": "27.22",
        "200605": "26.41",
        "200606": "21.22",
        "200607": "23.05",
        "200608": "27.11",
        "200609": "27.96",
        "200610": "29.08",
        "200611": "35.51",
        "200612": "36.34",
        "200701": "51.77",
        "200702": "54.35",
        "200703": "62.81",
        "200704": "59.72",
        "200705": "67.65",
        "200706": "87.63",
        "200707": "131.67",
        "200708": "117.11",
        "200709": "120.86",
        "200710": "113.75",
        "200711": "89.94",
        "200712": "88.74",
        "200801": "91.33",
        "200802": "77.41",
        "200803": "86.86",
        "200804": "106.55",
        "200805": "114.25",
        "200806": "88.81",
        "200807": "80.35",
        "200808": "84.25",
        "200809": "55.26",
        "200810": "53.82",
        "200811": "43.48",
        "200812": "37.74",
        "200901": "41.40",
        "200902": "46.61",
        "200903": "52.06",
        "200904": "53.61",
        "200905": "66.06",
        "200906": "59.13",
        "200907": "63.16",
        "200908": "66.79",
        "200909": "66.65",
        "200910": "65.52",
        "200911": "64.09",
        "200912": "69.09",
        "201001": "67.59",
        "201002": "57.35",
        "201003": "60.77",
        "201004": "59.38",
        "201005": "50.77",
        "201006": "50.71",
        "201007": "53.41",
        "201008": "55.23",
        "201009": "61.02",
        "201010": "56.80",
        "201011": "52.00",
        "201012": "60.15",
        "201101": "59.15",
        "201102": "54.32",
        "201103": "50.27",
        "201104": "45.10",
        "201105": "45.14",
        "201106": "44.46",
        "201107": "38.81",
        "201108": "39.19",
        "201109": "34.90",
        "201110": "33.30",
        "201111": "28.10",
        "201112": "23.25",
        "201201": "24.31",
        "201202": "31.59",
        "201203": "31.10",
        "201204": "25.23",
        "201205": "25.35",
        "201206": "24.40",
        "201207": "24.34",
        "201208": "24.97",
        "201209": "26.99",
        "201210": "24.68",
        "201211": "21.90",
        "201212": "23.53",
        "201301": "23.52",
        "201302": "24.60",
        "201303": "26.12",
        "201304": "25.36",
        "201305": "26.62",
        "201306": "24.77",
        "201307": "23.78",
        "201308": "22.29",
        "201309": "21.85",
        "201310": "24.39",
        "201311": "25.02",
        "201312": "25.22",
        "201401": "27.01",
        "201402": "27.17",
        "201403": "31.71",
        "201404": "34.93",
        "201405": "36.21",
        "201406": "40.33",
        "201407": "37.84",
        "201408": "37.24",
        "201409": "36.46",
        "201410": "31.92",
        "201411": "32.68",
        "201412": "37.05",
        "201501": "38.49",
        "201502": "37.66",
        "201503": "40.13",
        "201504": "38.38",
        "201505": "35.79",
        "201506": "33.28",
        "201507": "28.75",
        "201508": "23.77",
        "201509": "24.92",
        "201510": "27.87",
        "201511": "28.72",
        "201512": "29.32",
        "201601": "26.34",
        "201602": "28.48",
        "201603": "29.66",
        "201604": "28.39",
        "201605": "27.17",
        "201606": "28.25",
        "201607": "29.13",
        "201608": "30.38",
        "201609": "29.92",
        "201610": "29.81",
        "201611": "28.53",
        "201612": "30.04",
        "201701": "29.69",
        "201702": "30.80",
        "201703": "35.48",
        "201704": "34.94",
        "201705": "37.25",
        "201706": "37.63",
        "201707": "34.68",
        "201708": "32.62",
        "201709": "33.60",
        "201710": "35.43",
        "201711": "35.77",
        "201712": "35.63",
        "201801": "35.80",
        "201802": "35.15",
        "201803": "37.59",
        "201804": "36.59",
        "201805": "35.78",
        "201806": "37.30",
        "201807": "35.68",
        "201808": "35.26",
        "201809": "34.48",
        "201810": "31.65",
        "201811": "31.60",
        "201812": "31.17",
        "201901": "31.66",
        "201902": "34.38",
        "201903": "35.17",
        "201904": "35.18",
        "201905": "33.96",
        "201906": "34.27",
        "201907": "34.37",
        "201908": "34.24",
        "201909": "38.31",
        "201910": "42.01",
        "201911": "42.58",
        "201912": "43.70",
        "202001": "42.24",
        "202002": "41.71",
        "202003": "41.78",
        "202004": "44.40",
        "202005": "55.16",
        "202006": "60.62",
        "202007": "68.27",
        "202008": "71.04",
        "202009": "72.12",
        "202010": "71.64",
        "202011": "69.61",
        "202012": "69.05",
        "202101": "73.15",
        "202102": "81.61",
        "202103": "91.56",
        "202104": "116.59",
        "202105": "110.81",
        "202106": "122.86",
        "202107": "126.09",
        "202108": "122.91",
        "202109": "104.72",
        "202110": "100.18",
        "202111": "106.32",
        "202112": "105.68",
        "202201": "104.04",
        "202202": "112.10",
        "202203": "112.24",
        "202204": "101.67",
        "202205": "96.46",
        "202206": "92.02",
        "202207": "72.41",
        "202208": "69.12",
        "202209": "64.27",
        "202210": "58.88",
        "202211": "68.12",
        "202212": "72.78",
        "202301": "75.40",
        "202302": "84.76",
        "202303": "88.23",
        "202304": "89.59",
        "202305": "103.02",
        "202306": "115.72",
        "202307": "127.90",
        "202308": "139.61",
        "202309": "162.40",
        "202310": "163.05",
        "202311": "157.05",
        "202312": "154.36",
        "202401": "150.93",
        "202402": "163.00",
        "202403": "171.24",
        "202404": "無"
    },
    "quarters": {
        "20011": {
            "year_quarter": 20011,
            "year": 2001,
            "quarter": 1,
            "eps": 0.22,
            "eps_growth_year": null,
            "eps_4q": null,
            "eps_4q_growth_year": null,
            "roe": 1.66,
            "roe_4q": 1.66,
            "gross_profit": 109539,
            "gross_margin": 31.48,
            "gross_margin_4q_avg": 31.48,
            "net_income": 20067,
            "net_income_4q": null,
            "revenue": 347981,
            "revenue_4q": null,
            "common_shares": 933000,
            "book_valuer_per_share": 13.1,
            "book_valuer_per_share_4q_avg": 13.1,
            "equity": 1221778,
            "current_ratio": 588.62,
            "debt_ratio": 14.09,
            "inventory_turnover_ratio": 1.1,
            "account_receivable_turnover_ratio": null,
            "reinvestment_rate": null,
            "research_to_sale_ratio": null,
            "price_fair": 0,
            "eps_avg_yearly": 0,
            "eps_latest_yearly": 0,
            "eps_growth_yearly": 0
        },
        "20012": {
            "year_quarter": 20012,
            "year": 2001,
            "quarter": 2,
            "eps": -0.01,
            "eps_growth_year": null,
            "eps_4q": null,
            "eps_4q_growth_year": null,
            "roe": -0.09,
            "roe_4q": 1.5699999999999998,
            "gross_profit": 69396,
            "gross_margin": 27.21,
            "gross_margin_4q_avg": 29.35,
            "net_income": -1000,
            "net_income_4q": null,
            "revenue": 255051,
            "revenue_4q": null,
            "common_shares": 933000,
            "book_valuer_per_share": 11.82,
            "book_valuer_per_share_4q_avg": 12.46,
            "equity": 1102346,
            "current_ratio": 342.03,
            "debt_ratio": 23.42,
            "inventory_turnover_ratio": 1.09,
            "account_receivable_turnover_ratio": null,
            "reinvestment_rate": null,
            "research_to_sale_ratio": null,
            "price_fair": 0,
            "eps_avg_yearly": 0,
            "eps_latest_yearly": 0,
            "eps_growth_yearly": 0
        },
        "20013": {
            "year_quarter": 20013,
            "year": 2001,
            "quarter": 3,
            "eps": 0.3,
            "eps_growth_year": null,
            "eps_4q": null,
            "eps_4q_growth_year": null,
            "roe": 2.47,
            "roe_4q": 4.04,
            "gross_profit": 123827,
            "gross_margin": 32.11,
            "gross_margin_4q_avg": 30.27,
            "net_income": 27614,
            "net_income_4q": null,
            "revenue": 385665,
            "revenue_4q": null,
            "common_shares": 933000,
            "book_valuer_per_share": 12.11,
            "book_valuer_per_share_4q_avg": 12.34,
            "equity": 1129959,
            "current_ratio": 406.4,
            "debt_ratio": 19.93,
            "inventory_turnover_ratio": 1.64,
            "account_receivable_turnover_ratio": null,
            "reinvestment_rate": null,
            "research_to_sale_ratio": null,
            "price_fair": 0,
            "eps_avg_yearly": 0,
            "eps_latest_yearly": 0,
            "eps_growth_yearly": 0
        },
        "20014": {
            "year_quarter": 20014,
            "year": 2001,
            "quarter": 4,
            "eps": 0.37,
            "eps_growth_year": null,
            "eps_4q": 0.87,
            "eps_4q_growth_year": null,
            "roe": 3,
            "roe_4q": 7.040000000000001,
            "gross_profit": 129824,
            "gross_margin": 34.45,
            "gross_margin_4q_avg": 31.31,
            "net_income": 34459,
            "net_income_4q": null,
            "revenue": 376821,
            "revenue_4q": null,
            "common_shares": 933000,
            "book_valuer_per_share": 12.49,
            "book_valuer_per_share_4q_avg": 12.38,
            "equity": 1165250,
            "current_ratio": 492.46,
            "debt_ratio": 16.45,
            "inventory_turnover_ratio": 2.15,
            "account_receivable_turnover_ratio": null,
            "reinvestment_rate": null,
            "research_to_sale_ratio": null,
            "price_fair": 0,
            "eps_avg_yearly": 0,
            "eps_latest_yearly": 0,
            "eps_growth_yearly": 0
        },
        "20021": {
            "year_quarter": 20021,
            "year": 2002,
            "quarter": 1,
            "eps": 0.42,
            "eps_growth_year": 90.91,
            "eps_4q": 1.05,
            "eps_4q_growth_year": null,
            "roe": 3.45,
            "roe_4q": 8.83,
            "gross_profit": 159617,
            "gross_margin": 36.31,
            "gross_margin_4q_avg": 32.52,
            "net_income": 40954,
            "net_income_4q": null,
            "revenue": 439553,
            "revenue_4q": null,
            "common_shares": 933000,
            "book_valuer_per_share": 12.93,
            "book_valuer_per_share_4q_avg": 12.34,
            "equity": 1206509,
            "current_ratio": 364.96,
            "debt_ratio": 22.26,
            "inventory_turnover_ratio": 2.64,
            "account_receivable_turnover_ratio": null,
            "reinvestment_rate": null,
            "research_to_sale_ratio": null,
            "price_fair": 58.8,
            "eps_avg_yearly": 1.68,
            "eps_latest_yearly": 1.68,
            "eps_growth_yearly": 54.05
        },
        "20022": {
            "year_quarter": 20022,
            "year": 2002,
            "quarter": 2,
            "eps": 0.15,
            "eps_growth_year": null,
            "eps_4q": 1.22,
            "eps_4q_growth_year": null,
            "roe": 1.22,
            "roe_4q": 10.14,
            "gross_profit": 98948,
            "gross_margin": 33.98,
            "gross_margin_4q_avg": 34.21,
            "net_income": 14436,
            "net_income_4q": null,
            "revenue": 291172,
            "revenue_4q": null,
            "common_shares": 933000,
            "book_valuer_per_share": 12.49,
            "book_valuer_per_share_4q_avg": 12.51,
            "equity": 1165150,
            "current_ratio": 383.22,
            "debt_ratio": 20.95,
            "inventory_turnover_ratio": 1.2,
            "account_receivable_turnover_ratio": null,
            "reinvestment_rate": null,
            "research_to_sale_ratio": null,
            "price_fair": 3.42,
            "eps_avg_yearly": 1.14,
            "eps_latest_yearly": 0.6,
            "eps_growth_yearly": -101.54
        },
        "20023": {
            "year_quarter": 20023,
            "year": 2002,
            "quarter": 3,
            "eps": 0.48,
            "eps_growth_year": 60,
            "eps_4q": 1.39,
            "eps_4q_growth_year": null,
            "roe": 3.99,
            "roe_4q": 11.66,
            "gross_profit": 127342,
            "gross_margin": 28.27,
            "gross_margin_4q_avg": 33.25,
            "net_income": 47378,
            "net_income_4q": null,
            "revenue": 450439,
            "revenue_4q": null,
            "common_shares": 981000,
            "book_valuer_per_share": 12.36,
            "book_valuer_per_share_4q_avg": 12.57,
            "equity": 1212528,
            "current_ratio": 443.82,
            "debt_ratio": 18.15,
            "inventory_turnover_ratio": 2.23,
            "account_receivable_turnover_ratio": null,
            "reinvestment_rate": null,
            "research_to_sale_ratio": null,
            "price_fair": 49,
            "eps_avg_yearly": 1.4,
            "eps_latest_yearly": 1.92,
            "eps_growth_yearly": 225.64
        },
        "20024": {
            "year_quarter": 20024,
            "year": 2002,
            "quarter": 4,
            "eps": 0.45,
            "eps_growth_year": 21.62,
            "eps_4q": 1.5,
            "eps_4q_growth_year": 71.65,
            "roe": 3.58,
            "roe_4q": 12.240000000000002,
            "gross_profit": 175343,
            "gross_margin": 35.15,
            "gross_margin_4q_avg": 33.43,
            "net_income": 44236,
            "net_income_4q": null,
            "revenue": 498873,
            "revenue_4q": null,
            "common_shares": 981000,
            "book_valuer_per_share": 12.83,
            "book_valuer_per_share_4q_avg": 12.65,
            "equity": 1258176,
            "current_ratio": 338.51,
            "debt_ratio": 23.56,
            "inventory_turnover_ratio": 2.99,
            "account_receivable_turnover_ratio": null,
            "reinvestment_rate": null,
            "research_to_sale_ratio": null,
            "price_fair": 52.5,
            "eps_avg_yearly": 1.5,
            "eps_latest_yearly": 1.8,
            "eps_growth_yearly": 162.98
        },
        "20031": {
            "year_quarter": 20031,
            "year": 2003,
            "quarter": 1,
            "eps": 0.77,
            "eps_growth_year": 83.33,
            "eps_4q": 1.85,
            "eps_4q_growth_year": 77.28,
            "roe": 5.81,
            "roe_4q": 14.600000000000001,
            "gross_profit": 184680,
            "gross_margin": 38.57,
            "gross_margin_4q_avg": 33.99,
            "net_income": 75267,
            "net_income_4q": null,
            "revenue": 478771,
            "revenue_4q": null,
            "common_shares": 981000,
            "book_valuer_per_share": 13.59,
            "book_valuer_per_share_4q_avg": 12.82,
            "equity": 1333443,
            "current_ratio": 441.89,
            "debt_ratio": 18.21,
            "inventory_turnover_ratio": 2.93,
            "account_receivable_turnover_ratio": null,
            "reinvestment_rate": null,
            "research_to_sale_ratio": null,
            "price_fair": 63.56,
            "eps_avg_yearly": 1.82,
            "eps_latest_yearly": 3.08,
            "eps_growth_yearly": 187.27
        },
        "20032": {
            "year_quarter": 20032,
            "year": 2003,
            "quarter": 2,
            "eps": 0.44,
            "eps_growth_year": 193.33,
            "eps_4q": 1.99,
            "eps_4q_growth_year": 62.91,
            "roe": 3.65,
            "roe_4q": 17.03,
            "gross_profit": 155605,
            "gross_margin": 41.1,
            "gross_margin_4q_avg": 35.77,
            "net_income": 47423,
            "net_income_4q": null,
            "revenue": 378601,
            "revenue_4q": null,
            "common_shares": 981000,
            "book_valuer_per_share": 12.93,
            "book_valuer_per_share_4q_avg": 12.93,
            "equity": 1268177,
            "current_ratio": 377.31,
            "debt_ratio": 20.65,
            "inventory_turnover_ratio": 2.75,
            "account_receivable_turnover_ratio": null,
            "reinvestment_rate": null,
            "research_to_sale_ratio": null,
            "price_fair": 63.23,
            "eps_avg_yearly": 1.81,
            "eps_latest_yearly": 1.76,
            "eps_growth_yearly": 127.49
        },
        "20033": {
            "year_quarter": 20033,
            "year": 2003,
            "quarter": 3,
            "eps": 0.43,
            "eps_growth_year": -10.42,
            "eps_4q": 1.98,
            "eps_4q_growth_year": 42.12,
            "roe": 3.6,
            "roe_4q": 16.64,
            "gross_profit": 157586,
            "gross_margin": 36.74,
            "gross_margin_4q_avg": 37.89,
            "net_income": 46433,
            "net_income_4q": null,
            "revenue": 428957,
            "revenue_4q": null,
            "common_shares": 1090000,
            "book_valuer_per_share": 12.06,
            "book_valuer_per_share_4q_avg": 12.85,
            "equity": 1314072,
            "current_ratio": 385.11,
            "debt_ratio": 20.77,
            "inventory_turnover_ratio": 2.78,
            "account_receivable_turnover_ratio": null,
            "reinvestment_rate": null,
            "research_to_sale_ratio": null,
            "price_fair": 62.8,
            "eps_avg_yearly": 1.79,
            "eps_latest_yearly": 1.72,
            "eps_growth_yearly": 107.98
        },
        "20034": {
            "year_quarter": 20034,
            "year": 2003,
            "quarter": 4,
            "eps": 0.52,
            "eps_growth_year": 15.56,
            "eps_4q": 2.1,
            "eps_4q_growth_year": 40.45,
            "roe": 4.15,
            "roe_4q": 17.21,
            "gross_profit": 161413,
            "gross_margin": 36.08,
            "gross_margin_4q_avg": 38.12,
            "net_income": 55651,
            "net_income_4q": null,
            "revenue": 447374,
            "revenue_4q": null,
            "common_shares": 1090000,
            "book_valuer_per_share": 12.57,
            "book_valuer_per_share_4q_avg": 12.79,
            "equity": 1369723,
            "current_ratio": 385.13,
            "debt_ratio": 21.07,
            "inventory_turnover_ratio": 2.23,
            "account_receivable_turnover_ratio": null,
            "reinvestment_rate": null,
            "research_to_sale_ratio": null,
            "price_fair": 64.05,
            "eps_avg_yearly": 1.83,
            "eps_latest_yearly": 2.08,
            "eps_growth_yearly": 104.94
        },
        "20041": {
            "year_quarter": 20041,
            "year": 2004,
            "quarter": 1,
            "eps": -0.02,
            "eps_growth_year": -102.6,
            "eps_4q": 1.12,
            "eps_4q_growth_year": -39.74,
            "roe": -0.19,
            "roe_4q": 11.21,
            "gross_profit": 97475,
            "gross_margin": 28.42,
            "gross_margin_4q_avg": 35.59,
            "net_income": -2628,
            "net_income_4q": null,
            "revenue": 342923,
            "revenue_4q": null,
            "common_shares": 1090000,
            "book_valuer_per_share": 12.51,
            "book_valuer_per_share_4q_avg": 12.52,
            "equity": 1363430,
            "current_ratio": 467.12,
            "debt_ratio": 17.34,
            "inventory_turnover_ratio": 1.98,
            "account_receivable_turnover_ratio": null,
            "reinvestment_rate": null,
            "research_to_sale_ratio": null,
            "price_fair": 64.05,
            "eps_avg_yearly": 1.83,
            "eps_latest_yearly": 2.08,
            "eps_growth_yearly": 104.94
        },
        "20042": {
            "year_quarter": 20042,
            "year": 2004,
            "quarter": 2,
            "eps": 0.08,
            "eps_growth_year": -81.82,
            "eps_4q": 1.05,
            "eps_4q_growth_year": -47.24,
            "roe": 0.64,
            "roe_4q": 8.200000000000001,
            "gross_profit": 109640,
            "gross_margin": 32.04,
            "gross_margin_4q_avg": 33.32,
            "net_income": 8210,
            "net_income_4q": null,
            "revenue": 342186,
            "revenue_4q": null,
            "common_shares": 1090000,
            "book_valuer_per_share": 10.96,
            "book_valuer_per_share_4q_avg": 12.03,
            "equity": 1195175,
            "current_ratio": 262.69,
            "debt_ratio": 30.87,
            "inventory_turnover_ratio": 1.89,
            "account_receivable_turnover_ratio": null,
            "reinvestment_rate": null,
            "research_to_sale_ratio": null,
            "price_fair": 64.05,
            "eps_avg_yearly": 1.83,
            "eps_latest_yearly": 2.08,
            "eps_growth_yearly": 104.94
        },
        "20043": {
            "year_quarter": 20043,
            "year": 2004,
            "quarter": 3,
            "eps": 0.58,
            "eps_growth_year": 34.88,
            "eps_4q": 1.16,
            "eps_4q_growth_year": -41.39,
            "roe": 5.11,
            "roe_4q": 9.71,
            "gross_profit": 145309,
            "gross_margin": 33.05,
            "gross_margin_4q_avg": 32.4,
            "net_income": 61437,
            "net_income_4q": null,
            "revenue": 439654,
            "revenue_4q": null,
            "common_shares": 1090000,
            "book_valuer_per_share": 11.1,
            "book_valuer_per_share_4q_avg": 11.79,
            "equity": 1209423,
            "current_ratio": 353.86,
            "debt_ratio": 21.86,
            "inventory_turnover_ratio": 1.74,
            "account_receivable_turnover_ratio": null,
            "reinvestment_rate": null,
            "research_to_sale_ratio": null,
            "price_fair": 65.96,
            "eps_avg_yearly": 1.88,
            "eps_latest_yearly": 2.32,
            "eps_growth_yearly": 371.06
        },
        "20044": {
            "year_quarter": 20044,
            "year": 2004,
            "quarter": 4,
            "eps": -0.23,
            "eps_growth_year": -144.23,
            "eps_4q": 0.42,
            "eps_4q_growth_year": -80,
            "roe": -1.98,
            "roe_4q": 3.5800000000000005,
            "gross_profit": 120482,
            "gross_margin": 32.08,
            "gross_margin_4q_avg": 31.4,
            "net_income": -23613,
            "net_income_4q": null,
            "revenue": 375614,
            "revenue_4q": null,
            "common_shares": 1090000,
            "book_valuer_per_share": 10.83,
            "book_valuer_per_share_4q_avg": 11.35,
            "equity": 1181000,
            "current_ratio": 388.57,
            "debt_ratio": 19.1,
            "inventory_turnover_ratio": 1.46,
            "account_receivable_turnover_ratio": null,
            "reinvestment_rate": -20.2,
            "research_to_sale_ratio": null,
            "price_fair": 65.96,
            "eps_avg_yearly": 1.88,
            "eps_latest_yearly": 2.32,
            "eps_growth_yearly": 371.06
        },
        "20051": {
            "year_quarter": 20051,
            "year": 2005,
            "quarter": 1,
            "eps": 0.22,
            "eps_growth_year": null,
            "eps_4q": 0.67,
            "eps_4q_growth_year": -39.68,
            "roe": 1.87,
            "roe_4q": 5.64,
            "gross_profit": 115773,
            "gross_margin": 31.38,
            "gross_margin_4q_avg": 32.14,
            "net_income": 22293,
            "net_income_4q": null,
            "revenue": 368900,
            "revenue_4q": null,
            "common_shares": 1090000,
            "book_valuer_per_share": 11.05,
            "book_valuer_per_share_4q_avg": 10.99,
            "equity": 1204246,
            "current_ratio": 416.65,
            "debt_ratio": 17.9,
            "inventory_turnover_ratio": 2.11,
            "account_receivable_turnover_ratio": null,
            "reinvestment_rate": -19.16,
            "research_to_sale_ratio": null,
            "price_fair": 65.96,
            "eps_avg_yearly": 1.88,
            "eps_latest_yearly": 2.32,
            "eps_growth_yearly": 371.06
        },
        "20052": {
            "year_quarter": 20052,
            "year": 2005,
            "quarter": 2,
            "eps": 0.35,
            "eps_growth_year": 337.5,
            "eps_4q": 0.94,
            "eps_4q_growth_year": -10.26,
            "roe": 2.98,
            "roe_4q": 7.98,
            "gross_profit": 124804,
            "gross_margin": 34.21,
            "gross_margin_4q_avg": 32.68,
            "net_income": 35574,
            "net_income_4q": null,
            "revenue": 364861,
            "revenue_4q": null,
            "common_shares": 1090780,
            "book_valuer_per_share": 10.82,
            "book_valuer_per_share_4q_avg": 10.95,
            "equity": 1179721,
            "current_ratio": 361.29,
            "debt_ratio": 23.02,
            "inventory_turnover_ratio": 2.6,
            "account_receivable_turnover_ratio": null,
            "reinvestment_rate": -19.87,
            "research_to_sale_ratio": null,
            "price_fair": 64.26,
            "eps_avg_yearly": 1.84,
            "eps_latest_yearly": 1.4,
            "eps_growth_yearly": 357.59
        },
        "20053": {
            "year_quarter": 20053,
            "year": 2005,
            "quarter": 3,
            "eps": 0.83,
            "eps_growth_year": 43.1,
            "eps_4q": 1.17,
            "eps_4q_growth_year": 0.82,
            "roe": 6.85,
            "roe_4q": 9.719999999999999,
            "gross_profit": 172165,
            "gross_margin": 36.09,
            "gross_margin_4q_avg": 33.44,
            "net_income": 84233,
            "net_income_4q": null,
            "revenue": 477069,
            "revenue_4q": null,
            "common_shares": 1090980,
            "book_valuer_per_share": 11.73,
            "book_valuer_per_share_4q_avg": 11.11,
            "equity": 1280225,
            "current_ratio": 411.15,
            "debt_ratio": 20.88,
            "inventory_turnover_ratio": 2.87,
            "account_receivable_turnover_ratio": null,
            "reinvestment_rate": -17.24,
            "research_to_sale_ratio": null,
            "price_fair": 68.98,
            "eps_avg_yearly": 1.97,
            "eps_latest_yearly": 3.32,
            "eps_growth_yearly": 374.95
        },
        "20054": {
            "year_quarter": 20054,
            "year": 2005,
            "quarter": 4,
            "eps": 0.97,
            "eps_growth_year": null,
            "eps_4q": 2.36,
            "eps_4q_growth_year": 462.77,
            "roe": 7.23,
            "roe_4q": 18.93,
            "gross_profit": 220595,
            "gross_margin": 37.85,
            "gross_margin_4q_avg": 34.88,
            "net_income": 98904,
            "net_income_4q": null,
            "revenue": 582758,
            "revenue_4q": null,
            "common_shares": 1091790,
            "book_valuer_per_share": 13.33,
            "book_valuer_per_share_4q_avg": 11.73,
            "equity": 1455171,
            "current_ratio": 359.26,
            "debt_ratio": 24.66,
            "inventory_turnover_ratio": 3.2,
            "account_receivable_turnover_ratio": null,
            "reinvestment_rate": -14.97,
            "research_to_sale_ratio": null,
            "price_fair": 74.55,
            "eps_avg_yearly": 2.13,
            "eps_latest_yearly": 3.88,
            "eps_growth_yearly": 349.33
        },
        "20061": {
            "year_quarter": 20061,
            "year": 2006,
            "quarter": 1,
            "eps": 0.44,
            "eps_growth_year": 100,
            "eps_4q": 2.44,
            "eps_4q_growth_year": 261.48,
            "roe": 3.19,
            "roe_4q": 20.25,
            "gross_profit": 143310,
            "gross_margin": 37.12,
            "gross_margin_4q_avg": 36.32,
            "net_income": 48178,
            "net_income_4q": null,
            "revenue": 386116,
            "revenue_4q": null,
            "common_shares": 1096260,
            "book_valuer_per_share": 14.27,
            "book_valuer_per_share_4q_avg": 12.54,
            "equity": 1563989,
            "current_ratio": 555.33,
            "debt_ratio": 15.02,
            "inventory_turnover_ratio": 1.9,
            "account_receivable_turnover_ratio": null,
            "reinvestment_rate": -15.01,
            "research_to_sale_ratio": null,
            "price_fair": 74.78,
            "eps_avg_yearly": 2.14,
            "eps_latest_yearly": 1.76,
            "eps_growth_yearly": 326.61
        },
        "20062": {
            "year_quarter": 20062,
            "year": 2006,
            "quarter": 2,
            "eps": 0.35,
            "eps_growth_year": 0,
            "eps_4q": 2.44,
            "eps_4q_growth_year": 158.85,
            "roe": 2.62,
            "roe_4q": 19.89,
            "gross_profit": 139267,
            "gross_margin": 37.72,
            "gross_margin_4q_avg": 37.2,
            "net_income": 38793,
            "net_income_4q": null,
            "revenue": 369248,
            "revenue_4q": null,
            "common_shares": 1101820,
            "book_valuer_per_share": 12.63,
            "book_valuer_per_share_4q_avg": 12.99,
            "equity": 1391625,
            "current_ratio": 294.19,
            "debt_ratio": 27.07,
            "inventory_turnover_ratio": 1.62,
            "account_receivable_turnover_ratio": null,
            "reinvestment_rate": -14.86,
            "research_to_sale_ratio": null,
            "price_fair": 77.12,
            "eps_avg_yearly": 2.2,
            "eps_latest_yearly": 1.4,
            "eps_growth_yearly": 341.22
        },
        "20063": {
            "year_quarter": 20063,
            "year": 2006,
            "quarter": 3,
            "eps": 1.18,
            "eps_growth_year": 42.17,
            "eps_4q": 2.87,
            "eps_4q_growth_year": 146.04,
            "roe": 8.91,
            "roe_4q": 21.950000000000003,
            "gross_profit": 238958,
            "gross_margin": 40.7,
            "gross_margin_4q_avg": 38.35,
            "net_income": 129587,
            "net_income_4q": null,
            "revenue": 587157,
            "revenue_4q": null,
            "common_shares": 1103610,
            "book_valuer_per_share": 13.74,
            "book_valuer_per_share_4q_avg": 13.49,
            "equity": 1516244,
            "current_ratio": 353.94,
            "debt_ratio": 22.79,
            "inventory_turnover_ratio": 2.28,
            "account_receivable_turnover_ratio": null,
            "reinvestment_rate": -12.88,
            "research_to_sale_ratio": null,
            "price_fair": 85.28,
            "eps_avg_yearly": 2.44,
            "eps_latest_yearly": 4.72,
            "eps_growth_yearly": 346.94
        },
        "20064": {
            "year_quarter": 20064,
            "year": 2006,
            "quarter": 4,
            "eps": 0.32,
            "eps_growth_year": -67.01,
            "eps_4q": 2.31,
            "eps_4q_growth_year": -2.09,
            "roe": 2.26,
            "roe_4q": 16.98,
            "gross_profit": 173045,
            "gross_margin": 38.87,
            "gross_margin_4q_avg": 38.6,
            "net_income": 34750,
            "net_income_4q": null,
            "revenue": 445204,
            "revenue_4q": null,
            "common_shares": 1105560,
            "book_valuer_per_share": 14.16,
            "book_valuer_per_share_4q_avg": 13.7,
            "equity": 1565143,
            "current_ratio": 444.2,
            "debt_ratio": 19.11,
            "inventory_turnover_ratio": 1.64,
            "account_receivable_turnover_ratio": null,
            "reinvestment_rate": -12.05,
            "research_to_sale_ratio": null,
            "price_fair": 83.77,
            "eps_avg_yearly": 2.39,
            "eps_latest_yearly": 1.28,
            "eps_growth_yearly": 324.73
        },
        "20071": {
            "year_quarter": 20071,
            "year": 2007,
            "quarter": 1,
            "eps": 0.77,
            "eps_growth_year": 75,
            "eps_4q": 2.59,
            "eps_4q_growth_year": 6.09,
            "roe": 5.33,
            "roe_4q": 19.12,
            "gross_profit": 182276,
            "gross_margin": 40.28,
            "gross_margin_4q_avg": 39.39,
            "net_income": 86138,
            "net_income_4q": null,
            "revenue": 452524,
            "revenue_4q": null,
            "common_shares": 1111220,
            "book_valuer_per_share": 14.98,
            "book_valuer_per_share_4q_avg": 13.88,
            "equity": 1664063,
            "current_ratio": 524,
            "debt_ratio": 16.01,
            "inventory_turnover_ratio": 1.74,
            "account_receivable_turnover_ratio": null,
            "reinvestment_rate": -11.72,
            "research_to_sale_ratio": null,
            "price_fair": 83.77,
            "eps_avg_yearly": 2.39,
            "eps_latest_yearly": 3.08,
            "eps_growth_yearly": 347.9
        },
        "20072": {
            "year_quarter": 20072,
            "year": 2007,
            "quarter": 2,
            "eps": 1.24,
            "eps_growth_year": 254.29,
            "eps_4q": 3.48,
            "eps_4q_growth_year": 42.69,
            "roe": 8.67,
            "roe_4q": 25.169999999999998,
            "gross_profit": 271158,
            "gross_margin": 41.15,
            "gross_margin_4q_avg": 40.25,
            "net_income": 138819,
            "net_income_4q": null,
            "revenue": 658994,
            "revenue_4q": null,
            "common_shares": 1120660,
            "book_valuer_per_share": 13.71,
            "book_valuer_per_share_4q_avg": 14.15,
            "equity": 1536864,
            "current_ratio": 272.45,
            "debt_ratio": 30.78,
            "inventory_turnover_ratio": 2.8,
            "account_receivable_turnover_ratio": null,
            "reinvestment_rate": -9.64,
            "research_to_sale_ratio": null,
            "price_fair": 93.1,
            "eps_avg_yearly": 2.66,
            "eps_latest_yearly": 4.96,
            "eps_growth_yearly": 382.53
        },
        "20073": {
            "year_quarter": 20073,
            "year": 2007,
            "quarter": 3,
            "eps": 1.81,
            "eps_growth_year": 53.39,
            "eps_4q": 4.12,
            "eps_4q_growth_year": 43.41,
            "roe": 12.38,
            "roe_4q": 28.64,
            "gross_profit": 362627,
            "gross_margin": 41.42,
            "gross_margin_4q_avg": 40.43,
            "net_income": 203544,
            "net_income_4q": null,
            "revenue": 875543,
            "revenue_4q": null,
            "common_shares": 1120660,
            "book_valuer_per_share": 15.63,
            "book_valuer_per_share_4q_avg": 14.62,
            "equity": 1751098,
            "current_ratio": 310.25,
            "debt_ratio": 27.46,
            "inventory_turnover_ratio": 2.93,
            "account_receivable_turnover_ratio": null,
            "reinvestment_rate": -7.61,
            "research_to_sale_ratio": null,
            "price_fair": 109.2,
            "eps_avg_yearly": 3.12,
            "eps_latest_yearly": 7.24,
            "eps_growth_yearly": 398.61
        },
        "20074": {
            "year_quarter": 20074,
            "year": 2007,
            "quarter": 4,
            "eps": 1.01,
            "eps_growth_year": 215.62,
            "eps_4q": 4.82,
            "eps_4q_growth_year": 108.28,
            "roe": 6.27,
            "roe_4q": 32.65,
            "gross_profit": 239879,
            "gross_margin": 38.46,
            "gross_margin_4q_avg": 40.33,
            "net_income": 113588,
            "net_income_4q": null,
            "revenue": 623654,
            "revenue_4q": null,
            "common_shares": 1128620,
            "book_valuer_per_share": 16.6,
            "book_valuer_per_share_4q_avg": 15.23,
            "equity": 1873200,
            "current_ratio": 419.41,
            "debt_ratio": 21.3,
            "inventory_turnover_ratio": 1.65,
            "account_receivable_turnover_ratio": null,
            "reinvestment_rate": -6.14,
            "research_to_sale_ratio": null,
            "price_fair": 114.92,
            "eps_avg_yearly": 3.28,
            "eps_latest_yearly": 4.04,
            "eps_growth_yearly": 376.9
        },
        "20081": {
            "year_quarter": 20081,
            "year": 2008,
            "quarter": 1,
            "eps": 1.17,
            "eps_growth_year": 51.95,
            "eps_4q": 5.18,
            "eps_4q_growth_year": 100.2,
            "roe": 6.85,
            "roe_4q": 34.17,
            "gross_profit": 270802,
            "gross_margin": 39.52,
            "gross_margin_4q_avg": 40.14,
            "net_income": 133144,
            "net_income_4q": null,
            "revenue": 685187,
            "revenue_4q": null,
            "common_shares": 1128620,
            "book_valuer_per_share": 17.84,
            "book_valuer_per_share_4q_avg": 15.95,
            "equity": 2013010,
            "current_ratio": 558.12,
            "debt_ratio": 16.49,
            "inventory_turnover_ratio": 2.05,
            "account_receivable_turnover_ratio": null,
            "reinvestment_rate": -5.01,
            "research_to_sale_ratio": null,
            "price_fair": 118.68,
            "eps_avg_yearly": 3.39,
            "eps_latest_yearly": 4.68,
            "eps_growth_yearly": 352.78
        },
        "20082": {
            "year_quarter": 20082,
            "year": 2008,
            "quarter": 2,
            "eps": 0.92,
            "eps_growth_year": -25.81,
            "eps_4q": 4.88,
            "eps_4q_growth_year": 40.25,
            "roe": 5.57,
            "roe_4q": 31.07,
            "gross_profit": 243210,
            "gross_margin": 36.61,
            "gross_margin_4q_avg": 39,
            "net_income": 104692,
            "net_income_4q": null,
            "revenue": 664325,
            "revenue_4q": null,
            "common_shares": 1142760,
            "book_valuer_per_share": 15.28,
            "book_valuer_per_share_4q_avg": 16.34,
            "equity": 1745584,
            "current_ratio": 263.16,
            "debt_ratio": 33.92,
            "inventory_turnover_ratio": 2.39,
            "account_receivable_turnover_ratio": null,
            "reinvestment_rate": -4.19,
            "research_to_sale_ratio": null,
            "price_fair": 119.4,
            "eps_avg_yearly": 3.41,
            "eps_latest_yearly": 3.68,
            "eps_growth_yearly": 321.48
        },
        "20083": {
            "year_quarter": 20083,
            "year": 2008,
            "quarter": 3,
            "eps": 1.16,
            "eps_growth_year": -35.91,
            "eps_4q": 4.08,
            "eps_4q_growth_year": -1.03,
            "roe": 7.68,
            "roe_4q": 26.37,
            "gross_profit": 279093,
            "gross_margin": 39.32,
            "gross_margin_4q_avg": 38.48,
            "net_income": 139759,
            "net_income_4q": null,
            "revenue": 709782,
            "revenue_4q": null,
            "common_shares": 1202743,
            "book_valuer_per_share": 15.75,
            "book_valuer_per_share_4q_avg": 16.37,
            "equity": 1894806,
            "current_ratio": 399.35,
            "debt_ratio": 22.71,
            "inventory_turnover_ratio": 2.1,
            "account_receivable_turnover_ratio": null,
            "reinvestment_rate": -3.41,
            "research_to_sale_ratio": null,
            "price_fair": 125.2,
            "eps_avg_yearly": 3.58,
            "eps_latest_yearly": 4.64,
            "eps_growth_yearly": 150.36
        },
        "20084": {
            "year_quarter": 20084,
            "year": 2008,
            "quarter": 4,
            "eps": 0.25,
            "eps_growth_year": -75.25,
            "eps_4q": 3.35,
            "eps_4q_growth_year": -30.5,
            "roe": 0.78,
            "roe_4q": 20.88,
            "gross_profit": 147864,
            "gross_margin": 36.18,
            "gross_margin_4q_avg": 37.91,
            "net_income": 30451,
            "net_income_4q": null,
            "revenue": 408718,
            "revenue_4q": null,
            "common_shares": 2006362,
            "book_valuer_per_share": 29.6,
            "book_valuer_per_share_4q_avg": 19.62,
            "equity": 5939707,
            "current_ratio": 471.88,
            "debt_ratio": 10.86,
            "inventory_turnover_ratio": 0.91,
            "account_receivable_turnover_ratio": null,
            "reinvestment_rate": 0.11,
            "research_to_sale_ratio": null,
            "price_fair": 119.19,
            "eps_avg_yearly": 3.41,
            "eps_latest_yearly": 1,
            "eps_growth_yearly": 119.42
        },
        "20091": {
            "year_quarter": 20091,
            "year": 2009,
            "quarter": 1,
            "eps": 0.73,
            "eps_growth_year": -37.61,
            "eps_4q": 2.1,
            "eps_4q_growth_year": -59.5,
            "roe": 2.44,
            "roe_4q": 16.47,
            "gross_profit": 352518,
            "gross_margin": 41.34,
            "gross_margin_4q_avg": 38.36,
            "net_income": 146824,
            "net_income_4q": null,
            "revenue": 852746,
            "revenue_4q": null,
            "common_shares": 2006362,
            "book_valuer_per_share": 30.39,
            "book_valuer_per_share_4q_avg": 22.76,
            "equity": 6097189,
            "current_ratio": 498.62,
            "debt_ratio": 10.59,
            "inventory_turnover_ratio": 1.68,
            "account_receivable_turnover_ratio": 2.89,
            "reinvestment_rate": 0.55,
            "research_to_sale_ratio": null,
            "price_fair": 118.13,
            "eps_avg_yearly": 3.38,
            "eps_latest_yearly": 2.92,
            "eps_growth_yearly": 159.95
        },
        "20092": {
            "year_quarter": 20092,
            "year": 2009,
            "quarter": 2,
            "eps": 0.53,
            "eps_growth_year": -42.39,
            "eps_4q": 2.09,
            "eps_4q_growth_year": -57.09,
            "roe": 1.78,
            "roe_4q": 12.68,
            "gross_profit": 395826,
            "gross_margin": 40.53,
            "gross_margin_4q_avg": 39.34,
            "net_income": 107541,
            "net_income_4q": null,
            "revenue": 976532,
            "revenue_4q": null,
            "common_shares": 2014535,
            "book_valuer_per_share": 29.8,
            "book_valuer_per_share_4q_avg": 26.39,
            "equity": 6003831,
            "current_ratio": 347.98,
            "debt_ratio": 15.74,
            "inventory_turnover_ratio": 1.88,
            "account_receivable_turnover_ratio": 1.58,
            "reinvestment_rate": 0.6,
            "research_to_sale_ratio": null,
            "price_fair": 119.7,
            "eps_avg_yearly": 3.42,
            "eps_latest_yearly": 2.12,
            "eps_growth_yearly": 138.33
        },
        "20093": {
            "year_quarter": 20093,
            "year": 2009,
            "quarter": 3,
            "eps": 0.79,
            "eps_growth_year": -31.9,
            "eps_4q": 2.21,
            "eps_4q_growth_year": -45.8,
            "roe": 2.6,
            "roe_4q": 7.6000000000000005,
            "gross_profit": 471457,
            "gross_margin": 40.77,
            "gross_margin_4q_avg": 39.71,
            "net_income": 158516,
            "net_income_4q": null,
            "revenue": 1156259,
            "revenue_4q": null,
            "common_shares": 2014829,
            "book_valuer_per_share": 30.61,
            "book_valuer_per_share_4q_avg": 30.1,
            "equity": 6166661,
            "current_ratio": 440.85,
            "debt_ratio": 12.47,
            "inventory_turnover_ratio": 1.62,
            "account_receivable_turnover_ratio": 1.59,
            "reinvestment_rate": 0.59,
            "research_to_sale_ratio": null,
            "price_fair": 119.35,
            "eps_avg_yearly": 3.41,
            "eps_latest_yearly": 3.16,
            "eps_growth_yearly": 116.31
        },
        "20094": {
            "year_quarter": 20094,
            "year": 2009,
            "quarter": 4,
            "eps": 0.39,
            "eps_growth_year": 56,
            "eps_4q": 2.44,
            "eps_4q_growth_year": -27.31,
            "roe": 1.27,
            "roe_4q": 8.09,
            "gross_profit": 377569,
            "gross_margin": 39.97,
            "gross_margin_4q_avg": 40.65,
            "net_income": 78730,
            "net_income_4q": null,
            "revenue": 944540,
            "revenue_4q": null,
            "common_shares": 2015015,
            "book_valuer_per_share": 31.12,
            "book_valuer_per_share_4q_avg": 30.48,
            "equity": 6271362,
            "current_ratio": 506.27,
            "debt_ratio": 11.34,
            "inventory_turnover_ratio": 1.23,
            "account_receivable_turnover_ratio": 1.3,
            "reinvestment_rate": 1.03,
            "research_to_sale_ratio": null,
            "price_fair": 114.28,
            "eps_avg_yearly": 3.27,
            "eps_latest_yearly": 1.56,
            "eps_growth_yearly": 99.43
        },
        "20101": {
            "year_quarter": 20101,
            "year": 2010,
            "quarter": 1,
            "eps": 0.62,
            "eps_growth_year": -15.07,
            "eps_4q": 2.32,
            "eps_4q_growth_year": 10.77,
            "roe": 1.97,
            "roe_4q": 7.62,
            "gross_profit": 452978,
            "gross_margin": 38.96,
            "gross_margin_4q_avg": 40.06,
            "net_income": 124884,
            "net_income_4q": null,
            "revenue": 1162670,
            "revenue_4q": null,
            "common_shares": 2018358,
            "book_valuer_per_share": 31.79,
            "book_valuer_per_share_4q_avg": 30.83,
            "equity": 6429031,
            "current_ratio": 454.02,
            "debt_ratio": 13.29,
            "inventory_turnover_ratio": 1.49,
            "account_receivable_turnover_ratio": 3.25,
            "reinvestment_rate": 13.78,
            "research_to_sale_ratio": 15.82,
            "price_fair": 115.85,
            "eps_avg_yearly": 3.31,
            "eps_latest_yearly": 2.48,
            "eps_growth_yearly": 127.84
        },
        "20102": {
            "year_quarter": 20102,
            "year": 2010,
            "quarter": 2,
            "eps": 0.49,
            "eps_growth_year": -7.55,
            "eps_4q": 2.28,
            "eps_4q_growth_year": 9,
            "roe": 1.58,
            "roe_4q": 7.42,
            "gross_profit": 428524,
            "gross_margin": 40.03,
            "gross_margin_4q_avg": 39.93,
            "net_income": 99082,
            "net_income_4q": null,
            "revenue": 1070429,
            "revenue_4q": null,
            "common_shares": 2022110,
            "book_valuer_per_share": 30.34,
            "book_valuer_per_share_4q_avg": 30.97,
            "equity": 6135825,
            "current_ratio": 316.91,
            "debt_ratio": 19.05,
            "inventory_turnover_ratio": 1.16,
            "account_receivable_turnover_ratio": 1.54,
            "reinvestment_rate": 14.74,
            "research_to_sale_ratio": 16.88,
            "price_fair": 117.08,
            "eps_avg_yearly": 3.35,
            "eps_latest_yearly": 1.96,
            "eps_growth_yearly": 127.71
        },
        "20103": {
            "year_quarter": 20103,
            "year": 2010,
            "quarter": 3,
            "eps": 0.23,
            "eps_growth_year": -71.23,
            "eps_4q": 1.72,
            "eps_4q_growth_year": -21.97,
            "roe": 0.75,
            "roe_4q": 5.57,
            "gross_profit": 380138,
            "gross_margin": 38.96,
            "gross_margin_4q_avg": 39.48,
            "net_income": 45963,
            "net_income_4q": null,
            "revenue": 975595,
            "revenue_4q": null,
            "common_shares": 2022110,
            "book_valuer_per_share": 30.63,
            "book_valuer_per_share_4q_avg": 30.97,
            "equity": 6193122,
            "current_ratio": 521.55,
            "debt_ratio": 11.58,
            "inventory_turnover_ratio": 0.95,
            "account_receivable_turnover_ratio": 1.51,
            "reinvestment_rate": 15.8,
            "research_to_sale_ratio": 18.93,
            "price_fair": 108.76,
            "eps_avg_yearly": 3.11,
            "eps_latest_yearly": 0.92,
            "eps_growth_yearly": 55.16
        },
        "20104": {
            "year_quarter": 20104,
            "year": 2010,
            "quarter": 4,
            "eps": 0.17,
            "eps_growth_year": -55.82,
            "eps_4q": 1.5,
            "eps_4q_growth_year": -38.21,
            "roe": 0.56,
            "roe_4q": 4.86,
            "gross_profit": 335115,
            "gross_margin": 35.78,
            "gross_margin_4q_avg": 38.43,
            "net_income": 34903,
            "net_income_4q": null,
            "revenue": 936609,
            "revenue_4q": null,
            "common_shares": 2022230,
            "book_valuer_per_share": 30.85,
            "book_valuer_per_share_4q_avg": 30.9,
            "equity": 6249294,
            "current_ratio": 552.13,
            "debt_ratio": 11.17,
            "inventory_turnover_ratio": 0.96,
            "account_receivable_turnover_ratio": 1.54,
            "reinvestment_rate": 15.77,
            "research_to_sale_ratio": 18.16,
            "price_fair": 107.45,
            "eps_avg_yearly": 3.07,
            "eps_latest_yearly": 0.68,
            "eps_growth_yearly": 66.86
        },
        "20111": {
            "year_quarter": 20111,
            "year": 2011,
            "quarter": 1,
            "eps": 0.41,
            "eps_growth_year": -33.87,
            "eps_4q": 1.3,
            "eps_4q_growth_year": -44.19,
            "roe": 1.31,
            "roe_4q": 4.2,
            "gross_profit": 386270,
            "gross_margin": 37.64,
            "gross_margin_4q_avg": 38.1,
            "net_income": 82692,
            "net_income_4q": null,
            "revenue": 1026157,
            "revenue_4q": null,
            "common_shares": 2025656,
            "book_valuer_per_share": 31.31,
            "book_valuer_per_share_4q_avg": 30.78,
            "equity": 6343083,
            "current_ratio": 466.11,
            "debt_ratio": 13.17,
            "inventory_turnover_ratio": 1.01,
            "account_receivable_turnover_ratio": 1.66,
            "reinvestment_rate": 22.24,
            "research_to_sale_ratio": 15.8,
            "price_fair": 104.3,
            "eps_avg_yearly": 2.98,
            "eps_latest_yearly": 1.64,
            "eps_growth_yearly": 67
        },
        "20112": {
            "year_quarter": 20112,
            "year": 2011,
            "quarter": 2,
            "eps": 0.25,
            "eps_growth_year": -48.89,
            "eps_4q": 1.06,
            "eps_4q_growth_year": -53.63,
            "roe": 0.82,
            "roe_4q": 3.44,
            "gross_profit": 364480,
            "gross_margin": 34.61,
            "gross_margin_4q_avg": 36.75,
            "net_income": 50741,
            "net_income_4q": null,
            "revenue": 1053243,
            "revenue_4q": null,
            "common_shares": 2026167,
            "book_valuer_per_share": 30.1,
            "book_valuer_per_share_4q_avg": 30.72,
            "equity": 6099198,
            "current_ratio": 331.67,
            "debt_ratio": 16.89,
            "inventory_turnover_ratio": 1.06,
            "account_receivable_turnover_ratio": 1.59,
            "reinvestment_rate": 29.46,
            "research_to_sale_ratio": 16.9,
            "price_fair": 95.64,
            "eps_avg_yearly": 2.73,
            "eps_latest_yearly": 1,
            "eps_growth_yearly": 41.98
        },
        "20113": {
            "year_quarter": 20113,
            "year": 2011,
            "quarter": 3,
            "eps": 0.07,
            "eps_growth_year": -69.48,
            "eps_4q": 0.9,
            "eps_4q_growth_year": -47.81,
            "roe": 0.23,
            "roe_4q": 2.9200000000000004,
            "gross_profit": 296763,
            "gross_margin": 31.94,
            "gross_margin_4q_avg": 34.99,
            "net_income": 14062,
            "net_income_4q": null,
            "revenue": 929223,
            "revenue_4q": null,
            "common_shares": 2026167,
            "book_valuer_per_share": 30.22,
            "book_valuer_per_share_4q_avg": 30.62,
            "equity": 6125378,
            "current_ratio": 512.24,
            "debt_ratio": 10.97,
            "inventory_turnover_ratio": 1.05,
            "account_receivable_turnover_ratio": 1.45,
            "reinvestment_rate": 35.25,
            "research_to_sale_ratio": 18.89,
            "price_fair": 51.67,
            "eps_avg_yearly": 2.3,
            "eps_latest_yearly": 0.28,
            "eps_growth_yearly": 12.49
        },
        "20114": {
            "year_quarter": 20114,
            "year": 2011,
            "quarter": 4,
            "eps": -11.95,
            "eps_growth_year": -7033.83,
            "eps_4q": -11.22,
            "eps_4q_growth_year": -845.56,
            "roe": -49.25,
            "roe_4q": -46.89,
            "gross_profit": 310266,
            "gross_margin": 34.04,
            "gross_margin_4q_avg": 34.56,
            "net_income": -2421660,
            "net_income_4q": null,
            "revenue": 911534,
            "revenue_4q": null,
            "common_shares": 2026945,
            "book_valuer_per_share": 18.3,
            "book_valuer_per_share_4q_avg": 27.48,
            "equity": 3709728,
            "current_ratio": 515.97,
            "debt_ratio": 15.45,
            "inventory_turnover_ratio": 1.22,
            "account_receivable_turnover_ratio": 1.65,
            "reinvestment_rate": null,
            "research_to_sale_ratio": 19.94,
            "price_fair": 76.35,
            "eps_avg_yearly": 2.18,
            "eps_latest_yearly": 0.28,
            "eps_growth_yearly": 25.11
        },
        "20121": {
            "year_quarter": 20121,
            "year": 2012,
            "quarter": 1,
            "eps": 0.26,
            "eps_growth_year": -36.59,
            "eps_4q": -11.38,
            "eps_4q_growth_year": -977.69,
            "roe": 1.42,
            "roe_4q": -46.78,
            "gross_profit": 354173,
            "gross_margin": 38.78,
            "gross_margin_4q_avg": 34.84,
            "net_income": 53089,
            "net_income_4q": null,
            "revenue": 913371,
            "revenue_4q": null,
            "common_shares": 2026945,
            "book_valuer_per_share": 18.58,
            "book_valuer_per_share_4q_avg": 24.3,
            "equity": 3762833,
            "current_ratio": 503.42,
            "debt_ratio": 16,
            "inventory_turnover_ratio": 1.33,
            "account_receivable_turnover_ratio": 1.68,
            "reinvestment_rate": null,
            "research_to_sale_ratio": 18.68,
            "price_fair": 64.84,
            "eps_avg_yearly": 2,
            "eps_latest_yearly": 0.28,
            "eps_growth_yearly": 22.37
        },
        "20122": {
            "year_quarter": 20122,
            "year": 2012,
            "quarter": 2,
            "eps": 0.34,
            "eps_growth_year": 35.12,
            "eps_4q": -11.29,
            "eps_4q_growth_year": -1167.37,
            "roe": 1.8,
            "roe_4q": -45.800000000000004,
            "gross_profit": 391255,
            "gross_margin": 40.08,
            "gross_margin_4q_avg": 36.21,
            "net_income": 68520,
            "net_income_4q": null,
            "revenue": 976223,
            "revenue_4q": null,
            "common_shares": 2024945,
            "book_valuer_per_share": 18.96,
            "book_valuer_per_share_4q_avg": 21.52,
            "equity": 3839764,
            "current_ratio": 450.35,
            "debt_ratio": 18.14,
            "inventory_turnover_ratio": 1.28,
            "account_receivable_turnover_ratio": 1.64,
            "reinvestment_rate": null,
            "research_to_sale_ratio": 18.26,
            "price_fair": 64.3,
            "eps_avg_yearly": 1.84,
            "eps_latest_yearly": 1.36,
            "eps_growth_yearly": 37.27
        },
        "20123": {
            "year_quarter": 20123,
            "year": 2012,
            "quarter": 3,
            "eps": 0.3,
            "eps_growth_year": 326.46,
            "eps_4q": -10.87,
            "eps_4q_growth_year": -1308.11,
            "roe": 1.57,
            "roe_4q": -44.46,
            "gross_profit": 395186,
            "gross_margin": 41.22,
            "gross_margin_4q_avg": 38.53,
            "net_income": 60936,
            "net_income_4q": null,
            "revenue": 958755,
            "revenue_4q": null,
            "common_shares": 2059645,
            "book_valuer_per_share": 19.16,
            "book_valuer_per_share_4q_avg": 18.75,
            "equity": 3945935,
            "current_ratio": 538.54,
            "debt_ratio": 15.63,
            "inventory_turnover_ratio": 1.24,
            "account_receivable_turnover_ratio": 1.57,
            "reinvestment_rate": null,
            "research_to_sale_ratio": 19.25,
            "price_fair": 55.7,
            "eps_avg_yearly": 1.59,
            "eps_latest_yearly": 1.2,
            "eps_growth_yearly": 26.46
        },
        "20124": {
            "year_quarter": 20124,
            "year": 2012,
            "quarter": 4,
            "eps": 0.16,
            "eps_growth_year": null,
            "eps_4q": 1.05,
            "eps_4q_growth_year": null,
            "roe": 0.84,
            "roe_4q": 5.63,
            "gross_profit": 330979,
            "gross_margin": 40.94,
            "gross_margin_4q_avg": 40.26,
            "net_income": 33156,
            "net_income_4q": null,
            "revenue": 808453,
            "revenue_4q": null,
            "common_shares": 2059645,
            "book_valuer_per_share": 19.36,
            "book_valuer_per_share_4q_avg": 19.02,
            "equity": 3986477,
            "current_ratio": 513.65,
            "debt_ratio": 16.64,
            "inventory_turnover_ratio": 1.06,
            "account_receivable_turnover_ratio": 1.42,
            "reinvestment_rate": null,
            "research_to_sale_ratio": 22.11,
            "price_fair": 54.8,
            "eps_avg_yearly": 1.57,
            "eps_latest_yearly": 0.64,
            "eps_growth_yearly": 35.54
        },
        "20131": {
            "year_quarter": 20131,
            "year": 2013,
            "quarter": 1,
            "eps": 0.16,
            "eps_growth_year": -38.46,
            "eps_4q": 0.95,
            "eps_4q_growth_year": null,
            "roe": 0.81,
            "roe_4q": 5.02,
            "gross_profit": 323535,
            "gross_margin": 39.76,
            "gross_margin_4q_avg": 40.5,
            "net_income": 32359,
            "net_income_4q": null,
            "revenue": 813803,
            "revenue_4q": null,
            "common_shares": 2059645,
            "book_valuer_per_share": 19.43,
            "book_valuer_per_share_4q_avg": 19.23,
            "equity": 4000343,
            "current_ratio": 493.2,
            "debt_ratio": 18.02,
            "inventory_turnover_ratio": 1.01,
            "account_receivable_turnover_ratio": 1.43,
            "reinvestment_rate": null,
            "research_to_sale_ratio": 20.71,
            "price_fair": 4.21,
            "eps_avg_yearly": 1.4,
            "eps_latest_yearly": 0.64,
            "eps_growth_yearly": -19.32
        },
        "20132": {
            "year_quarter": 20132,
            "year": 2013,
            "quarter": 2,
            "eps": 0.21,
            "eps_growth_year": -37.94,
            "eps_4q": 0.82,
            "eps_4q_growth_year": null,
            "roe": 1.08,
            "roe_4q": 4.3,
            "gross_profit": 367811,
            "gross_margin": 41.17,
            "gross_margin_4q_avg": 40.77,
            "net_income": 42186,
            "net_income_4q": null,
            "revenue": 893334,
            "revenue_4q": null,
            "common_shares": 2059045,
            "book_valuer_per_share": 18.5,
            "book_valuer_per_share_4q_avg": 19.11,
            "equity": 3806882,
            "current_ratio": 368.06,
            "debt_ratio": 23.68,
            "inventory_turnover_ratio": 1.08,
            "account_receivable_turnover_ratio": 1.41,
            "reinvestment_rate": null,
            "research_to_sale_ratio": 20.03,
            "price_fair": 3.93,
            "eps_avg_yearly": 1.31,
            "eps_latest_yearly": 0.84,
            "eps_growth_yearly": -2.57
        },
        "20133": {
            "year_quarter": 20133,
            "year": 2013,
            "quarter": 3,
            "eps": 0.53,
            "eps_growth_year": 79.14,
            "eps_4q": 1.29,
            "eps_4q_growth_year": null,
            "roe": 2.52,
            "roe_4q": 5.25,
            "gross_profit": 387475,
            "gross_margin": 40.84,
            "gross_margin_4q_avg": 40.68,
            "net_income": 90543,
            "net_income_4q": null,
            "revenue": 948681,
            "revenue_4q": null,
            "common_shares": 1538034,
            "book_valuer_per_share": 21.99,
            "book_valuer_per_share_4q_avg": 19.82,
            "equity": 3382336,
            "current_ratio": 281.34,
            "debt_ratio": 30.06,
            "inventory_turnover_ratio": 1.22,
            "account_receivable_turnover_ratio": 1.4,
            "reinvestment_rate": null,
            "research_to_sale_ratio": 16.85,
            "price_fair": 43.3,
            "eps_avg_yearly": 1.24,
            "eps_latest_yearly": 2.12,
            "eps_growth_yearly": 26.96
        },
        "20134": {
            "year_quarter": 20134,
            "year": 2013,
            "quarter": 4,
            "eps": 0.36,
            "eps_growth_year": 125.99,
            "eps_4q": 1.44,
            "eps_4q_growth_year": 37.26,
            "roe": 1.63,
            "roe_4q": 6.040000000000001,
            "gross_profit": 344723,
            "gross_margin": 38.08,
            "gross_margin_4q_avg": 39.96,
            "net_income": 55935,
            "net_income_4q": null,
            "revenue": 905294,
            "revenue_4q": null,
            "common_shares": 1538034,
            "book_valuer_per_share": 22.56,
            "book_valuer_per_share_4q_avg": 20.62,
            "equity": 3468118,
            "current_ratio": 398.78,
            "debt_ratio": 21.59,
            "inventory_turnover_ratio": 1.34,
            "account_receivable_turnover_ratio": 1.31,
            "reinvestment_rate": null,
            "research_to_sale_ratio": 17.01,
            "price_fair": 43,
            "eps_avg_yearly": 1.23,
            "eps_latest_yearly": 1.44,
            "eps_growth_yearly": 32.26
        },
        "20141": {
            "year_quarter": 20141,
            "year": 2014,
            "quarter": 1,
            "eps": 0.65,
            "eps_growth_year": 306.25,
            "eps_4q": 1.86,
            "eps_4q_growth_year": 96.85,
            "roe": 2.78,
            "roe_4q": 8.01,
            "gross_profit": 389319,
            "gross_margin": 46.31,
            "gross_margin_4q_avg": 41.6,
            "net_income": 97898,
            "net_income_4q": null,
            "revenue": 840711,
            "revenue_4q": null,
            "common_shares": 1537517,
            "book_valuer_per_share": 23.23,
            "book_valuer_per_share_4q_avg": 21.57,
            "equity": 3571260,
            "current_ratio": 437.84,
            "debt_ratio": 20.01,
            "inventory_turnover_ratio": 1.17,
            "account_receivable_turnover_ratio": 1.3,
            "reinvestment_rate": null,
            "research_to_sale_ratio": 19.25,
            "price_fair": 43.3,
            "eps_avg_yearly": 1.24,
            "eps_latest_yearly": 2.6,
            "eps_growth_yearly": 38.42
        },
        "20142": {
            "year_quarter": 20142,
            "year": 2014,
            "quarter": 2,
            "eps": 0.73,
            "eps_growth_year": 247.62,
            "eps_4q": 2.26,
            "eps_4q_growth_year": 175.68,
            "roe": 3.14,
            "roe_4q": 10.07,
            "gross_profit": 425355,
            "gross_margin": 45.83,
            "gross_margin_4q_avg": 42.77,
            "net_income": 111336,
            "net_income_4q": null,
            "revenue": 928084,
            "revenue_4q": null,
            "common_shares": 1537517,
            "book_valuer_per_share": 22.74,
            "book_valuer_per_share_4q_avg": 22.63,
            "equity": 3521296,
            "current_ratio": 340.66,
            "debt_ratio": 25.07,
            "inventory_turnover_ratio": 1.3,
            "account_receivable_turnover_ratio": 1.47,
            "reinvestment_rate": null,
            "research_to_sale_ratio": 16.32,
            "price_fair": 45.7,
            "eps_avg_yearly": 1.31,
            "eps_latest_yearly": 2.92,
            "eps_growth_yearly": 47.93
        },
        "20143": {
            "year_quarter": 20143,
            "year": 2014,
            "quarter": 3,
            "eps": 0.82,
            "eps_growth_year": 54.72,
            "eps_4q": 2.47,
            "eps_4q_growth_year": 91.76,
            "roe": 3.5,
            "roe_4q": 11.05,
            "gross_profit": 426229,
            "gross_margin": 45.27,
            "gross_margin_4q_avg": 43.87,
            "net_income": 125958,
            "net_income_4q": null,
            "revenue": 941480,
            "revenue_4q": null,
            "common_shares": 1578192,
            "book_valuer_per_share": 23.28,
            "book_valuer_per_share_4q_avg": 22.95,
            "equity": 3675904,
            "current_ratio": 420.28,
            "debt_ratio": 21.02,
            "inventory_turnover_ratio": 1.29,
            "account_receivable_turnover_ratio": 1.44,
            "reinvestment_rate": null,
            "research_to_sale_ratio": 16.01,
            "price_fair": 51.6,
            "eps_avg_yearly": 1.47,
            "eps_latest_yearly": 3.28,
            "eps_growth_yearly": 66.61
        },
        "20144": {
            "year_quarter": 20144,
            "year": 2014,
            "quarter": 4,
            "eps": 0.21,
            "eps_growth_year": -42.87,
            "eps_4q": 2.33,
            "eps_4q_growth_year": 62.04,
            "roe": 0.89,
            "roe_4q": 10.309999999999999,
            "gross_profit": 329335,
            "gross_margin": 45.07,
            "gross_margin_4q_avg": 45.62,
            "net_income": 32837,
            "net_income_4q": null,
            "revenue": 730690,
            "revenue_4q": null,
            "common_shares": 1578783,
            "book_valuer_per_share": 23.48,
            "book_valuer_per_share_4q_avg": 23.18,
            "equity": 3707714,
            "current_ratio": 475.96,
            "debt_ratio": 19.14,
            "inventory_turnover_ratio": 1,
            "account_receivable_turnover_ratio": 1.24,
            "reinvestment_rate": null,
            "research_to_sale_ratio": 21.14,
            "price_fair": 52,
            "eps_avg_yearly": 1.49,
            "eps_latest_yearly": 0.84,
            "eps_growth_yearly": 52.81
        },
        "20151": {
            "year_quarter": 20151,
            "year": 2015,
            "quarter": 1,
            "eps": 0.62,
            "eps_growth_year": -4.62,
            "eps_4q": 2.32,
            "eps_4q_growth_year": 24.51,
            "roe": 2.57,
            "roe_4q": 10.1,
            "gross_profit": 381135,
            "gross_margin": 48.09,
            "gross_margin_4q_avg": 46.07,
            "net_income": 96618,
            "net_income_4q": null,
            "revenue": 792555,
            "revenue_4q": null,
            "common_shares": 1578933,
            "book_valuer_per_share": 24.16,
            "book_valuer_per_share_4q_avg": 23.42,
            "equity": 3815216,
            "current_ratio": 483.04,
            "debt_ratio": 18.89,
            "inventory_turnover_ratio": 1.03,
            "account_receivable_turnover_ratio": 1.5,
            "reinvestment_rate": null,
            "research_to_sale_ratio": 19.02,
            "price_fair": 54.1,
            "eps_avg_yearly": 1.55,
            "eps_latest_yearly": 2.48,
            "eps_growth_yearly": 68.26
        },
        "20152": {
            "year_quarter": 20152,
            "year": 2015,
            "quarter": 2,
            "eps": 0.23,
            "eps_growth_year": -68.49,
            "eps_4q": 1.85,
            "eps_4q_growth_year": -18.2,
            "roe": 0.99,
            "roe_4q": 7.949999999999999,
            "gross_profit": 336816,
            "gross_margin": 48.55,
            "gross_margin_4q_avg": 46.75,
            "net_income": 36364,
            "net_income_4q": null,
            "revenue": 693784,
            "revenue_4q": null,
            "common_shares": 1579253,
            "book_valuer_per_share": 22.53,
            "book_valuer_per_share_4q_avg": 23.36,
            "equity": 3557298,
            "current_ratio": 366.02,
            "debt_ratio": 24.25,
            "inventory_turnover_ratio": 0.93,
            "account_receivable_turnover_ratio": 1.38,
            "reinvestment_rate": null,
            "research_to_sale_ratio": 21.95,
            "price_fair": 53.9,
            "eps_avg_yearly": 1.54,
            "eps_latest_yearly": 0.92,
            "eps_growth_yearly": 61.44
        },
        "20153": {
            "year_quarter": 20153,
            "year": 2015,
            "quarter": 3,
            "eps": 0.74,
            "eps_growth_year": -9.76,
            "eps_4q": 1.81,
            "eps_4q_growth_year": -26.7,
            "roe": 3.19,
            "roe_4q": 7.64,
            "gross_profit": 391964,
            "gross_margin": 48.35,
            "gross_margin_4q_avg": 47.52,
            "net_income": 114115,
            "net_income_4q": null,
            "revenue": 810691,
            "revenue_4q": null,
            "common_shares": 1578903,
            "book_valuer_per_share": 23.27,
            "book_valuer_per_share_4q_avg": 23.36,
            "equity": 3595067,
            "current_ratio": 484.09,
            "debt_ratio": 18.81,
            "inventory_turnover_ratio": 1.2,
            "account_receivable_turnover_ratio": 1.45,
            "reinvestment_rate": null,
            "research_to_sale_ratio": 18.5,
            "price_fair": 60.6,
            "eps_avg_yearly": 1.73,
            "eps_latest_yearly": 2.96,
            "eps_growth_yearly": 145.36
        },
        "20154": {
            "year_quarter": 20154,
            "year": 2015,
            "quarter": 4,
            "eps": 0.59,
            "eps_growth_year": 184.34,
            "eps_4q": 2.19,
            "eps_4q_growth_year": -5.91,
            "roe": 2.5,
            "roe_4q": 9.25,
            "gross_profit": 393555,
            "gross_margin": 49.98,
            "gross_margin_4q_avg": 48.74,
            "net_income": 91220,
            "net_income_4q": null,
            "revenue": 787389,
            "revenue_4q": null,
            "common_shares": 1578743,
            "book_valuer_per_share": 23.96,
            "book_valuer_per_share_4q_avg": 23.48,
            "equity": 3698029,
            "current_ratio": 455.02,
            "debt_ratio": 19.88,
            "inventory_turnover_ratio": 1.14,
            "account_receivable_turnover_ratio": 1.33,
            "reinvestment_rate": -5.7,
            "research_to_sale_ratio": 20.93,
            "price_fair": 62.07,
            "eps_avg_yearly": 1.77,
            "eps_latest_yearly": 2.36,
            "eps_growth_yearly": 130.27
        },
        "20161": {
            "year_quarter": 20161,
            "year": 2016,
            "quarter": 1,
            "eps": 0.49,
            "eps_growth_year": -20.97,
            "eps_4q": 2.05,
            "eps_4q_growth_year": -11.65,
            "roe": 2,
            "roe_4q": 8.68,
            "gross_profit": 378372,
            "gross_margin": 51.63,
            "gross_margin_4q_avg": 49.63,
            "net_income": 74783,
            "net_income_4q": null,
            "revenue": 732787,
            "revenue_4q": null,
            "common_shares": 1578743,
            "book_valuer_per_share": 24.53,
            "book_valuer_per_share_4q_avg": 23.57,
            "equity": 3786497,
            "current_ratio": 483.21,
            "debt_ratio": 18.81,
            "inventory_turnover_ratio": 0.93,
            "account_receivable_turnover_ratio": 1.45,
            "reinvestment_rate": -5.55,
            "research_to_sale_ratio": 22.58,
            "price_fair": 62.48,
            "eps_avg_yearly": 1.79,
            "eps_latest_yearly": 1.96,
            "eps_growth_yearly": 117.89
        },
        "20162": {
            "year_quarter": 20162,
            "year": 2016,
            "quarter": 2,
            "eps": 0.57,
            "eps_growth_year": 147.83,
            "eps_4q": 2.38,
            "eps_4q_growth_year": 28.63,
            "roe": 2.36,
            "roe_4q": 10.049999999999999,
            "gross_profit": 380893,
            "gross_margin": 49.87,
            "gross_margin_4q_avg": 49.96,
            "net_income": 86748,
            "net_income_4q": null,
            "revenue": 763814,
            "revenue_4q": null,
            "common_shares": 1578743,
            "book_valuer_per_share": 23.19,
            "book_valuer_per_share_4q_avg": 23.74,
            "equity": 3579261,
            "current_ratio": 352.04,
            "debt_ratio": 25.19,
            "inventory_turnover_ratio": 0.97,
            "account_receivable_turnover_ratio": 1.59,
            "reinvestment_rate": -4.69,
            "research_to_sale_ratio": 20.25,
            "price_fair": 64.49,
            "eps_avg_yearly": 1.84,
            "eps_latest_yearly": 2.28,
            "eps_growth_yearly": 114.28
        },
        "20163": {
            "year_quarter": 20163,
            "year": 2016,
            "quarter": 3,
            "eps": 0.87,
            "eps_growth_year": 17.57,
            "eps_4q": 2.5,
            "eps_4q_growth_year": 37.97,
            "roe": 3.65,
            "roe_4q": 10.51,
            "gross_profit": 429046,
            "gross_margin": 49.07,
            "gross_margin_4q_avg": 50.14,
            "net_income": 133130,
            "net_income_4q": null,
            "revenue": 874367,
            "revenue_4q": null,
            "common_shares": 1578743,
            "book_valuer_per_share": 24.07,
            "book_valuer_per_share_4q_avg": 23.94,
            "equity": 3715543,
            "current_ratio": 482.41,
            "debt_ratio": 18.9,
            "inventory_turnover_ratio": 1.28,
            "account_receivable_turnover_ratio": 1.55,
            "reinvestment_rate": -4.6,
            "research_to_sale_ratio": 17.86,
            "price_fair": 69.48,
            "eps_avg_yearly": 1.99,
            "eps_latest_yearly": 3.48,
            "eps_growth_yearly": 130.38
        },
        "20164": {
            "year_quarter": 20164,
            "year": 2016,
            "quarter": 4,
            "eps": 0.45,
            "eps_growth_year": -24.02,
            "eps_4q": 2.36,
            "eps_4q_growth_year": 7.58,
            "roe": 1.84,
            "roe_4q": 9.85,
            "gross_profit": 376047,
            "gross_margin": 49.73,
            "gross_margin_4q_avg": 50.08,
            "net_income": 69030,
            "net_income_4q": null,
            "revenue": 756223,
            "revenue_4q": null,
            "common_shares": 1578743,
            "book_valuer_per_share": 24.58,
            "book_valuer_per_share_4q_avg": 24.09,
            "equity": 3796157,
            "current_ratio": 457.54,
            "debt_ratio": 19.37,
            "inventory_turnover_ratio": 1.23,
            "account_receivable_turnover_ratio": 1.33,
            "reinvestment_rate": 11.32,
            "research_to_sale_ratio": 20.96,
            "price_fair": 72.01,
            "eps_avg_yearly": 2.06,
            "eps_latest_yearly": 1.8,
            "eps_growth_yearly": 129.97
        },
        "20171": {
            "year_quarter": 20171,
            "year": 2017,
            "quarter": 1,
            "eps": 0.56,
            "eps_growth_year": 14.29,
            "eps_4q": 2.39,
            "eps_4q_growth_year": 16.74,
            "roe": 2.27,
            "roe_4q": 10.12,
            "gross_profit": 372318,
            "gross_margin": 50.4,
            "gross_margin_4q_avg": 49.77,
            "net_income": 88208,
            "net_income_4q": null,
            "revenue": 738742,
            "revenue_4q": null,
            "common_shares": 1578743,
            "book_valuer_per_share": 25.14,
            "book_valuer_per_share_4q_avg": 24.25,
            "equity": 3971689,
            "current_ratio": 471.23,
            "debt_ratio": 18.14,
            "inventory_turnover_ratio": 1.2,
            "account_receivable_turnover_ratio": 1.55,
            "reinvestment_rate": 26.25,
            "research_to_sale_ratio": 19.61,
            "price_fair": 75.51,
            "eps_avg_yearly": 2.16,
            "eps_latest_yearly": 2.24,
            "eps_growth_yearly": 136.08
        },
        "20172": {
            "year_quarter": 20172,
            "year": 2017,
            "quarter": 2,
            "eps": 0.59,
            "eps_growth_year": 3.51,
            "eps_4q": 2.39,
            "eps_4q_growth_year": 0.39,
            "roe": 2.46,
            "roe_4q": 10.22,
            "gross_profit": 385121,
            "gross_margin": 51.71,
            "gross_margin_4q_avg": 50.23,
            "net_income": 93581,
            "net_income_4q": null,
            "revenue": 744821,
            "revenue_4q": null,
            "common_shares": 1613743,
            "book_valuer_per_share": 22.45,
            "book_valuer_per_share_4q_avg": 24.06,
            "equity": 3625156,
            "current_ratio": 292.55,
            "debt_ratio": 28.14,
            "inventory_turnover_ratio": 1.22,
            "account_receivable_turnover_ratio": 1.6,
            "reinvestment_rate": 25.45,
            "research_to_sale_ratio": 20.15,
            "price_fair": 78.84,
            "eps_avg_yearly": 2.25,
            "eps_latest_yearly": 2.36,
            "eps_growth_yearly": 129.61
        },
        "20173": {
            "year_quarter": 20173,
            "year": 2017,
            "quarter": 3,
            "eps": 0.81,
            "eps_growth_year": -6.9,
            "eps_4q": 2.35,
            "eps_4q_growth_year": -6.03,
            "roe": 3.43,
            "roe_4q": 10,
            "gross_profit": 438983,
            "gross_margin": 50.21,
            "gross_margin_4q_avg": 50.51,
            "net_income": 126808,
            "net_income_4q": null,
            "revenue": 874297,
            "revenue_4q": null,
            "common_shares": 1613743,
            "book_valuer_per_share": 23.38,
            "book_valuer_per_share_4q_avg": 23.89,
            "equity": 3774462,
            "current_ratio": 425.26,
            "debt_ratio": 19.67,
            "inventory_turnover_ratio": 1.54,
            "account_receivable_turnover_ratio": 1.64,
            "reinvestment_rate": 23.34,
            "research_to_sale_ratio": 19.46,
            "price_fair": 81.29,
            "eps_avg_yearly": 2.32,
            "eps_latest_yearly": 3.24,
            "eps_growth_yearly": 100.84
        },
        "20174": {
            "year_quarter": 20174,
            "year": 2017,
            "quarter": 4,
            "eps": 0.49,
            "eps_growth_year": 10.08,
            "eps_4q": 2.41,
            "eps_4q_growth_year": 2.38,
            "roe": 2.06,
            "roe_4q": 10.22,
            "gross_profit": 415339,
            "gross_margin": 50.94,
            "gross_margin_4q_avg": 50.82,
            "net_income": 78564,
            "net_income_4q": null,
            "revenue": 815270,
            "revenue_4q": null,
            "common_shares": 1613743,
            "book_valuer_per_share": 23.9,
            "book_valuer_per_share_4q_avg": 23.72,
            "equity": 3858073,
            "current_ratio": 392.53,
            "debt_ratio": 21.22,
            "inventory_turnover_ratio": 1.34,
            "account_receivable_turnover_ratio": 1.49,
            "reinvestment_rate": 20.81,
            "research_to_sale_ratio": 20.49,
            "price_fair": 82.43,
            "eps_avg_yearly": 2.36,
            "eps_latest_yearly": 1.96,
            "eps_growth_yearly": 98.98
        },
        "20181": {
            "year_quarter": 20181,
            "year": 2018,
            "quarter": 1,
            "eps": 0.68,
            "eps_growth_year": 21.43,
            "eps_4q": 2.53,
            "eps_4q_growth_year": 5.73,
            "roe": 2.74,
            "roe_4q": 10.690000000000001,
            "gross_profit": 417461,
            "gross_margin": 52.24,
            "gross_margin_4q_avg": 51.28,
            "net_income": 107200,
            "net_income_4q": null,
            "revenue": 799096,
            "revenue_4q": null,
            "common_shares": 1613213,
            "book_valuer_per_share": 24.58,
            "book_valuer_per_share_4q_avg": 23.58,
            "equity": 3966084,
            "current_ratio": 408.12,
            "debt_ratio": 19.61,
            "inventory_turnover_ratio": 1.16,
            "account_receivable_turnover_ratio": 1.73,
            "reinvestment_rate": 6.74,
            "research_to_sale_ratio": 21.02,
            "price_fair": 82.69,
            "eps_avg_yearly": 2.36,
            "eps_latest_yearly": 2.72,
            "eps_growth_yearly": 88.54
        },
        "20182": {
            "year_quarter": 20182,
            "year": 2018,
            "quarter": 2,
            "eps": 0.74,
            "eps_growth_year": 25.42,
            "eps_4q": 2.67,
            "eps_4q_growth_year": 11.9,
            "roe": 3.04,
            "roe_4q": 11.27,
            "gross_profit": 441064,
            "gross_margin": 53.69,
            "gross_margin_4q_avg": 51.77,
            "net_income": 116237,
            "net_income_4q": null,
            "revenue": 821457,
            "revenue_4q": null,
            "common_shares": 1612753,
            "book_valuer_per_share": 22.83,
            "book_valuer_per_share_4q_avg": 23.67,
            "equity": 3682617,
            "current_ratio": 274.61,
            "debt_ratio": 27.69,
            "inventory_turnover_ratio": 1.11,
            "account_receivable_turnover_ratio": 1.86,
            "reinvestment_rate": 6.9,
            "research_to_sale_ratio": 21.81,
            "price_fair": 82.78,
            "eps_avg_yearly": 2.37,
            "eps_latest_yearly": 2.96,
            "eps_growth_yearly": 87.66
        },
        "20183": {
            "year_quarter": 20183,
            "year": 2018,
            "quarter": 3,
            "eps": 1.17,
            "eps_growth_year": 44.44,
            "eps_4q": 3.03,
            "eps_4q_growth_year": 29.02,
            "roe": 4.92,
            "roe_4q": 12.76,
            "gross_profit": 529544,
            "gross_margin": 53.85,
            "gross_margin_4q_avg": 52.68,
            "net_income": 185245,
            "net_income_4q": null,
            "revenue": 983375,
            "revenue_4q": null,
            "common_shares": 1612508,
            "book_valuer_per_share": 23.83,
            "book_valuer_per_share_4q_avg": 23.79,
            "equity": 3843959,
            "current_ratio": 352.13,
            "debt_ratio": 21.82,
            "inventory_turnover_ratio": 1.24,
            "account_receivable_turnover_ratio": 1.86,
            "reinvestment_rate": 8.28,
            "research_to_sale_ratio": 17.99,
            "price_fair": 85.84,
            "eps_avg_yearly": 2.45,
            "eps_latest_yearly": 4.68,
            "eps_growth_yearly": 99.11
        },
        "20184": {
            "year_quarter": 20184,
            "year": 2018,
            "quarter": 4,
            "eps": 0.48,
            "eps_growth_year": -2.1,
            "eps_4q": 3.02,
            "eps_4q_growth_year": 25.11,
            "roe": 2.02,
            "roe_4q": 12.72,
            "gross_profit": 384599,
            "gross_margin": 50.66,
            "gross_margin_4q_avg": 52.61,
            "net_income": 77948,
            "net_income_4q": null,
            "revenue": 759215,
            "revenue_4q": null,
            "common_shares": 1612403,
            "book_valuer_per_share": 23.95,
            "book_valuer_per_share_4q_avg": 23.8,
            "equity": 3863115,
            "current_ratio": 357.44,
            "debt_ratio": 21.78,
            "inventory_turnover_ratio": 0.91,
            "account_receivable_turnover_ratio": 1.46,
            "reinvestment_rate": 11.27,
            "research_to_sale_ratio": 22.28,
            "price_fair": 88.2,
            "eps_avg_yearly": 2.52,
            "eps_latest_yearly": 1.92,
            "eps_growth_yearly": 102.96
        },
        "20191": {
            "year_quarter": 20191,
            "year": 2019,
            "quarter": 1,
            "eps": 0.51,
            "eps_growth_year": -25,
            "eps_4q": 2.86,
            "eps_4q_growth_year": 12.94,
            "roe": 2.06,
            "roe_4q": 12.04,
            "gross_profit": 391740,
            "gross_margin": 53.34,
            "gross_margin_4q_avg": 52.89,
            "net_income": 80698,
            "net_income_4q": null,
            "revenue": 734363,
            "revenue_4q": null,
            "common_shares": 1611073,
            "book_valuer_per_share": 24.59,
            "book_valuer_per_share_4q_avg": 23.8,
            "equity": 3962580,
            "current_ratio": 401.49,
            "debt_ratio": 21.09,
            "inventory_turnover_ratio": 0.78,
            "account_receivable_turnover_ratio": 1.77,
            "reinvestment_rate": 11.05,
            "research_to_sale_ratio": 22.33,
            "price_fair": 87.24,
            "eps_avg_yearly": 2.49,
            "eps_latest_yearly": 2.04,
            "eps_growth_yearly": 55.72
        },
        "20192": {
            "year_quarter": 20192,
            "year": 2019,
            "quarter": 2,
            "eps": 0.9,
            "eps_growth_year": 21.62,
            "eps_4q": 3.02,
            "eps_4q_growth_year": 13.21,
            "roe": 3.73,
            "roe_4q": 12.73,
            "gross_profit": 473515,
            "gross_margin": 53.89,
            "gross_margin_4q_avg": 52.94,
            "net_income": 142718,
            "net_income_4q": null,
            "revenue": 878635,
            "revenue_4q": null,
            "common_shares": 1610933,
            "book_valuer_per_share": 22.87,
            "book_valuer_per_share_4q_avg": 23.81,
            "equity": 3685645,
            "current_ratio": 272.11,
            "debt_ratio": 29.52,
            "inventory_turnover_ratio": 0.98,
            "account_receivable_turnover_ratio": 2.04,
            "reinvestment_rate": 9.78,
            "research_to_sale_ratio": 19.02,
            "price_fair": 93.1,
            "eps_avg_yearly": 2.66,
            "eps_latest_yearly": 3.6,
            "eps_growth_yearly": 90.56
        },
        "20193": {
            "year_quarter": 20193,
            "year": 2019,
            "quarter": 3,
            "eps": 1.13,
            "eps_growth_year": -3.42,
            "eps_4q": 3,
            "eps_4q_growth_year": -1.16,
            "roe": 4.76,
            "roe_4q": 12.57,
            "gross_profit": 555138,
            "gross_margin": 51.85,
            "gross_margin_4q_avg": 52.44,
            "net_income": 180021,
            "net_income_4q": null,
            "revenue": 1070653,
            "revenue_4q": null,
            "common_shares": 1610933,
            "book_valuer_per_share": 24.07,
            "book_valuer_per_share_4q_avg": 23.87,
            "equity": 3877259,
            "current_ratio": 344.08,
            "debt_ratio": 23.73,
            "inventory_turnover_ratio": 1.39,
            "account_receivable_turnover_ratio": 1.82,
            "reinvestment_rate": 9.27,
            "research_to_sale_ratio": 16.42,
            "price_fair": 96.51,
            "eps_avg_yearly": 2.76,
            "eps_latest_yearly": 4.52,
            "eps_growth_yearly": 41.51
        },
        "20194": {
            "year_quarter": 20194,
            "year": 2019,
            "quarter": 4,
            "eps": 0.84,
            "eps_growth_year": 72.9,
            "eps_4q": 3.35,
            "eps_4q_growth_year": 10.86,
            "roe": 3.4,
            "roe_4q": 13.950000000000001,
            "gross_profit": 505499,
            "gross_margin": 51.52,
            "gross_margin_4q_avg": 52.65,
            "net_income": 134629,
            "net_income_4q": null,
            "revenue": 981259,
            "revenue_4q": null,
            "common_shares": 1610801,
            "book_valuer_per_share": 25.06,
            "book_valuer_per_share_4q_avg": 24.15,
            "equity": 4036635,
            "current_ratio": 321.06,
            "debt_ratio": 24.67,
            "inventory_turnover_ratio": 1.37,
            "account_receivable_turnover_ratio": 1.53,
            "reinvestment_rate": 8.94,
            "research_to_sale_ratio": 19.76,
            "price_fair": 98.7,
            "eps_avg_yearly": 2.82,
            "eps_latest_yearly": 3.36,
            "eps_growth_yearly": 40.17
        },
        "20201": {
            "year_quarter": 20201,
            "year": 2020,
            "quarter": 1,
            "eps": 0.79,
            "eps_growth_year": 54.9,
            "eps_4q": 3.63,
            "eps_4q_growth_year": 26.95,
            "roe": 3.09,
            "roe_4q": 14.98,
            "gross_profit": 439142,
            "gross_margin": 52.01,
            "gross_margin_4q_avg": 52.32,
            "net_income": 125955,
            "net_income_4q": null,
            "revenue": 844362,
            "revenue_4q": null,
            "common_shares": 1610801,
            "book_valuer_per_share": 25.48,
            "book_valuer_per_share_4q_avg": 24.37,
            "equity": 4104497,
            "current_ratio": 337.86,
            "debt_ratio": 23.9,
            "inventory_turnover_ratio": 1.09,
            "account_receivable_turnover_ratio": 1.62,
            "reinvestment_rate": 8.38,
            "research_to_sale_ratio": 19.46,
            "price_fair": 101.33,
            "eps_avg_yearly": 2.9,
            "eps_latest_yearly": 3.16,
            "eps_growth_yearly": 42.91
        },
        "20202": {
            "year_quarter": 20202,
            "year": 2020,
            "quarter": 2,
            "eps": 1.47,
            "eps_growth_year": 63.33,
            "eps_4q": 4.2,
            "eps_4q_growth_year": 39,
            "roe": 5.89,
            "roe_4q": 17.14,
            "gross_profit": 599908,
            "gross_margin": 51.91,
            "gross_margin_4q_avg": 51.82,
            "net_income": 235085,
            "net_income_4q": null,
            "revenue": 1155713,
            "revenue_4q": null,
            "common_shares": 1610801,
            "book_valuer_per_share": 24.09,
            "book_valuer_per_share_4q_avg": 24.68,
            "equity": 3881410,
            "current_ratio": 232.75,
            "debt_ratio": 33.24,
            "inventory_turnover_ratio": 1.37,
            "account_receivable_turnover_ratio": 1.99,
            "reinvestment_rate": 8.24,
            "research_to_sale_ratio": 16.18,
            "price_fair": 109.2,
            "eps_avg_yearly": 3.12,
            "eps_latest_yearly": 5.88,
            "eps_growth_yearly": 60.35
        },
        "20203": {
            "year_quarter": 20203,
            "year": 2020,
            "quarter": 3,
            "eps": 2.06,
            "eps_growth_year": 82.3,
            "eps_4q": 5.14,
            "eps_4q_growth_year": 71.41,
            "roe": 8.06,
            "roe_4q": 20.439999999999998,
            "gross_profit": 753487,
            "gross_margin": 51.63,
            "gross_margin_4q_avg": 51.77,
            "net_income": 331347,
            "net_income_4q": null,
            "revenue": 1459320,
            "revenue_4q": null,
            "common_shares": 1610801,
            "book_valuer_per_share": 26.94,
            "book_valuer_per_share_4q_avg": 25.39,
            "equity": 4339204,
            "current_ratio": 302.12,
            "debt_ratio": 25.29,
            "inventory_turnover_ratio": 1.65,
            "account_receivable_turnover_ratio": 1.91,
            "reinvestment_rate": 12.17,
            "research_to_sale_ratio": 13.8,
            "price_fair": 119.61,
            "eps_avg_yearly": 3.42,
            "eps_latest_yearly": 8.24,
            "eps_growth_yearly": 57.23
        },
        "20204": {
            "year_quarter": 20204,
            "year": 2020,
            "quarter": 4,
            "eps": 1.51,
            "eps_growth_year": 80.37,
            "eps_4q": 5.81,
            "eps_4q_growth_year": 73.45,
            "roe": 5.31,
            "roe_4q": 22.35,
            "gross_profit": 665730,
            "gross_margin": 49.01,
            "gross_margin_4q_avg": 51.14,
            "net_income": 243089,
            "net_income_4q": null,
            "revenue": 1358434,
            "revenue_4q": null,
            "common_shares": 1610801,
            "book_valuer_per_share": 29.86,
            "book_valuer_per_share_4q_avg": 26.59,
            "equity": 4809398,
            "current_ratio": 292.11,
            "debt_ratio": 25.87,
            "inventory_turnover_ratio": 1.48,
            "account_receivable_turnover_ratio": 1.66,
            "reinvestment_rate": -1.38,
            "research_to_sale_ratio": 14.89,
            "price_fair": 128.89,
            "eps_avg_yearly": 3.68,
            "eps_latest_yearly": 6.04,
            "eps_growth_yearly": 62.62
        },
        "20211": {
            "year_quarter": 20211,
            "year": 2021,
            "quarter": 1,
            "eps": 2.33,
            "eps_growth_year": 194.94,
            "eps_4q": 7.35,
            "eps_4q_growth_year": 102.62,
            "roe": 7.41,
            "roe_4q": 26.67,
            "gross_profit": 773309,
            "gross_margin": 50.81,
            "gross_margin_4q_avg": 50.84,
            "net_income": 374767,
            "net_income_4q": null,
            "revenue": 1521948,
            "revenue_4q": null,
            "common_shares": 1610801,
            "book_valuer_per_share": 32.98,
            "book_valuer_per_share_4q_avg": 28.47,
            "equity": 5312365,
            "current_ratio": 300.6,
            "debt_ratio": 25.32,
            "inventory_turnover_ratio": 1.45,
            "account_receivable_turnover_ratio": 1.73,
            "reinvestment_rate": -8.37,
            "research_to_sale_ratio": 13.41,
            "price_fair": 144.38,
            "eps_avg_yearly": 4.13,
            "eps_latest_yearly": 9.32,
            "eps_growth_yearly": 70.09
        },
        "20212": {
            "year_quarter": 20212,
            "year": 2021,
            "quarter": 2,
            "eps": 2.89,
            "eps_growth_year": 96.6,
            "eps_4q": 8.78,
            "eps_4q_growth_year": 108.95,
            "roe": 8.37,
            "roe_4q": 29.15,
            "gross_profit": 991802,
            "gross_margin": 54.18,
            "gross_margin_4q_avg": 51.41,
            "net_income": 464973,
            "net_income_4q": null,
            "revenue": 1830625,
            "revenue_4q": null,
            "common_shares": 1610801,
            "book_valuer_per_share": 36.01,
            "book_valuer_per_share_4q_avg": 31.45,
            "equity": 5800647,
            "current_ratio": 287.86,
            "debt_ratio": 26.88,
            "inventory_turnover_ratio": 1.4,
            "account_receivable_turnover_ratio": 1.73,
            "reinvestment_rate": -5.9,
            "research_to_sale_ratio": 13.55,
            "price_fair": 164.5,
            "eps_avg_yearly": 4.7,
            "eps_latest_yearly": 11.56,
            "eps_growth_yearly": 74.76
        },
        "20213": {
            "year_quarter": 20213,
            "year": 2021,
            "quarter": 3,
            "eps": 3.46,
            "eps_growth_year": 67.96,
            "eps_4q": 10.18,
            "eps_4q_growth_year": 98.22,
            "roe": 9.78,
            "roe_4q": 30.869999999999997,
            "gross_profit": 1139296,
            "gross_margin": 53.73,
            "gross_margin_4q_avg": 51.93,
            "net_income": 556794,
            "net_income_4q": null,
            "revenue": 2120562,
            "revenue_4q": null,
            "common_shares": 1610801,
            "book_valuer_per_share": 34.67,
            "book_valuer_per_share_4q_avg": 33.38,
            "equity": 5584278,
            "current_ratio": 259.01,
            "debt_ratio": 28.62,
            "inventory_turnover_ratio": 1.34,
            "account_receivable_turnover_ratio": 1.72,
            "reinvestment_rate": -5.88,
            "research_to_sale_ratio": 12.2,
            "price_fair": 187.69,
            "eps_avg_yearly": 5.36,
            "eps_latest_yearly": 13.84,
            "eps_growth_yearly": 70.37
        },
        "20214": {
            "year_quarter": 20214,
            "year": 2021,
            "quarter": 4,
            "eps": 2.54,
            "eps_growth_year": 68.41,
            "eps_4q": 11.21,
            "eps_4q_growth_year": 93.04,
            "roe": 6.91,
            "roe_4q": 32.47,
            "gross_profit": 878762,
            "gross_margin": 51.35,
            "gross_margin_4q_avg": 52.52,
            "net_income": 409384,
            "net_income_4q": null,
            "revenue": 1711451,
            "revenue_4q": null,
            "common_shares": 1610801,
            "book_valuer_per_share": 38.87,
            "book_valuer_per_share_4q_avg": 35.63,
            "equity": 6261151,
            "current_ratio": 262.95,
            "debt_ratio": 27.53,
            "inventory_turnover_ratio": 0.89,
            "account_receivable_turnover_ratio": 1.47,
            "reinvestment_rate": -5.23,
            "research_to_sale_ratio": 13.75,
            "price_fair": 205.63,
            "eps_avg_yearly": 5.88,
            "eps_latest_yearly": 10.16,
            "eps_growth_yearly": 73.59
        },
        "20221": {
            "year_quarter": 20221,
            "year": 2022,
            "quarter": 1,
            "eps": 2.51,
            "eps_growth_year": 7.73,
            "eps_4q": 11.4,
            "eps_4q_growth_year": 55.01,
            "roe": 6.41,
            "roe_4q": 31.47,
            "gross_profit": 852296,
            "gross_margin": 52.91,
            "gross_margin_4q_avg": 53.04,
            "net_income": 404554,
            "net_income_4q": null,
            "revenue": 1610799,
            "revenue_4q": null,
            "common_shares": 1610801,
            "book_valuer_per_share": 39.53,
            "book_valuer_per_share_4q_avg": 37.27,
            "equity": 6367285,
            "current_ratio": 290,
            "debt_ratio": 26.17,
            "inventory_turnover_ratio": 0.66,
            "account_receivable_turnover_ratio": 1.6,
            "reinvestment_rate": 1.71,
            "research_to_sale_ratio": 14.34,
            "price_fair": 221.64,
            "eps_avg_yearly": 6.33,
            "eps_latest_yearly": 10.04,
            "eps_growth_yearly": 63.61
        },
        "20222": {
            "year_quarter": 20222,
            "year": 2022,
            "quarter": 2,
            "eps": 1.83,
            "eps_growth_year": -36.68,
            "eps_4q": 10.34,
            "eps_4q_growth_year": 17.8,
            "roe": 5.2,
            "roe_4q": 28.299999999999997,
            "gross_profit": 734763,
            "gross_margin": 53.54,
            "gross_margin_4q_avg": 52.88,
            "net_income": 295110,
            "net_income_4q": null,
            "revenue": 1372482,
            "revenue_4q": null,
            "common_shares": 1610801,
            "book_valuer_per_share": 30.96,
            "book_valuer_per_share_4q_avg": 36.01,
            "equity": 4986887,
            "current_ratio": 186.38,
            "debt_ratio": 40.05,
            "inventory_turnover_ratio": 0.5,
            "account_receivable_turnover_ratio": 1.57,
            "reinvestment_rate": 1.49,
            "research_to_sale_ratio": 15.46,
            "price_fair": 231.18,
            "eps_avg_yearly": 6.61,
            "eps_latest_yearly": 7.32,
            "eps_growth_yearly": 54.63
        },
        "20223": {
            "year_quarter": 20223,
            "year": 2022,
            "quarter": 3,
            "eps": 1.93,
            "eps_growth_year": -44.22,
            "eps_4q": 8.82,
            "eps_4q_growth_year": -13.36,
            "roe": 6.15,
            "roe_4q": 24.67,
            "gross_profit": 534259,
            "gross_margin": 49.32,
            "gross_margin_4q_avg": 51.78,
            "net_income": 311414,
            "net_income_4q": null,
            "revenue": 1083334,
            "revenue_4q": null,
            "common_shares": 1610801,
            "book_valuer_per_share": 31.9,
            "book_valuer_per_share_4q_avg": 35.32,
            "equity": 5138281,
            "current_ratio": 390.92,
            "debt_ratio": 19.2,
            "inventory_turnover_ratio": 0.44,
            "account_receivable_turnover_ratio": 1.48,
            "reinvestment_rate": 1.93,
            "research_to_sale_ratio": 16.37,
            "price_fair": 237.83,
            "eps_avg_yearly": 6.8,
            "eps_latest_yearly": 7.72,
            "eps_growth_yearly": 41.47
        },
        "20224": {
            "year_quarter": 20224,
            "year": 2022,
            "quarter": 4,
            "eps": 1.28,
            "eps_growth_year": -49.53,
            "eps_4q": 7.56,
            "eps_4q_growth_year": -32.57,
            "roe": 3.93,
            "roe_4q": 21.69,
            "gross_profit": 604564,
            "gross_margin": 52.77,
            "gross_margin_4q_avg": 52.14,
            "net_income": 206614,
            "net_income_4q": null,
            "revenue": 1145591,
            "revenue_4q": null,
            "common_shares": 1610801,
            "book_valuer_per_share": 33.4,
            "book_valuer_per_share_4q_avg": 33.95,
            "equity": 5379420,
            "current_ratio": 393.82,
            "debt_ratio": 19.34,
            "inventory_turnover_ratio": 0.48,
            "account_receivable_turnover_ratio": 1.63,
            "reinvestment_rate": 1.2,
            "research_to_sale_ratio": 18.59,
            "price_fair": 244.83,
            "eps_avg_yearly": 7,
            "eps_latest_yearly": 5.12,
            "eps_growth_yearly": 47.79
        },
        "20231": {
            "year_quarter": 20231,
            "year": 2023,
            "quarter": 1,
            "eps": 2.12,
            "eps_growth_year": -15.54,
            "eps_4q": 7.17,
            "eps_4q_growth_year": -37.08,
            "roe": 6.02,
            "roe_4q": 21.3,
            "gross_profit": 736427,
            "gross_margin": 55.74,
            "gross_margin_4q_avg": 52.84,
            "net_income": 341945,
            "net_income_4q": null,
            "revenue": 1321069,
            "revenue_4q": null,
            "common_shares": 1610801,
            "book_valuer_per_share": 37.14,
            "book_valuer_per_share_4q_avg": 33.35,
            "equity": 5982208,
            "current_ratio": 392.67,
            "debt_ratio": 18.84,
            "inventory_turnover_ratio": 0.58,
            "account_receivable_turnover_ratio": 1.73,
            "reinvestment_rate": 2.41,
            "research_to_sale_ratio": 15.9,
            "price_fair": 258.91,
            "eps_avg_yearly": 7.4,
            "eps_latest_yearly": 8.48,
            "eps_growth_yearly": 62.63
        },
        "20232": {
            "year_quarter": 20232,
            "year": 2023,
            "quarter": 2,
            "eps": 2.72,
            "eps_growth_year": 48.63,
            "eps_4q": 8.05,
            "eps_4q_growth_year": -22.12,
            "roe": 7.62,
            "roe_4q": 23.72,
            "gross_profit": 944949,
            "gross_margin": 55.23,
            "gross_margin_4q_avg": 53.27,
            "net_income": 437429,
            "net_income_4q": null,
            "revenue": 1711064,
            "revenue_4q": null,
            "common_shares": 1610801,
            "book_valuer_per_share": 34.12,
            "book_valuer_per_share_4q_avg": 34.14,
            "equity": 5495417,
            "current_ratio": 223,
            "debt_ratio": 32.65,
            "inventory_turnover_ratio": 0.86,
            "account_receivable_turnover_ratio": 1.86,
            "reinvestment_rate": 2.42,
            "research_to_sale_ratio": 14.18,
            "price_fair": 274.84,
            "eps_avg_yearly": 7.85,
            "eps_latest_yearly": 10.88,
            "eps_growth_yearly": 50.59
        },
        "20233": {
            "year_quarter": 20233,
            "year": 2023,
            "quarter": 3,
            "eps": 2.93,
            "eps_growth_year": 51.81,
            "eps_4q": 9.05,
            "eps_4q_growth_year": 2.68,
            "roe": 8.2,
            "roe_4q": 25.77,
            "gross_profit": 942643,
            "gross_margin": 52.53,
            "gross_margin_4q_avg": 54.07,
            "net_income": 472513,
            "net_income_4q": null,
            "revenue": 1794354,
            "revenue_4q": null,
            "common_shares": 1610801,
            "book_valuer_per_share": 37.46,
            "book_valuer_per_share_4q_avg": 35.53,
            "equity": 6034482,
            "current_ratio": 322.75,
            "debt_ratio": 22.61,
            "inventory_turnover_ratio": 1.07,
            "account_receivable_turnover_ratio": 1.57,
            "reinvestment_rate": 2.63,
            "research_to_sale_ratio": 14.01,
            "price_fair": 290.59,
            "eps_avg_yearly": 8.3,
            "eps_latest_yearly": 11.72,
            "eps_growth_yearly": 46.13
        },
        "20234": {
            "year_quarter": 20234,
            "year": 2023,
            "quarter": 4,
            "eps": 2.09,
            "eps_growth_year": 62.58,
            "eps_4q": 9.86,
            "eps_4q_growth_year": 30.39,
            "roe": 5.39,
            "roe_4q": 27.23,
            "gross_profit": 799982,
            "gross_margin": 55.17,
            "gross_margin_4q_avg": 54.67,
            "net_income": 335921,
            "net_income_4q": null,
            "revenue": 1449956,
            "revenue_4q": null,
            "common_shares": 1610801,
            "book_valuer_per_share": 39.9,
            "book_valuer_per_share_4q_avg": 37.16,
            "equity": 6426293,
            "current_ratio": 340.45,
            "debt_ratio": 21.77,
            "inventory_turnover_ratio": 0.82,
            "account_receivable_turnover_ratio": 1.37,
            "reinvestment_rate": 3.51,
            "research_to_sale_ratio": 18.86,
            "price_fair": 301.53,
            "eps_avg_yearly": 8.62,
            "eps_latest_yearly": 8.36,
            "eps_growth_yearly": 45.38
        }
    },
    "months": {
        "2002-10": {
            "month": "2002-10",
            "price": "26.80",
            "revenue": 189941
        },
        "2002-11": {
            "month": "2002-11",
            "price": "27.62",
            "revenue": 189921
        },
        "2002-12": {
            "month": "2002-12",
            "price": "25.51",
            "revenue": 119011
        },
        "2003-01": {
            "month": "2003-01",
            "price": "26.52",
            "revenue": 187138
        },
        "2003-02": {
            "month": "2003-02",
            "price": "24.28",
            "revenue": 130796
        },
        "2003-03": {
            "month": "2003-03",
            "price": "22.60",
            "revenue": 160837
        },
        "2003-04": {
            "month": "2003-04",
            "price": "22.35",
            "revenue": 157772
        },
        "2003-05": {
            "month": "2003-05",
            "price": "24.55",
            "revenue": 113056
        },
        "2003-06": {
            "month": "2003-06",
            "price": "25.76",
            "revenue": 107773
        },
        "2003-07": {
            "month": "2003-07",
            "price": "26.77",
            "revenue": 140364
        },
        "2003-08": {
            "month": "2003-08",
            "price": "25.50",
            "revenue": 146469
        },
        "2003-09": {
            "month": "2003-09",
            "price": "27.14",
            "revenue": 142124
        },
        "2003-10": {
            "month": "2003-10",
            "price": "26.32",
            "revenue": 185932
        },
        "2003-11": {
            "month": "2003-11",
            "price": "25.97",
            "revenue": 141108
        },
        "2003-12": {
            "month": "2003-12",
            "price": "25.16",
            "revenue": 120334
        },
        "2004-01": {
            "month": "2004-01",
            "price": "24.75",
            "revenue": 79464
        },
        "2004-02": {
            "month": "2004-02",
            "price": "24.98",
            "revenue": 131729
        },
        "2004-03": {
            "month": "2004-03",
            "price": "23.27",
            "revenue": 131731
        },
        "2004-04": {
            "month": "2004-04",
            "price": "20.85",
            "revenue": 105636
        },
        "2004-05": {
            "month": "2004-05",
            "price": "15.06",
            "revenue": 126175
        },
        "2004-06": {
            "month": "2004-06",
            "price": "14.86",
            "revenue": 110375
        },
        "2004-07": {
            "month": "2004-07",
            "price": "14.71",
            "revenue": 159463
        },
        "2004-08": {
            "month": "2004-08",
            "price": "14.04",
            "revenue": 144654
        },
        "2004-09": {
            "month": "2004-09",
            "price": "13.11",
            "revenue": 135537
        },
        "2004-10": {
            "month": "2004-10",
            "price": "12.15",
            "revenue": 148436
        },
        "2004-11": {
            "month": "2004-11",
            "price": "12.35",
            "revenue": 132361
        },
        "2004-12": {
            "month": "2004-12",
            "price": "12.16",
            "revenue": 94817
        },
        "2005-01": {
            "month": "2005-01",
            "price": "11.28",
            "revenue": 168288
        },
        "2005-02": {
            "month": "2005-02",
            "price": "13.28",
            "revenue": 75366
        },
        "2005-03": {
            "month": "2005-03",
            "price": "16.54",
            "revenue": 125247
        },
        "2005-04": {
            "month": "2005-04",
            "price": "14.79",
            "revenue": 136064
        },
        "2005-05": {
            "month": "2005-05",
            "price": "15.32",
            "revenue": 135556
        },
        "2005-06": {
            "month": "2005-06",
            "price": "17.80",
            "revenue": 93241
        },
        "2005-07": {
            "month": "2005-07",
            "price": "17.27",
            "revenue": 145375
        },
        "2005-08": {
            "month": "2005-08",
            "price": "16.72",
            "revenue": 154343
        },
        "2005-09": {
            "month": "2005-09",
            "price": "16.56",
            "revenue": 177351
        },
        "2005-10": {
            "month": "2005-10",
            "price": "16.76",
            "revenue": 191354
        },
        "2005-11": {
            "month": "2005-11",
            "price": "19.54",
            "revenue": 208782
        },
        "2005-12": {
            "month": "2005-12",
            "price": "27.23",
            "revenue": 182622
        },
        "2006-01": {
            "month": "2006-01",
            "price": "28.75",
            "revenue": 163908
        },
        "2006-02": {
            "month": "2006-02",
            "price": "25.76",
            "revenue": 102407
        },
        "2006-03": {
            "month": "2006-03",
            "price": "25.02",
            "revenue": 119802
        },
        "2006-04": {
            "month": "2006-04",
            "price": "27.22",
            "revenue": 125427
        },
        "2006-05": {
            "month": "2006-05",
            "price": "26.41",
            "revenue": 112041
        },
        "2006-06": {
            "month": "2006-06",
            "price": "21.22",
            "revenue": 131780
        },
        "2006-07": {
            "month": "2006-07",
            "price": "23.05",
            "revenue": 183944
        },
        "2006-08": {
            "month": "2006-08",
            "price": "27.11",
            "revenue": 198897
        },
        "2006-09": {
            "month": "2006-09",
            "price": "27.96",
            "revenue": 204317
        },
        "2006-10": {
            "month": "2006-10",
            "price": "29.08",
            "revenue": 198022
        },
        "2006-11": {
            "month": "2006-11",
            "price": "35.51",
            "revenue": 129351
        },
        "2006-12": {
            "month": "2006-12",
            "price": "36.34",
            "revenue": 117830
        },
        "2007-01": {
            "month": "2007-01",
            "price": "51.77",
            "revenue": 149739
        },
        "2007-02": {
            "month": "2007-02",
            "price": "54.35",
            "revenue": 134396
        },
        "2007-03": {
            "month": "2007-03",
            "price": "62.81",
            "revenue": 168389
        },
        "2007-04": {
            "month": "2007-04",
            "price": "59.72",
            "revenue": 203937
        },
        "2007-05": {
            "month": "2007-05",
            "price": "67.65",
            "revenue": 197468
        },
        "2007-06": {
            "month": "2007-06",
            "price": "87.63",
            "revenue": 257588
        },
        "2007-07": {
            "month": "2007-07",
            "price": "131.67",
            "revenue": 261770
        },
        "2007-08": {
            "month": "2007-08",
            "price": "117.11",
            "revenue": 307272
        },
        "2007-09": {
            "month": "2007-09",
            "price": "120.86",
            "revenue": 306500
        },
        "2007-10": {
            "month": "2007-10",
            "price": "113.75",
            "revenue": 241329
        },
        "2007-11": {
            "month": "2007-11",
            "price": "89.94",
            "revenue": 218053
        },
        "2007-12": {
            "month": "2007-12",
            "price": "88.74",
            "revenue": 164272
        },
        "2008-01": {
            "month": "2008-01",
            "price": "91.33",
            "revenue": 258788
        },
        "2008-02": {
            "month": "2008-02",
            "price": "77.41",
            "revenue": 171261
        },
        "2008-03": {
            "month": "2008-03",
            "price": "86.86",
            "revenue": 255139
        },
        "2008-04": {
            "month": "2008-04",
            "price": "106.55",
            "revenue": 241281
        },
        "2008-05": {
            "month": "2008-05",
            "price": "114.25",
            "revenue": 210092
        },
        "2008-06": {
            "month": "2008-06",
            "price": "88.81",
            "revenue": 212952
        },
        "2008-07": {
            "month": "2008-07",
            "price": "80.35",
            "revenue": 208934
        },
        "2008-08": {
            "month": "2008-08",
            "price": "84.25",
            "revenue": 219278
        },
        "2008-09": {
            "month": "2008-09",
            "price": "55.26",
            "revenue": 281569
        },
        "2008-10": {
            "month": "2008-10",
            "price": "53.82",
            "revenue": 202063
        },
        "2008-11": {
            "month": "2008-11",
            "price": "43.48",
            "revenue": 124720
        },
        "2008-12": {
            "month": "2008-12",
            "price": "37.74",
            "revenue": 81935
        },
        "2009-01": {
            "month": "2009-01",
            "price": "41.40",
            "revenue": 189149
        },
        "2009-02": {
            "month": "2009-02",
            "price": "46.61",
            "revenue": 300424
        },
        "2009-03": {
            "month": "2009-03",
            "price": "52.06",
            "revenue": 362266
        },
        "2009-04": {
            "month": "2009-04",
            "price": "53.61",
            "revenue": 342729
        },
        "2009-05": {
            "month": "2009-05",
            "price": "66.06",
            "revenue": 311279
        },
        "2009-06": {
            "month": "2009-06",
            "price": "59.13",
            "revenue": 323430
        },
        "2009-07": {
            "month": "2009-07",
            "price": "63.16",
            "revenue": 381053
        },
        "2009-08": {
            "month": "2009-08",
            "price": "66.79",
            "revenue": 359696
        },
        "2009-09": {
            "month": "2009-09",
            "price": "66.65",
            "revenue": 415511
        },
        "2009-10": {
            "month": "2009-10",
            "price": "65.52",
            "revenue": 338100
        },
        "2009-11": {
            "month": "2009-11",
            "price": "64.09",
            "revenue": 319381
        },
        "2009-12": {
            "month": "2009-12",
            "price": "69.09",
            "revenue": 287058
        },
        "2010-01": {
            "month": "2010-01",
            "price": "67.59",
            "revenue": 434058
        },
        "2010-02": {
            "month": "2010-02",
            "price": "57.35",
            "revenue": 330035
        },
        "2010-03": {
            "month": "2010-03",
            "price": "60.77",
            "revenue": 398577
        },
        "2010-04": {
            "month": "2010-04",
            "price": "59.38",
            "revenue": 406346
        },
        "2010-05": {
            "month": "2010-05",
            "price": "50.77",
            "revenue": 341885
        },
        "2010-06": {
            "month": "2010-06",
            "price": "50.71",
            "revenue": 322198
        },
        "2010-07": {
            "month": "2010-07",
            "price": "53.41",
            "revenue": 328155
        },
        "2010-08": {
            "month": "2010-08",
            "price": "55.23",
            "revenue": 307845
        },
        "2010-09": {
            "month": "2010-09",
            "price": "61.02",
            "revenue": 339596
        },
        "2010-10": {
            "month": "2010-10",
            "price": "56.80",
            "revenue": 288193
        },
        "2010-11": {
            "month": "2010-11",
            "price": "52.00",
            "revenue": 331024
        },
        "2010-12": {
            "month": "2010-12",
            "price": "60.15",
            "revenue": 317392
        },
        "2011-01": {
            "month": "2011-01",
            "price": "59.15",
            "revenue": 370225
        },
        "2011-02": {
            "month": "2011-02",
            "price": "54.32",
            "revenue": 273066
        },
        "2011-03": {
            "month": "2011-03",
            "price": "50.27",
            "revenue": 382866
        },
        "2011-04": {
            "month": "2011-04",
            "price": "45.10",
            "revenue": 355559
        },
        "2011-05": {
            "month": "2011-05",
            "price": "45.14",
            "revenue": 366072
        },
        "2011-06": {
            "month": "2011-06",
            "price": "44.46",
            "revenue": 331612
        },
        "2011-07": {
            "month": "2011-07",
            "price": "38.81",
            "revenue": 313655
        },
        "2011-08": {
            "month": "2011-08",
            "price": "39.19",
            "revenue": 316802
        },
        "2011-09": {
            "month": "2011-09",
            "price": "34.90",
            "revenue": 298766
        },
        "2011-10": {
            "month": "2011-10",
            "price": "33.30",
            "revenue": 305313
        },
        "2011-11": {
            "month": "2011-11",
            "price": "28.10",
            "revenue": 331420
        },
        "2011-12": {
            "month": "2011-12",
            "price": "23.25",
            "revenue": 274802
        },
        "2012-01": {
            "month": "2012-01",
            "price": "24.31",
            "revenue": 259752
        },
        "2012-02": {
            "month": "2012-02",
            "price": "31.59",
            "revenue": 305100
        },
        "2012-03": {
            "month": "2012-03",
            "price": "31.10",
            "revenue": 348519
        },
        "2012-04": {
            "month": "2012-04",
            "price": "25.23",
            "revenue": 339628
        },
        "2012-05": {
            "month": "2012-05",
            "price": "25.35",
            "revenue": 333899
        },
        "2012-06": {
            "month": "2012-06",
            "price": "24.40",
            "revenue": 302696
        },
        "2012-07": {
            "month": "2012-07",
            "price": "24.34",
            "revenue": 303508
        },
        "2012-08": {
            "month": "2012-08",
            "price": "24.97",
            "revenue": 320563
        },
        "2012-09": {
            "month": "2012-09",
            "price": "26.99",
            "revenue": 334684
        },
        "2012-10": {
            "month": "2012-10",
            "price": "24.68",
            "revenue": 276400
        },
        "2012-11": {
            "month": "2012-11",
            "price": "21.90",
            "revenue": 260516
        },
        "2012-12": {
            "month": "2012-12",
            "price": "23.53",
            "revenue": 271537
        },
        "2013-01": {
            "month": "2013-01",
            "price": "23.52",
            "revenue": 312910
        },
        "2013-02": {
            "month": "2013-02",
            "price": "24.60",
            "revenue": 209761
        },
        "2013-03": {
            "month": "2013-03",
            "price": "26.12",
            "revenue": 291131
        },
        "2013-04": {
            "month": "2013-04",
            "price": "25.36",
            "revenue": 318207
        },
        "2013-05": {
            "month": "2013-05",
            "price": "26.62",
            "revenue": 313191
        },
        "2013-06": {
            "month": "2013-06",
            "price": "24.77",
            "revenue": 261936
        },
        "2013-07": {
            "month": "2013-07",
            "price": "23.78",
            "revenue": 288415
        },
        "2013-08": {
            "month": "2013-08",
            "price": "22.29",
            "revenue": 314775
        },
        "2013-09": {
            "month": "2013-09",
            "price": "21.85",
            "revenue": 345492
        },
        "2013-10": {
            "month": "2013-10",
            "price": "24.39",
            "revenue": 308118
        },
        "2013-11": {
            "month": "2013-11",
            "price": "25.02",
            "revenue": 312116
        },
        "2013-12": {
            "month": "2013-12",
            "price": "25.22",
            "revenue": 285059
        },
        "2014-01": {
            "month": "2014-01",
            "price": "27.01",
            "revenue": 327809
        },
        "2014-02": {
            "month": "2014-02",
            "price": "27.17",
            "revenue": 231355
        },
        "2014-03": {
            "month": "2014-03",
            "price": "31.71",
            "revenue": 281547
        },
        "2014-04": {
            "month": "2014-04",
            "price": "34.93",
            "revenue": 315716
        },
        "2014-05": {
            "month": "2014-05",
            "price": "36.21",
            "revenue": 301867
        },
        "2014-06": {
            "month": "2014-06",
            "price": "40.33",
            "revenue": 310501
        },
        "2014-07": {
            "month": "2014-07",
            "price": "37.84",
            "revenue": 344538
        },
        "2014-08": {
            "month": "2014-08",
            "price": "37.24",
            "revenue": 305289
        },
        "2014-09": {
            "month": "2014-09",
            "price": "36.46",
            "revenue": 291653
        },
        "2014-10": {
            "month": "2014-10",
            "price": "31.92",
            "revenue": 245762
        },
        "2014-11": {
            "month": "2014-11",
            "price": "32.68",
            "revenue": 244936
        },
        "2014-12": {
            "month": "2014-12",
            "price": "37.05",
            "revenue": 239991
        },
        "2015-01": {
            "month": "2015-01",
            "price": "38.49",
            "revenue": 323028
        },
        "2015-02": {
            "month": "2015-02",
            "price": "37.66",
            "revenue": 207479
        },
        "2015-03": {
            "month": "2015-03",
            "price": "40.13",
            "revenue": 262048
        },
        "2015-04": {
            "month": "2015-04",
            "price": "38.38",
            "revenue": 252921
        },
        "2015-05": {
            "month": "2015-05",
            "price": "35.79",
            "revenue": 239182
        },
        "2015-06": {
            "month": "2015-06",
            "price": "33.28",
            "revenue": 201680
        },
        "2015-07": {
            "month": "2015-07",
            "price": "28.75",
            "revenue": 238351
        },
        "2015-08": {
            "month": "2015-08",
            "price": "23.77",
            "revenue": 268500
        },
        "2015-09": {
            "month": "2015-09",
            "price": "24.92",
            "revenue": 303841
        },
        "2015-10": {
            "month": "2015-10",
            "price": "27.87",
            "revenue": 265622
        },
        "2015-11": {
            "month": "2015-11",
            "price": "28.72",
            "revenue": 275958
        },
        "2015-12": {
            "month": "2015-12",
            "price": "29.32",
            "revenue": 245809
        },
        "2016-01": {
            "month": "2016-01",
            "price": "26.34",
            "revenue": 306512
        },
        "2016-02": {
            "month": "2016-02",
            "price": "28.48",
            "revenue": 187632
        },
        "2016-03": {
            "month": "2016-03",
            "price": "29.66",
            "revenue": 238644
        },
        "2016-04": {
            "month": "2016-04",
            "price": "28.39",
            "revenue": 239160
        },
        "2016-05": {
            "month": "2016-05",
            "price": "27.17",
            "revenue": 240827
        },
        "2016-06": {
            "month": "2016-06",
            "price": "28.25",
            "revenue": 283827
        },
        "2016-07": {
            "month": "2016-07",
            "price": "29.13",
            "revenue": 260995
        },
        "2016-08": {
            "month": "2016-08",
            "price": "30.38",
            "revenue": 299648
        },
        "2016-09": {
            "month": "2016-09",
            "price": "29.92",
            "revenue": 313724
        },
        "2016-10": {
            "month": "2016-10",
            "price": "29.81",
            "revenue": 253947
        },
        "2016-11": {
            "month": "2016-11",
            "price": "28.53",
            "revenue": 272726
        },
        "2016-12": {
            "month": "2016-12",
            "price": "30.04",
            "revenue": 229550
        },
        "2017-01": {
            "month": "2017-01",
            "price": "29.69",
            "revenue": 278448
        },
        "2017-02": {
            "month": "2017-02",
            "price": "30.80",
            "revenue": 211293
        },
        "2017-03": {
            "month": "2017-03",
            "price": "35.48",
            "revenue": 249000
        },
        "2017-04": {
            "month": "2017-04",
            "price": "34.94",
            "revenue": 255243
        },
        "2017-05": {
            "month": "2017-05",
            "price": "37.25",
            "revenue": 240127
        },
        "2017-06": {
            "month": "2017-06",
            "price": "37.63",
            "revenue": 249451
        },
        "2017-07": {
            "month": "2017-07",
            "price": "34.68",
            "revenue": 271766
        },
        "2017-08": {
            "month": "2017-08",
            "price": "32.62",
            "revenue": 283737
        },
        "2017-09": {
            "month": "2017-09",
            "price": "33.60",
            "revenue": 318794
        },
        "2017-10": {
            "month": "2017-10",
            "price": "35.43",
            "revenue": 275042
        },
        "2017-11": {
            "month": "2017-11",
            "price": "35.77",
            "revenue": 285519
        },
        "2017-12": {
            "month": "2017-12",
            "price": "35.63",
            "revenue": 254709
        },
        "2018-01": {
            "month": "2018-01",
            "price": "35.80",
            "revenue": 345694
        },
        "2018-02": {
            "month": "2018-02",
            "price": "35.15",
            "revenue": 197620
        },
        "2018-03": {
            "month": "2018-03",
            "price": "37.59",
            "revenue": 255783
        },
        "2018-04": {
            "month": "2018-04",
            "price": "36.59",
            "revenue": 271849
        },
        "2018-05": {
            "month": "2018-05",
            "price": "35.78",
            "revenue": 268033
        },
        "2018-06": {
            "month": "2018-06",
            "price": "37.30",
            "revenue": 281575
        },
        "2018-07": {
            "month": "2018-07",
            "price": "35.68",
            "revenue": 298065
        },
        "2018-08": {
            "month": "2018-08",
            "price": "35.26",
            "revenue": 318414
        },
        "2018-09": {
            "month": "2018-09",
            "price": "34.48",
            "revenue": 366895
        },
        "2018-10": {
            "month": "2018-10",
            "price": "31.65",
            "revenue": 282235
        },
        "2018-11": {
            "month": "2018-11",
            "price": "31.60",
            "revenue": 249761
        },
        "2018-12": {
            "month": "2018-12",
            "price": "31.17",
            "revenue": 227220
        },
        "2019-01": {
            "month": "2019-01",
            "price": "31.66",
            "revenue": 308903
        },
        "2019-02": {
            "month": "2019-02",
            "price": "34.38",
            "revenue": 187431
        },
        "2019-03": {
            "month": "2019-03",
            "price": "35.17",
            "revenue": 238029
        },
        "2019-04": {
            "month": "2019-04",
            "price": "35.18",
            "revenue": 279254
        },
        "2019-05": {
            "month": "2019-05",
            "price": "33.96",
            "revenue": 294246
        },
        "2019-06": {
            "month": "2019-06",
            "price": "34.27",
            "revenue": 305135
        },
        "2019-07": {
            "month": "2019-07",
            "price": "34.37",
            "revenue": 322721
        },
        "2019-08": {
            "month": "2019-08",
            "price": "34.24",
            "revenue": 353877
        },
        "2019-09": {
            "month": "2019-09",
            "price": "38.31",
            "revenue": 394055
        },
        "2019-10": {
            "month": "2019-10",
            "price": "42.01",
            "revenue": 334445
        },
        "2019-11": {
            "month": "2019-11",
            "price": "42.58",
            "revenue": 349680
        },
        "2019-12": {
            "month": "2019-12",
            "price": "43.70",
            "revenue": 297134
        },
        "2020-01": {
            "month": "2020-01",
            "price": "42.24",
            "revenue": 319644
        },
        "2020-02": {
            "month": "2020-02",
            "price": "41.71",
            "revenue": 204919
        },
        "2020-03": {
            "month": "2020-03",
            "price": "41.78",
            "revenue": 319799
        },
        "2020-04": {
            "month": "2020-04",
            "price": "44.40",
            "revenue": 355318
        },
        "2020-05": {
            "month": "2020-05",
            "price": "55.16",
            "revenue": 388006
        },
        "2020-06": {
            "month": "2020-06",
            "price": "60.62",
            "revenue": 412388
        },
        "2020-07": {
            "month": "2020-07",
            "price": "68.27",
            "revenue": 461424
        },
        "2020-08": {
            "month": "2020-08",
            "price": "71.04",
            "revenue": 486664
        },
        "2020-09": {
            "month": "2020-09",
            "price": "72.12",
            "revenue": 511233
        },
        "2020-10": {
            "month": "2020-10",
            "price": "71.64",
            "revenue": 464281
        },
        "2020-11": {
            "month": "2020-11",
            "price": "69.61",
            "revenue": 435635
        },
        "2020-12": {
            "month": "2020-12",
            "price": "69.05",
            "revenue": 458517
        },
        "2021-01": {
            "month": "2021-01",
            "price": "73.15",
            "revenue": 513474
        },
        "2021-02": {
            "month": "2021-02",
            "price": "81.61",
            "revenue": 466260
        },
        "2021-03": {
            "month": "2021-03",
            "price": "91.56",
            "revenue": 542215
        },
        "2021-04": {
            "month": "2021-04",
            "price": "116.59",
            "revenue": 576001
        },
        "2021-05": {
            "month": "2021-05",
            "price": "110.81",
            "revenue": 629088
        },
        "2021-06": {
            "month": "2021-06",
            "price": "122.86",
            "revenue": 625537
        },
        "2021-07": {
            "month": "2021-07",
            "price": "126.09",
            "revenue": 705951
        },
        "2021-08": {
            "month": "2021-08",
            "price": "122.91",
            "revenue": 704560
        },
        "2021-09": {
            "month": "2021-09",
            "price": "104.72",
            "revenue": 710051
        },
        "2021-10": {
            "month": "2021-10",
            "price": "100.18",
            "revenue": 608047
        },
        "2021-11": {
            "month": "2021-11",
            "price": "106.32",
            "revenue": 570523
        },
        "2021-12": {
            "month": "2021-12",
            "price": "105.68",
            "revenue": 532880
        },
        "2022-01": {
            "month": "2022-01",
            "price": "104.04",
            "revenue": 580181
        },
        "2022-02": {
            "month": "2022-02",
            "price": "112.10",
            "revenue": 481647
        },
        "2022-03": {
            "month": "2022-03",
            "price": "112.24",
            "revenue": 548971
        },
        "2022-04": {
            "month": "2022-04",
            "price": "101.67",
            "revenue": 515100
        },
        "2022-05": {
            "month": "2022-05",
            "price": "96.46",
            "revenue": 466438
        },
        "2022-06": {
            "month": "2022-06",
            "price": "92.02",
            "revenue": 390944
        },
        "2022-07": {
            "month": "2022-07",
            "price": "72.41",
            "revenue": 361455
        },
        "2022-08": {
            "month": "2022-08",
            "price": "69.12",
            "revenue": 374733
        },
        "2022-09": {
            "month": "2022-09",
            "price": "64.27",
            "revenue": 347146
        },
        "2022-10": {
            "month": "2022-10",
            "price": "58.88",
            "revenue": 350198
        },
        "2022-11": {
            "month": "2022-11",
            "price": "68.12",
            "revenue": 410821
        },
        "2022-12": {
            "month": "2022-12",
            "price": "72.78",
            "revenue": 384572
        },
        "2023-01": {
            "month": "2023-01",
            "price": "75.40",
            "revenue": 439439
        },
        "2023-02": {
            "month": "2023-02",
            "price": "84.76",
            "revenue": 375673
        },
        "2023-03": {
            "month": "2023-03",
            "price": "88.23",
            "revenue": 505958
        },
        "2023-04": {
            "month": "2023-04",
            "price": "89.59",
            "revenue": 565113
        },
        "2023-05": {
            "month": "2023-05",
            "price": "103.02",
            "revenue": 571808
        },
        "2023-06": {
            "month": "2023-06",
            "price": "115.72",
            "revenue": 574144
        },
        "2023-07": {
            "month": "2023-07",
            "price": "127.90",
            "revenue": 547254
        },
        "2023-08": {
            "month": "2023-08",
            "price": "139.61",
            "revenue": 596809
        },
        "2023-09": {
            "month": "2023-09",
            "price": "162.40",
            "revenue": 650290
        },
        "2023-10": {
            "month": "2023-10",
            "price": "163.05",
            "revenue": 493295
        },
        "2023-11": {
            "month": "2023-11",
            "price": "157.05",
            "revenue": 482749
        },
        "2023-12": {
            "month": "2023-12",
            "price": "154.36",
            "revenue": 473911
        },
        "2024-01": {
            "month": "2024-01",
            "price": "150.93",
            "revenue": 625248
        },
        "2024-02": {
            "month": "2024-02",
            "price": "163.00",
            "revenue": 399252
        }
    }
}
