{
    "summary": {
        "stock_name": "全漢",
        "stock_id": "3015",
        "category": "電子零組件",
        "main_business": "電源供應器之製造銷售",
        "website_url": "https://www.fsp-group.com",
        "ceo": "鄭雅仁",
        "pe_ratio": 14,
        "report_year_from": 2001,
        "report_year_to": 2023,
        "age": 22,
        "eps_negative_percentage": 0,
        "eps_growth_avg": {
            "last_all": 3.11,
            "last_2y": 36.03,
            "last_4y": 21.5,
            "last_8y": 9.49,
            "last_12y": 2.49,
            "last_16y": 2.9,
            "last_20y": 3.11,
            "at_2006_last_3y": -9.66,
            "at_2007_last_3y": -4.29,
            "at_2008_last_3y": -10.47,
            "at_2009_last_3y": 4.21,
            "at_2010_last_3y": 5.59,
            "at_2011_last_3y": -8.54,
            "at_2012_last_3y": -1.01,
            "at_2013_last_3y": -13.25,
            "at_2014_last_3y": -17.77,
            "at_2015_last_3y": -6.52,
            "at_2016_last_3y": -9.68,
            "at_2017_last_3y": -5.51,
            "at_2018_last_3y": -19.39,
            "at_2019_last_3y": -3.86,
            "at_2020_last_3y": 25.16,
            "at_2021_last_3y": 27.99,
            "at_2022_last_3y": 45.78,
            "at_2023_last_3y": 45.78,
            "at_2006_last_all": 1.69,
            "at_2007_last_all": 5.47,
            "at_2008_last_all": -0.11,
            "at_2009_last_all": 4.1,
            "at_2010_last_all": 3.42,
            "at_2011_last_all": -0.14,
            "at_2012_last_all": -0.44,
            "at_2013_last_all": -1.68,
            "at_2014_last_all": -3.1,
            "at_2015_last_all": -1.96,
            "at_2016_last_all": -2.9,
            "at_2017_last_all": -2.64,
            "at_2018_last_all": -6.93,
            "at_2019_last_all": -2.38,
            "at_2020_last_all": 3.01,
            "at_2021_last_all": 3.48,
            "at_2022_last_all": 3.11,
            "at_2023_last_all": 3.11
        },
        "latest_eps": 3.59,
        "latest_price": 49.95,
        "latest_roe": 5.44,
        "latest_gross_margin": 15.05,
        "latest_equity": 13880980,
        "latest_revenue": 3656130,
        "latest_gross_profit": 550306,
        "latest_net_income": 102593,
        "latest_debt_ratio": 34.09,
        "latest_current_ratio": 175.3,
        "latest_account_receivable_turnover_ratio": 0.93,
        "latest_inventory_turnover_ratio": 1.05,
        "latest_reinvestment_rate": -5.34,
        "latest_research_to_sale_ratio": 3.81
    },
    "eps_dividends": {
        "2000": {
            "cash": 0,
            "stock": 2,
            "eps": 0
        },
        "2001": {
            "cash": 0,
            "stock": 3,
            "eps": 3.74
        },
        "2002": {
            "cash": 1,
            "stock": 2,
            "eps": 5.5
        },
        "2003": {
            "cash": 2,
            "stock": 1,
            "eps": 5.66
        },
        "2004": {
            "cash": 2,
            "stock": 2,
            "eps": 5.16
        },
        "2005": {
            "cash": 1,
            "stock": 3,
            "eps": 3.86
        },
        "2006": {
            "cash": 2,
            "stock": 1,
            "eps": 3.57
        },
        "2007": {
            "cash": 2,
            "stock": 1,
            "eps": 4.44
        },
        "2008": {
            "cash": 2,
            "stock": 1,
            "eps": 2.95
        },
        "2009": {
            "cash": 2,
            "stock": 0,
            "eps": 3.94
        },
        "2010": {
            "cash": 3,
            "stock": 0,
            "eps": 3.86
        },
        "2011": {
            "cash": 5,
            "stock": 0,
            "eps": 2.62
        },
        "2012": {
            "cash": 0,
            "stock": 0,
            "eps": 2.53
        },
        "2013": {
            "cash": 2,
            "stock": 0,
            "eps": 2.14
        },
        "2014": {
            "cash": 2,
            "stock": 0,
            "eps": 1.71
        },
        "2015": {
            "cash": 0,
            "stock": 0,
            "eps": 1.93
        },
        "2016": {
            "cash": 2,
            "stock": 0,
            "eps": 1.62
        },
        "2017": {
            "cash": 2,
            "stock": 0,
            "eps": 1.64
        },
        "2018": {
            "cash": 2,
            "stock": 0,
            "eps": 0.4
        },
        "2019": {
            "cash": 1,
            "stock": 0,
            "eps": 0.7
        },
        "2020": {
            "cash": 2,
            "stock": 0,
            "eps": 3.58
        },
        "2021": {
            "cash": 3,
            "stock": 0,
            "eps": 4.03
        },
        "2022": {
            "cash": 3,
            "stock": 0,
            "eps": 3.85
        },
        "2023": {
            "cash": 4,
            "stock": 0,
            "eps": 0.45
        }
    },
    "dividends": {
        "2000-06-15": {
            "cash": 0,
            "stock": 2
        },
        "2001-06-16": {
            "cash": 0,
            "stock": 3
        },
        "2002-06-22": {
            "cash": 1,
            "stock": 1.5
        },
        "2003-03-14": {
            "cash": 1.5,
            "stock": 1.25
        },
        "2004-04-23": {
            "cash": 2.33,
            "stock": 1.55
        },
        "2005-04-27": {
            "cash": 1.1,
            "stock": 2.5
        },
        "2006-04-27": {
            "cash": 1.75,
            "stock": 1.25
        },
        "2007-04-20": {
            "cash": 1.75,
            "stock": 1.25
        },
        "2008-04-29": {
            "cash": 2,
            "stock": 1
        },
        "2009-04-21": {
            "cash": 2,
            "stock": 0.25
        },
        "2010-04-26": {
            "cash": 2.59,
            "stock": 0.2
        },
        "2011-01-01": {
            "cash": 2,
            "stock": 0
        },
        "2011-04-21": {
            "cash": 2.59,
            "stock": 0.1
        },
        "2013-03-21": {
            "cash": 1.99,
            "stock": 0
        },
        "2014-06-11": {
            "cash": 1.8,
            "stock": 0
        },
        "2015-07-17": {
            "cash": 0.1,
            "stock": 0
        },
        "2016-09-09": {
            "cash": 1.5,
            "stock": 0
        },
        "2017-09-08": {
            "cash": 1.5,
            "stock": 0
        },
        "2018-08-08": {
            "cash": 1.5,
            "stock": 0
        },
        "2019-08-08": {
            "cash": 1.25,
            "stock": 0
        },
        "2020-08-07": {
            "cash": 1.5,
            "stock": 0
        },
        "2021-07-19": {
            "cash": 3,
            "stock": 0
        },
        "2022-07-15": {
            "cash": 3.3,
            "stock": 0
        },
        "2023-07-14": {
            "cash": 3.8,
            "stock": 0
        }
    },
    "prices": {
        "200101": "無",
        "200102": "無",
        "200103": "無",
        "200104": "無",
        "200105": "無",
        "200106": "無",
        "200107": "無",
        "200108": "無",
        "200109": "無",
        "200110": "無",
        "200111": "無",
        "200112": "無",
        "200201": "無",
        "200202": "無",
        "200203": "無",
        "200204": "無",
        "200205": "無",
        "200206": "無",
        "200207": "無",
        "200208": "無",
        "200209": "無",
        "200210": "65.12",
        "200211": "63.05",
        "200212": "64.32",
        "200301": "59.26",
        "200302": "52.09",
        "200303": "52.93",
        "200304": "53.54",
        "200305": "51.67",
        "200306": "53.70",
        "200307": "57.24",
        "200308": "59.98",
        "200309": "54.17",
        "200310": "55.70",
        "200311": "58.18",
        "200312": "60.13",
        "200401": "59.10",
        "200402": "61.30",
        "200403": "62.83",
        "200404": "60.95",
        "200405": "54.26",
        "200406": "55.31",
        "200407": "45.34",
        "200408": "43.50",
        "200409": "45.37",
        "200410": "43.60",
        "200411": "40.01",
        "200412": "40.95",
        "200501": "40.11",
        "200502": "42.47",
        "200503": "43.23",
        "200504": "41.72",
        "200505": "40.45",
        "200506": "41.01",
        "200507": "46.33",
        "200508": "37.37",
        "200509": "35.75",
        "200510": "34.81",
        "200511": "32.40",
        "200512": "35.02",
        "200601": "39.58",
        "200602": "39.50",
        "200603": "41.40",
        "200604": "43.49",
        "200605": "42.78",
        "200606": "39.00",
        "200607": "37.27",
        "200608": "36.64",
        "200609": "39.72",
        "200610": "41.27",
        "200611": "46.10",
        "200612": "43.31",
        "200701": "47.60",
        "200702": "45.85",
        "200703": "46.68",
        "200704": "46.80",
        "200705": "50.04",
        "200706": "55.90",
        "200707": "59.04",
        "200708": "51.65",
        "200709": "51.71",
        "200710": "49.20",
        "200711": "41.46",
        "200712": "38.06",
        "200801": "34.29",
        "200802": "33.01",
        "200803": "33.85",
        "200804": "36.70",
        "200805": "35.84",
        "200806": "32.59",
        "200807": "26.69",
        "200808": "25.19",
        "200809": "21.33",
        "200810": "19.55",
        "200811": "17.48",
        "200812": "15.55",
        "200901": "14.56",
        "200902": "15.35",
        "200903": "17.89",
        "200904": "22.11",
        "200905": "26.62",
        "200906": "26.21",
        "200907": "26.67",
        "200908": "27.82",
        "200909": "31.37",
        "200910": "32.60",
        "200911": "37.31",
        "200912": "39.73",
        "201001": "41.14",
        "201002": "38.66",
        "201003": "40.55",
        "201004": "41.47",
        "201005": "39.42",
        "201006": "38.46",
        "201007": "39.64",
        "201008": "38.44",
        "201009": "38.30",
        "201010": "38.65",
        "201011": "38.21",
        "201012": "38.87",
        "201101": "38.44",
        "201102": "36.66",
        "201103": "36.20",
        "201104": "35.84",
        "201105": "31.94",
        "201106": "32.43",
        "201107": "30.67",
        "201108": "23.94",
        "201109": "24.22",
        "201110": "23.66",
        "201111": "24.27",
        "201112": "23.34",
        "201201": "24.05",
        "201202": "26.78",
        "201203": "28.56",
        "201204": "26.71",
        "201205": "28.21",
        "201206": "27.56",
        "201207": "26.42",
        "201208": "26.47",
        "201209": "28.52",
        "201210": "26.77",
        "201211": "25.91",
        "201212": "26.45",
        "201301": "26.46",
        "201302": "26.83",
        "201303": "27.43",
        "201304": "27.98",
        "201305": "27.82",
        "201306": "27.53",
        "201307": "25.58",
        "201308": "27.32",
        "201309": "28.50",
        "201310": "27.94",
        "201311": "26.46",
        "201312": "27.10",
        "201401": "29.49",
        "201402": "30.95",
        "201403": "31.59",
        "201404": "32.01",
        "201405": "31.79",
        "201406": "32.68",
        "201407": "30.98",
        "201408": "29.02",
        "201409": "27.92",
        "201410": "25.90",
        "201411": "25.08",
        "201412": "25.50",
        "201501": "25.58",
        "201502": "25.57",
        "201503": "26.35",
        "201504": "25.11",
        "201505": "22.06",
        "201506": "19.87",
        "201507": "17.58",
        "201508": "15.69",
        "201509": "17.39",
        "201510": "19.07",
        "201511": "20.63",
        "201512": "22.76",
        "201601": "20.90",
        "201602": "22.46",
        "201603": "23.09",
        "201604": "24.02",
        "201605": "23.15",
        "201606": "23.17",
        "201607": "23.92",
        "201608": "25.65",
        "201609": "24.58",
        "201610": "24.30",
        "201611": "22.80",
        "201612": "23.10",
        "201701": "23.97",
        "201702": "24.25",
        "201703": "24.83",
        "201704": "24.14",
        "201705": "23.42",
        "201706": "23.47",
        "201707": "23.91",
        "201708": "22.86",
        "201709": "22.05",
        "201710": "23.41",
        "201711": "24.76",
        "201712": "24.13",
        "201801": "24.48",
        "201802": "24.04",
        "201803": "25.31",
        "201804": "24.93",
        "201805": "23.75",
        "201806": "25.18",
        "201807": "23.92",
        "201808": "22.46",
        "201809": "21.81",
        "201810": "18.82",
        "201811": "18.19",
        "201812": "18.39",
        "201901": "18.20",
        "201902": "19.68",
        "201903": "21.43",
        "201904": "21.26",
        "201905": "19.81",
        "201906": "19.82",
        "201907": "19.99",
        "201908": "18.69",
        "201909": "19.29",
        "201910": "20.77",
        "201911": "20.61",
        "201912": "21.39",
        "202001": "22.14",
        "202002": "20.81",
        "202003": "18.27",
        "202004": "21.10",
        "202005": "22.44",
        "202006": "23.25",
        "202007": "24.16",
        "202008": "31.01",
        "202009": "32.79",
        "202010": "33.87",
        "202011": "36.25",
        "202012": "41.69",
        "202101": "39.94",
        "202102": "46.23",
        "202103": "48.32",
        "202104": "52.54",
        "202105": "44.34",
        "202106": "45.76",
        "202107": "42.57",
        "202108": "39.82",
        "202109": "39.04",
        "202110": "38.92",
        "202111": "42.48",
        "202112": "44.41",
        "202201": "44.52",
        "202202": "44.28",
        "202203": "43.78",
        "202204": "42.05",
        "202205": "41.80",
        "202206": "41.00",
        "202207": "35.91",
        "202208": "38.04",
        "202209": "38.84",
        "202210": "37.18",
        "202211": "37.94",
        "202212": "38.35",
        "202301": "38.48",
        "202302": "40.39",
        "202303": "44.89",
        "202304": "49.48",
        "202305": "48.93"
    },
    "quarters": {
        "20011": {
            "year_quarter": 20011,
            "year": 2001,
            "quarter": 1,
            "eps": null,
            "eps_growth_year": null,
            "eps_4q": null,
            "eps_4q_growth_year": null,
            "roe": null,
            "roe_4q": 0,
            "gross_profit": null,
            "gross_margin": null,
            "gross_margin_4q_avg": 0,
            "net_income": null,
            "revenue": null,
            "common_shares": null,
            "book_valuer_per_share": null,
            "book_valuer_per_share_4q_avg": 0,
            "equity": null,
            "current_ratio": null,
            "debt_ratio": null,
            "inventory_turnover_ratio": null,
            "account_receivable_turnover_ratio": null,
            "reinvestment_rate": null,
            "research_to_sale_ratio": null,
            "price_fair": 0,
            "eps_avg_yearly": 0,
            "eps_latest_yearly": 0,
            "eps_growth_yearly": 0
        },
        "20012": {
            "year_quarter": 20012,
            "year": 2001,
            "quarter": 2,
            "eps": null,
            "eps_growth_year": null,
            "eps_4q": null,
            "eps_4q_growth_year": null,
            "roe": null,
            "roe_4q": 0,
            "gross_profit": null,
            "gross_margin": null,
            "gross_margin_4q_avg": 0,
            "net_income": null,
            "revenue": null,
            "common_shares": null,
            "book_valuer_per_share": null,
            "book_valuer_per_share_4q_avg": 0,
            "equity": null,
            "current_ratio": null,
            "debt_ratio": null,
            "inventory_turnover_ratio": null,
            "account_receivable_turnover_ratio": null,
            "reinvestment_rate": null,
            "research_to_sale_ratio": null,
            "price_fair": 0,
            "eps_avg_yearly": 0,
            "eps_latest_yearly": 0,
            "eps_growth_yearly": 0
        },
        "20013": {
            "year_quarter": 20013,
            "year": 2001,
            "quarter": 3,
            "eps": 1.88,
            "eps_growth_year": null,
            "eps_4q": null,
            "eps_4q_growth_year": null,
            "roe": 11.83,
            "roe_4q": 11.83,
            "gross_profit": 199161,
            "gross_margin": 15.83,
            "gross_margin_4q_avg": 5.28,
            "net_income": 112882,
            "revenue": 1258165,
            "common_shares": 600000,
            "book_valuer_per_share": 15.9,
            "book_valuer_per_share_4q_avg": 5.3,
            "equity": 953847,
            "current_ratio": 139.44,
            "debt_ratio": 63.32,
            "inventory_turnover_ratio": 1.96,
            "account_receivable_turnover_ratio": null,
            "reinvestment_rate": null,
            "research_to_sale_ratio": null,
            "price_fair": 0,
            "eps_avg_yearly": 0,
            "eps_latest_yearly": 0,
            "eps_growth_yearly": 0
        },
        "20014": {
            "year_quarter": 20014,
            "year": 2001,
            "quarter": 4,
            "eps": 1.86,
            "eps_growth_year": null,
            "eps_4q": null,
            "eps_4q_growth_year": null,
            "roe": 10.46,
            "roe_4q": 22.29,
            "gross_profit": 240542,
            "gross_margin": 14.66,
            "gross_margin_4q_avg": 7.62,
            "net_income": 105340,
            "revenue": 1641161,
            "common_shares": 600000,
            "book_valuer_per_share": 17.68,
            "book_valuer_per_share_4q_avg": 8.4,
            "equity": 1060923,
            "current_ratio": 134,
            "debt_ratio": 67.04,
            "inventory_turnover_ratio": 2.45,
            "account_receivable_turnover_ratio": null,
            "reinvestment_rate": null,
            "research_to_sale_ratio": null,
            "price_fair": 0,
            "eps_avg_yearly": 0,
            "eps_latest_yearly": 0,
            "eps_growth_yearly": 0
        },
        "20021": {
            "year_quarter": 20021,
            "year": 2002,
            "quarter": 1,
            "eps": 1.78,
            "eps_growth_year": null,
            "eps_4q": null,
            "eps_4q_growth_year": null,
            "roe": 9.04,
            "roe_4q": 31.33,
            "gross_profit": 210201,
            "gross_margin": 17.5,
            "gross_margin_4q_avg": 12,
            "net_income": 100498,
            "revenue": 1201348,
            "common_shares": 600000,
            "book_valuer_per_share": 19.36,
            "book_valuer_per_share_4q_avg": 13.24,
            "equity": 1161385,
            "current_ratio": 151.23,
            "debt_ratio": 58.41,
            "inventory_turnover_ratio": 1.67,
            "account_receivable_turnover_ratio": null,
            "reinvestment_rate": null,
            "research_to_sale_ratio": null,
            "price_fair": 21.36,
            "eps_avg_yearly": 7.12,
            "eps_latest_yearly": 7.12,
            "eps_growth_yearly": -17.2
        },
        "20022": {
            "year_quarter": 20022,
            "year": 2002,
            "quarter": 2,
            "eps": 0.5,
            "eps_growth_year": null,
            "eps_4q": 5.86,
            "eps_4q_growth_year": null,
            "roe": 2.6,
            "roe_4q": 33.93,
            "gross_profit": 147506,
            "gross_margin": 17.72,
            "gross_margin_4q_avg": 16.43,
            "net_income": 29729,
            "revenue": 832406,
            "common_shares": 600000,
            "book_valuer_per_share": 18.77,
            "book_valuer_per_share_4q_avg": 17.93,
            "equity": 1126100,
            "current_ratio": 175.64,
            "debt_ratio": 48.24,
            "inventory_turnover_ratio": 1.38,
            "account_receivable_turnover_ratio": null,
            "reinvestment_rate": null,
            "research_to_sale_ratio": null,
            "price_fair": 13.68,
            "eps_avg_yearly": 4.56,
            "eps_latest_yearly": 2,
            "eps_growth_yearly": -152.42
        },
        "20023": {
            "year_quarter": 20023,
            "year": 2002,
            "quarter": 3,
            "eps": 1.83,
            "eps_growth_year": -2.66,
            "eps_4q": 5.2,
            "eps_4q_growth_year": null,
            "roe": 10.72,
            "roe_4q": 32.82,
            "gross_profit": 209820,
            "gross_margin": 14.95,
            "gross_margin_4q_avg": 16.21,
            "net_income": 127850,
            "revenue": 1403811,
            "common_shares": 700000,
            "book_valuer_per_share": 17.99,
            "book_valuer_per_share_4q_avg": 18.45,
            "equity": 1259417,
            "current_ratio": 149.84,
            "debt_ratio": 57.71,
            "inventory_turnover_ratio": 2.54,
            "account_receivable_turnover_ratio": null,
            "reinvestment_rate": null,
            "research_to_sale_ratio": null,
            "price_fair": 191.8,
            "eps_avg_yearly": 5.48,
            "eps_latest_yearly": 7.32,
            "eps_growth_yearly": 253.05
        },
        "20024": {
            "year_quarter": 20024,
            "year": 2002,
            "quarter": 4,
            "eps": 1.39,
            "eps_growth_year": -25.27,
            "eps_4q": 5.07,
            "eps_4q_growth_year": null,
            "roe": 7.46,
            "roe_4q": 29.82,
            "gross_profit": 261431,
            "gross_margin": 18.34,
            "gross_margin_4q_avg": 17.13,
            "net_income": 97576,
            "revenue": 1425458,
            "common_shares": 700000,
            "book_valuer_per_share": 19.36,
            "book_valuer_per_share_4q_avg": 18.87,
            "equity": 1354985,
            "current_ratio": 163.82,
            "debt_ratio": 50.81,
            "inventory_turnover_ratio": 2.37,
            "account_receivable_turnover_ratio": null,
            "reinvestment_rate": null,
            "research_to_sale_ratio": null,
            "price_fair": 192.5,
            "eps_avg_yearly": 5.5,
            "eps_latest_yearly": 5.56,
            "eps_growth_yearly": 165.75
        },
        "20031": {
            "year_quarter": 20031,
            "year": 2003,
            "quarter": 1,
            "eps": 1.27,
            "eps_growth_year": -28.65,
            "eps_4q": 4.91,
            "eps_4q_growth_year": null,
            "roe": 6.35,
            "roe_4q": 27.130000000000003,
            "gross_profit": 212625,
            "gross_margin": 15.71,
            "gross_margin_4q_avg": 16.68,
            "net_income": 88930,
            "revenue": 1353630,
            "common_shares": 700000,
            "book_valuer_per_share": 20.63,
            "book_valuer_per_share_4q_avg": 19.19,
            "equity": 1443804,
            "current_ratio": 154.8,
            "debt_ratio": 51.04,
            "inventory_turnover_ratio": 2.36,
            "account_receivable_turnover_ratio": null,
            "reinvestment_rate": null,
            "research_to_sale_ratio": null,
            "price_fair": 189.56,
            "eps_avg_yearly": 5.42,
            "eps_latest_yearly": 5.08,
            "eps_growth_yearly": 125.69
        },
        "20032": {
            "year_quarter": 20032,
            "year": 2003,
            "quarter": 2,
            "eps": 0.97,
            "eps_growth_year": 94,
            "eps_4q": 4.89,
            "eps_4q_growth_year": -16.48,
            "roe": 5.46,
            "roe_4q": 29.990000000000002,
            "gross_profit": 197441,
            "gross_margin": 15.64,
            "gross_margin_4q_avg": 16.16,
            "net_income": 77694,
            "revenue": 1262271,
            "common_shares": 797230,
            "book_valuer_per_share": 17.58,
            "book_valuer_per_share_4q_avg": 18.89,
            "equity": 1401286,
            "current_ratio": 154.08,
            "debt_ratio": 50.56,
            "inventory_turnover_ratio": 2.22,
            "account_receivable_turnover_ratio": null,
            "reinvestment_rate": null,
            "research_to_sale_ratio": null,
            "price_fair": 180.6,
            "eps_avg_yearly": 5.16,
            "eps_latest_yearly": 3.88,
            "eps_growth_yearly": 88.99
        },
        "20033": {
            "year_quarter": 20033,
            "year": 2003,
            "quarter": 3,
            "eps": 1.81,
            "eps_growth_year": -1.09,
            "eps_4q": 5.12,
            "eps_4q_growth_year": -1.64,
            "roe": 8.95,
            "roe_4q": 28.22,
            "gross_profit": 267181,
            "gross_margin": 14.99,
            "gross_margin_4q_avg": 16.17,
            "net_income": 144625,
            "revenue": 1782919,
            "common_shares": 861140,
            "book_valuer_per_share": 21.26,
            "book_valuer_per_share_4q_avg": 19.71,
            "equity": 1831074,
            "current_ratio": 146.6,
            "debt_ratio": 54.81,
            "inventory_turnover_ratio": 2.92,
            "account_receivable_turnover_ratio": null,
            "reinvestment_rate": null,
            "research_to_sale_ratio": null,
            "price_fair": 191,
            "eps_avg_yearly": 5.46,
            "eps_latest_yearly": 7.24,
            "eps_growth_yearly": 125.76
        },
        "20034": {
            "year_quarter": 20034,
            "year": 2003,
            "quarter": 4,
            "eps": 1.61,
            "eps_growth_year": 15.83,
            "eps_4q": 5.42,
            "eps_4q_growth_year": 7.06,
            "roe": 6.85,
            "roe_4q": 27.61,
            "gross_profit": 253053,
            "gross_margin": 12.85,
            "gross_margin_4q_avg": 14.8,
            "net_income": 131382,
            "revenue": 1969702,
            "common_shares": 861140,
            "book_valuer_per_share": 22.81,
            "book_valuer_per_share_4q_avg": 20.57,
            "equity": 2002897,
            "current_ratio": 139.56,
            "debt_ratio": 61.5,
            "inventory_turnover_ratio": 2.3,
            "account_receivable_turnover_ratio": null,
            "reinvestment_rate": null,
            "research_to_sale_ratio": null,
            "price_fair": 195.3,
            "eps_avg_yearly": 5.58,
            "eps_latest_yearly": 6.44,
            "eps_growth_yearly": 104.52
        },
        "20041": {
            "year_quarter": 20041,
            "year": 2004,
            "quarter": 1,
            "eps": 1.71,
            "eps_growth_year": 34.65,
            "eps_4q": 5.81,
            "eps_4q_growth_year": 18.23,
            "roe": 7.19,
            "roe_4q": 28.45,
            "gross_profit": 243445,
            "gross_margin": 12.45,
            "gross_margin_4q_avg": 13.98,
            "net_income": 147533,
            "revenue": 1955292,
            "common_shares": 861140,
            "book_valuer_per_share": 24.4,
            "book_valuer_per_share_4q_avg": 21.51,
            "equity": 2101555,
            "current_ratio": 165.14,
            "debt_ratio": 64.31,
            "inventory_turnover_ratio": 2.15,
            "account_receivable_turnover_ratio": null,
            "reinvestment_rate": null,
            "research_to_sale_ratio": null,
            "price_fair": 200.2,
            "eps_avg_yearly": 5.72,
            "eps_latest_yearly": 6.84,
            "eps_growth_yearly": 95.67
        },
        "20042": {
            "year_quarter": 20042,
            "year": 2004,
            "quarter": 2,
            "eps": 1.07,
            "eps_growth_year": 10.31,
            "eps_4q": 5.32,
            "eps_4q_growth_year": 8.62,
            "roe": 5.38,
            "roe_4q": 28.37,
            "gross_profit": 219199,
            "gross_margin": 12.53,
            "gross_margin_4q_avg": 13.21,
            "net_income": 106717,
            "revenue": 1749245,
            "common_shares": 861140,
            "book_valuer_per_share": 21.67,
            "book_valuer_per_share_4q_avg": 22.54,
            "equity": 1866163,
            "current_ratio": 154.65,
            "debt_ratio": 66.47,
            "inventory_turnover_ratio": 2.49,
            "account_receivable_turnover_ratio": null,
            "reinvestment_rate": null,
            "research_to_sale_ratio": null,
            "price_fair": 195.16,
            "eps_avg_yearly": 5.58,
            "eps_latest_yearly": 4.28,
            "eps_growth_yearly": 71.13
        },
        "20043": {
            "year_quarter": 20043,
            "year": 2004,
            "quarter": 3,
            "eps": 1.09,
            "eps_growth_year": -39.78,
            "eps_4q": 4.96,
            "eps_4q_growth_year": -3.05,
            "roe": 5.69,
            "roe_4q": 25.11,
            "gross_profit": 220116,
            "gross_margin": 11.15,
            "gross_margin_4q_avg": 12.25,
            "net_income": 108603,
            "revenue": 1973438,
            "common_shares": 1005311,
            "book_valuer_per_share": 19.4,
            "book_valuer_per_share_4q_avg": 22.07,
            "equity": 1949827,
            "current_ratio": 151.81,
            "debt_ratio": 66.31,
            "inventory_turnover_ratio": 2.72,
            "account_receivable_turnover_ratio": null,
            "reinvestment_rate": null,
            "research_to_sale_ratio": null,
            "price_fair": 191.29,
            "eps_avg_yearly": 5.47,
            "eps_latest_yearly": 4.36,
            "eps_growth_yearly": 65.34
        },
        "20044": {
            "year_quarter": 20044,
            "year": 2004,
            "quarter": 4,
            "eps": 1.29,
            "eps_growth_year": -19.88,
            "eps_4q": 4.97,
            "eps_4q_growth_year": -8.36,
            "roe": 6.43,
            "roe_4q": 24.69,
            "gross_profit": 250054,
            "gross_margin": 10.9,
            "gross_margin_4q_avg": 11.76,
            "net_income": 127164,
            "revenue": 2293946,
            "common_shares": 1005311,
            "book_valuer_per_share": 19.95,
            "book_valuer_per_share_4q_avg": 21.36,
            "equity": 2006514,
            "current_ratio": 159.35,
            "debt_ratio": 68.04,
            "inventory_turnover_ratio": 2.67,
            "account_receivable_turnover_ratio": null,
            "reinvestment_rate": null,
            "research_to_sale_ratio": null,
            "price_fair": 190.4,
            "eps_avg_yearly": 5.44,
            "eps_latest_yearly": 5.16,
            "eps_growth_yearly": 66.01
        },
        "20051": {
            "year_quarter": 20051,
            "year": 2005,
            "quarter": 1,
            "eps": 0.98,
            "eps_growth_year": -42.69,
            "eps_4q": 4.48,
            "eps_4q_growth_year": -22.96,
            "roe": 4.69,
            "roe_4q": 22.19,
            "gross_profit": 227896,
            "gross_margin": 10.95,
            "gross_margin_4q_avg": 11.38,
            "net_income": 96013,
            "revenue": 2080716,
            "common_shares": 1005311,
            "book_valuer_per_share": 20.77,
            "book_valuer_per_share_4q_avg": 20.45,
            "equity": 2088335,
            "current_ratio": 141.19,
            "debt_ratio": 65.85,
            "inventory_turnover_ratio": 2.59,
            "account_receivable_turnover_ratio": null,
            "reinvestment_rate": null,
            "research_to_sale_ratio": null,
            "price_fair": 186.31,
            "eps_avg_yearly": 5.32,
            "eps_latest_yearly": 3.92,
            "eps_growth_yearly": 53.54
        },
        "20052": {
            "year_quarter": 20052,
            "year": 2005,
            "quarter": 2,
            "eps": 0.84,
            "eps_growth_year": -21.5,
            "eps_4q": 3.49,
            "eps_4q_growth_year": -34.29,
            "roe": 5.05,
            "roe_4q": 21.860000000000003,
            "gross_profit": 263294,
            "gross_margin": 12.28,
            "gross_margin_4q_avg": 11.32,
            "net_income": 105021,
            "revenue": 2144415,
            "common_shares": 1005311,
            "book_valuer_per_share": 20.58,
            "book_valuer_per_share_4q_avg": 20.18,
            "equity": 2068888,
            "current_ratio": 138.11,
            "debt_ratio": 67.26,
            "inventory_turnover_ratio": 2.57,
            "account_receivable_turnover_ratio": null,
            "reinvestment_rate": 19.9,
            "research_to_sale_ratio": null,
            "price_fair": 181.4,
            "eps_avg_yearly": 5.18,
            "eps_latest_yearly": 3.36,
            "eps_growth_yearly": 45.64
        },
        "20053": {
            "year_quarter": 20053,
            "year": 2005,
            "quarter": 3,
            "eps": 0.99,
            "eps_growth_year": -9.17,
            "eps_4q": 3.62,
            "eps_4q_growth_year": -27.08,
            "roe": 5.68,
            "roe_4q": 21.85,
            "gross_profit": 328427,
            "gross_margin": 13.25,
            "gross_margin_4q_avg": 11.85,
            "net_income": 123669,
            "revenue": 2478075,
            "common_shares": 1273239,
            "book_valuer_per_share": 17.95,
            "book_valuer_per_share_4q_avg": 19.81,
            "equity": 2284957,
            "current_ratio": 135.76,
            "debt_ratio": 68.04,
            "inventory_turnover_ratio": 2.25,
            "account_receivable_turnover_ratio": null,
            "reinvestment_rate": -1.08,
            "research_to_sale_ratio": null,
            "price_fair": 178.55,
            "eps_avg_yearly": 5.1,
            "eps_latest_yearly": 3.96,
            "eps_growth_yearly": 47.35
        },
        "20054": {
            "year_quarter": 20054,
            "year": 2005,
            "quarter": 4,
            "eps": 1.05,
            "eps_growth_year": -18.6,
            "eps_4q": 3.67,
            "eps_4q_growth_year": -26.19,
            "roe": 5.42,
            "roe_4q": 20.84,
            "gross_profit": 371196,
            "gross_margin": 13.06,
            "gross_margin_4q_avg": 12.39,
            "net_income": 130188,
            "revenue": 2842437,
            "common_shares": 1273239,
            "book_valuer_per_share": 18.85,
            "book_valuer_per_share_4q_avg": 19.54,
            "equity": 2521054,
            "current_ratio": 127.12,
            "debt_ratio": 69.48,
            "inventory_turnover_ratio": 1.89,
            "account_receivable_turnover_ratio": null,
            "reinvestment_rate": 43.04,
            "research_to_sale_ratio": null,
            "price_fair": 176.58,
            "eps_avg_yearly": 5.05,
            "eps_latest_yearly": 4.2,
            "eps_growth_yearly": 45.91
        },
        "20061": {
            "year_quarter": 20061,
            "year": 2006,
            "quarter": 1,
            "eps": 0.95,
            "eps_growth_year": -3.06,
            "eps_4q": 3.79,
            "eps_4q_growth_year": -15.22,
            "roe": 4.64,
            "roe_4q": 20.79,
            "gross_profit": 290522,
            "gross_margin": 11.81,
            "gross_margin_4q_avg": 12.6,
            "net_income": 119856,
            "revenue": 2460023,
            "common_shares": 1282475,
            "book_valuer_per_share": 20.63,
            "book_valuer_per_share_4q_avg": 19.5,
            "equity": 2645199,
            "current_ratio": 131.85,
            "debt_ratio": 57.09,
            "inventory_turnover_ratio": 1.85,
            "account_receivable_turnover_ratio": null,
            "reinvestment_rate": 0.44,
            "research_to_sale_ratio": null,
            "price_fair": 169.31,
            "eps_avg_yearly": 4.84,
            "eps_latest_yearly": 3.8,
            "eps_growth_yearly": 44.6
        },
        "20062": {
            "year_quarter": 20062,
            "year": 2006,
            "quarter": 2,
            "eps": 0.28,
            "eps_growth_year": -66.67,
            "eps_4q": 2.88,
            "eps_4q_growth_year": -17.46,
            "roe": 1.58,
            "roe_4q": 17.32,
            "gross_profit": 277111,
            "gross_margin": 13.09,
            "gross_margin_4q_avg": 12.8,
            "net_income": 40190,
            "revenue": 2116622,
            "common_shares": 1284155,
            "book_valuer_per_share": 18.99,
            "book_valuer_per_share_4q_avg": 19.11,
            "equity": 2439170,
            "current_ratio": 123.53,
            "debt_ratio": 60.42,
            "inventory_turnover_ratio": 2.11,
            "account_receivable_turnover_ratio": null,
            "reinvestment_rate": 0.47,
            "research_to_sale_ratio": null,
            "price_fair": 167.39,
            "eps_avg_yearly": 4.78,
            "eps_latest_yearly": 1.12,
            "eps_growth_yearly": 44.95
        },
        "20063": {
            "year_quarter": 20063,
            "year": 2006,
            "quarter": 3,
            "eps": 1.35,
            "eps_growth_year": 36.36,
            "eps_4q": 3.35,
            "eps_4q_growth_year": -7.44,
            "roe": 7.67,
            "roe_4q": 19.310000000000002,
            "gross_profit": 382776,
            "gross_margin": 12.89,
            "gross_margin_4q_avg": 12.71,
            "net_income": 196075,
            "revenue": 2970114,
            "common_shares": 1462704,
            "book_valuer_per_share": 18.3,
            "book_valuer_per_share_4q_avg": 19.19,
            "equity": 2676441,
            "current_ratio": 122.24,
            "debt_ratio": 62.65,
            "inventory_turnover_ratio": 2.41,
            "account_receivable_turnover_ratio": null,
            "reinvestment_rate": 0.41,
            "research_to_sale_ratio": null,
            "price_fair": 163.19,
            "eps_avg_yearly": 4.66,
            "eps_latest_yearly": 5.4,
            "eps_growth_yearly": 73.99
        },
        "20064": {
            "year_quarter": 20064,
            "year": 2006,
            "quarter": 4,
            "eps": 0.99,
            "eps_growth_year": -5.71,
            "eps_4q": 3.43,
            "eps_4q_growth_year": -6.4,
            "roe": 4.98,
            "roe_4q": 18.87,
            "gross_profit": 378010,
            "gross_margin": 11.17,
            "gross_margin_4q_avg": 12.24,
            "net_income": 144252,
            "revenue": 3383570,
            "common_shares": 1507613,
            "book_valuer_per_share": 19.71,
            "book_valuer_per_share_4q_avg": 19.41,
            "equity": 3113538,
            "current_ratio": 134.08,
            "debt_ratio": 64.16,
            "inventory_turnover_ratio": 2.09,
            "account_receivable_turnover_ratio": null,
            "reinvestment_rate": 38.42,
            "research_to_sale_ratio": null,
            "price_fair": 159.69,
            "eps_avg_yearly": 4.56,
            "eps_latest_yearly": 3.96,
            "eps_growth_yearly": 73.33
        },
        "20071": {
            "year_quarter": 20071,
            "year": 2007,
            "quarter": 1,
            "eps": 1.41,
            "eps_growth_year": 48.42,
            "eps_4q": 3.94,
            "eps_4q_growth_year": 3.79,
            "roe": 6.69,
            "roe_4q": 20.92,
            "gross_profit": 405998,
            "gross_margin": 13.29,
            "gross_margin_4q_avg": 12.61,
            "net_income": 212219,
            "revenue": 3054764,
            "common_shares": 1510480,
            "book_valuer_per_share": 21.37,
            "book_valuer_per_share_4q_avg": 19.59,
            "equity": 3227624,
            "current_ratio": 121.83,
            "debt_ratio": 60.17,
            "inventory_turnover_ratio": 1.75,
            "account_receivable_turnover_ratio": null,
            "reinvestment_rate": -0.02,
            "research_to_sale_ratio": null,
            "price_fair": 160.91,
            "eps_avg_yearly": 4.6,
            "eps_latest_yearly": 5.64,
            "eps_growth_yearly": 86.09
        },
        "20072": {
            "year_quarter": 20072,
            "year": 2007,
            "quarter": 2,
            "eps": 0.93,
            "eps_growth_year": 232.14,
            "eps_4q": 4.12,
            "eps_4q_growth_year": 42.79,
            "roe": 5.06,
            "roe_4q": 24.4,
            "gross_profit": 397825,
            "gross_margin": 12.6,
            "gross_margin_4q_avg": 12.49,
            "net_income": 161206,
            "revenue": 3156330,
            "common_shares": 1510480,
            "book_valuer_per_share": 20.83,
            "book_valuer_per_share_4q_avg": 20.05,
            "equity": 3145966,
            "current_ratio": 115.39,
            "debt_ratio": 60.82,
            "inventory_turnover_ratio": 2.04,
            "account_receivable_turnover_ratio": null,
            "reinvestment_rate": 0.41,
            "research_to_sale_ratio": null,
            "price_fair": 160.56,
            "eps_avg_yearly": 4.59,
            "eps_latest_yearly": 3.72,
            "eps_growth_yearly": 83.49
        },
        "20073": {
            "year_quarter": 20073,
            "year": 2007,
            "quarter": 3,
            "eps": 1.2,
            "eps_growth_year": -11.11,
            "eps_4q": 4.16,
            "eps_4q_growth_year": 24.1,
            "roe": 5.82,
            "roe_4q": 22.55,
            "gross_profit": 479533,
            "gross_margin": 12.66,
            "gross_margin_4q_avg": 12.43,
            "net_income": 210210,
            "revenue": 3787460,
            "common_shares": 1900020,
            "book_valuer_per_share": 21.43,
            "book_valuer_per_share_4q_avg": 20.84,
            "equity": 4071617,
            "current_ratio": 132.39,
            "debt_ratio": 55.38,
            "inventory_turnover_ratio": 2.26,
            "account_receivable_turnover_ratio": null,
            "reinvestment_rate": 0.36,
            "research_to_sale_ratio": null,
            "price_fair": 155.23,
            "eps_avg_yearly": 4.44,
            "eps_latest_yearly": 4.8,
            "eps_growth_yearly": 69.1
        },
        "20074": {
            "year_quarter": 20074,
            "year": 2007,
            "quarter": 4,
            "eps": 0.9,
            "eps_growth_year": -9.09,
            "eps_4q": 4.13,
            "eps_4q_growth_year": 20.24,
            "roe": 3.68,
            "roe_4q": 21.25,
            "gross_profit": 513033,
            "gross_margin": 12.12,
            "gross_margin_4q_avg": 12.67,
            "net_income": 162676,
            "revenue": 4233740,
            "common_shares": 1970020,
            "book_valuer_per_share": 23.07,
            "book_valuer_per_share_4q_avg": 21.68,
            "equity": 4769674,
            "current_ratio": 149.99,
            "debt_ratio": 57.64,
            "inventory_turnover_ratio": 2.05,
            "account_receivable_turnover_ratio": null,
            "reinvestment_rate": 24.97,
            "research_to_sale_ratio": null,
            "price_fair": 149.01,
            "eps_avg_yearly": 4.26,
            "eps_latest_yearly": 3.6,
            "eps_growth_yearly": 65.61
        },
        "20081": {
            "year_quarter": 20081,
            "year": 2008,
            "quarter": 1,
            "eps": 0.65,
            "eps_growth_year": -53.9,
            "eps_4q": 3.23,
            "eps_4q_growth_year": -17.94,
            "roe": 2.77,
            "roe_4q": 17.33,
            "gross_profit": 660382,
            "gross_margin": 15.8,
            "gross_margin_4q_avg": 13.3,
            "net_income": 133031,
            "revenue": 4179438,
            "common_shares": 1970020,
            "book_valuer_per_share": 23.4,
            "book_valuer_per_share_4q_avg": 22.18,
            "equity": 4840576,
            "current_ratio": 158.36,
            "debt_ratio": 54.37,
            "inventory_turnover_ratio": 1.82,
            "account_receivable_turnover_ratio": null,
            "reinvestment_rate": 38.89,
            "research_to_sale_ratio": null,
            "price_fair": 139.74,
            "eps_avg_yearly": 3.99,
            "eps_latest_yearly": 2.6,
            "eps_growth_yearly": 57.11
        },
        "20082": {
            "year_quarter": 20082,
            "year": 2008,
            "quarter": 2,
            "eps": 0.72,
            "eps_growth_year": -22.58,
            "eps_4q": 2.92,
            "eps_4q_growth_year": -29.13,
            "roe": 3.45,
            "roe_4q": 15.72,
            "gross_profit": 603831,
            "gross_margin": 14.55,
            "gross_margin_4q_avg": 13.78,
            "net_income": 162540,
            "revenue": 4149264,
            "common_shares": 1970020,
            "book_valuer_per_share": 22.1,
            "book_valuer_per_share_4q_avg": 22.5,
            "equity": 4581664,
            "current_ratio": 150.77,
            "debt_ratio": 56.16,
            "inventory_turnover_ratio": 2,
            "account_receivable_turnover_ratio": null,
            "reinvestment_rate": 41.56,
            "research_to_sale_ratio": null,
            "price_fair": 136.68,
            "eps_avg_yearly": 3.91,
            "eps_latest_yearly": 2.88,
            "eps_growth_yearly": 69.16
        },
        "20083": {
            "year_quarter": 20083,
            "year": 2008,
            "quarter": 3,
            "eps": 0.98,
            "eps_growth_year": -18.33,
            "eps_4q": 2.95,
            "eps_4q_growth_year": -28.96,
            "roe": 4.64,
            "roe_4q": 14.54,
            "gross_profit": 734289,
            "gross_margin": 15.06,
            "gross_margin_4q_avg": 14.38,
            "net_income": 220098,
            "revenue": 4877214,
            "common_shares": 2189157,
            "book_valuer_per_share": 21.31,
            "book_valuer_per_share_4q_avg": 22.47,
            "equity": 4899258,
            "current_ratio": 152.11,
            "debt_ratio": 56.36,
            "inventory_turnover_ratio": 2.48,
            "account_receivable_turnover_ratio": null,
            "reinvestment_rate": 38.63,
            "research_to_sale_ratio": null,
            "price_fair": 135.71,
            "eps_avg_yearly": 3.88,
            "eps_latest_yearly": 3.92,
            "eps_growth_yearly": 77.72
        },
        "20084": {
            "year_quarter": 20084,
            "year": 2008,
            "quarter": 4,
            "eps": 0.6,
            "eps_growth_year": -33.33,
            "eps_4q": 2.72,
            "eps_4q_growth_year": -34.16,
            "roe": 2.82,
            "roe_4q": 13.68,
            "gross_profit": 438448,
            "gross_margin": 12.59,
            "gross_margin_4q_avg": 14.5,
            "net_income": 139476,
            "revenue": 3482439,
            "common_shares": 2126887,
            "book_valuer_per_share": 22.31,
            "book_valuer_per_share_4q_avg": 22.28,
            "equity": 4997147,
            "current_ratio": 159.55,
            "debt_ratio": 51.59,
            "inventory_turnover_ratio": 1.91,
            "account_receivable_turnover_ratio": 1.65,
            "reinvestment_rate": 23.51,
            "research_to_sale_ratio": null,
            "price_fair": 129.68,
            "eps_avg_yearly": 3.71,
            "eps_latest_yearly": 2.4,
            "eps_growth_yearly": 63.44
        },
        "20091": {
            "year_quarter": 20091,
            "year": 2009,
            "quarter": 1,
            "eps": 0.67,
            "eps_growth_year": 3.08,
            "eps_4q": 2.94,
            "eps_4q_growth_year": -8.92,
            "roe": 2.88,
            "roe_4q": 13.79,
            "gross_profit": 521097,
            "gross_margin": 15.74,
            "gross_margin_4q_avg": 14.49,
            "net_income": 147410,
            "revenue": 3311096,
            "common_shares": 2126887,
            "book_valuer_per_share": 23.28,
            "book_valuer_per_share_4q_avg": 22.25,
            "equity": 5223853,
            "current_ratio": 171.69,
            "debt_ratio": 48.03,
            "inventory_turnover_ratio": 1.83,
            "account_receivable_turnover_ratio": 0.82,
            "reinvestment_rate": 46.02,
            "research_to_sale_ratio": null,
            "price_fair": 126.96,
            "eps_avg_yearly": 3.63,
            "eps_latest_yearly": 2.68,
            "eps_growth_yearly": 72.37
        },
        "20092": {
            "year_quarter": 20092,
            "year": 2009,
            "quarter": 2,
            "eps": 0.74,
            "eps_growth_year": 2.78,
            "eps_4q": 2.76,
            "eps_4q_growth_year": -5.39,
            "roe": 3.44,
            "roe_4q": 13.780000000000001,
            "gross_profit": 613787,
            "gross_margin": 16.73,
            "gross_margin_4q_avg": 15.03,
            "net_income": 174179,
            "revenue": 3669266,
            "common_shares": 2126887,
            "book_valuer_per_share": 21.73,
            "book_valuer_per_share_4q_avg": 22.16,
            "equity": 4901161,
            "current_ratio": 161.35,
            "debt_ratio": 50.93,
            "inventory_turnover_ratio": 2.15,
            "account_receivable_turnover_ratio": 0.98,
            "reinvestment_rate": 45.19,
            "research_to_sale_ratio": null,
            "price_fair": 126.09,
            "eps_avg_yearly": 3.6,
            "eps_latest_yearly": 2.96,
            "eps_growth_yearly": 78.55
        },
        "20093": {
            "year_quarter": 20093,
            "year": 2009,
            "quarter": 3,
            "eps": 1.46,
            "eps_growth_year": 48.98,
            "eps_4q": 3.33,
            "eps_4q_growth_year": 12.78,
            "roe": 6.52,
            "roe_4q": 15.66,
            "gross_profit": 857075,
            "gross_margin": 19.28,
            "gross_margin_4q_avg": 16.09,
            "net_income": 330712,
            "revenue": 4445187,
            "common_shares": 2182529,
            "book_valuer_per_share": 22.48,
            "book_valuer_per_share_4q_avg": 22.45,
            "equity": 5245395,
            "current_ratio": 163.77,
            "debt_ratio": 51.23,
            "inventory_turnover_ratio": 2.49,
            "account_receivable_turnover_ratio": 1.09,
            "reinvestment_rate": 39.95,
            "research_to_sale_ratio": null,
            "price_fair": 130.2,
            "eps_avg_yearly": 3.72,
            "eps_latest_yearly": 5.84,
            "eps_growth_yearly": 98.41
        },
        "20094": {
            "year_quarter": 20094,
            "year": 2009,
            "quarter": 4,
            "eps": 1.07,
            "eps_growth_year": 78.33,
            "eps_4q": 3.9,
            "eps_4q_growth_year": 43.53,
            "roe": 4.99,
            "roe_4q": 17.83,
            "gross_profit": 818265,
            "gross_margin": 18.59,
            "gross_margin_4q_avg": 17.59,
            "net_income": 267215,
            "revenue": 4402148,
            "common_shares": 2182529,
            "book_valuer_per_share": 23.47,
            "book_valuer_per_share_4q_avg": 22.74,
            "equity": 5458860,
            "current_ratio": 158.29,
            "debt_ratio": 53.96,
            "inventory_turnover_ratio": 2.06,
            "account_receivable_turnover_ratio": 1.87,
            "reinvestment_rate": 13.53,
            "research_to_sale_ratio": null,
            "price_fair": 130.38,
            "eps_avg_yearly": 3.73,
            "eps_latest_yearly": 4.28,
            "eps_growth_yearly": 90.22
        },
        "20101": {
            "year_quarter": 20101,
            "year": 2010,
            "quarter": 1,
            "eps": 1.09,
            "eps_growth_year": 62.69,
            "eps_4q": 4.3,
            "eps_4q_growth_year": 46.23,
            "roe": 4.39,
            "roe_4q": 19.34,
            "gross_profit": 751837,
            "gross_margin": 16.73,
            "gross_margin_4q_avg": 17.83,
            "net_income": 245180,
            "revenue": 4493815,
            "common_shares": 2187189,
            "book_valuer_per_share": 24.51,
            "book_valuer_per_share_4q_avg": 23.05,
            "equity": 5702045,
            "current_ratio": 163.6,
            "debt_ratio": 52.35,
            "inventory_turnover_ratio": 1.96,
            "account_receivable_turnover_ratio": 0.93,
            "reinvestment_rate": 39.04,
            "research_to_sale_ratio": 2.09,
            "price_fair": 131.6,
            "eps_avg_yearly": 3.76,
            "eps_latest_yearly": 4.36,
            "eps_growth_yearly": 93.06
        },
        "20102": {
            "year_quarter": 20102,
            "year": 2010,
            "quarter": 2,
            "eps": 1.03,
            "eps_growth_year": 38.72,
            "eps_4q": 4.55,
            "eps_4q_growth_year": 64.68,
            "roe": 4.16,
            "roe_4q": 20.060000000000002,
            "gross_profit": 730851,
            "gross_margin": 15.95,
            "gross_margin_4q_avg": 17.64,
            "net_income": 231569,
            "revenue": 4583379,
            "common_shares": 2199509,
            "book_valuer_per_share": 23.17,
            "book_valuer_per_share_4q_avg": 23.41,
            "equity": 5437051,
            "current_ratio": 150.11,
            "debt_ratio": 57.28,
            "inventory_turnover_ratio": 1.85,
            "account_receivable_turnover_ratio": 0.91,
            "reinvestment_rate": 38.69,
            "research_to_sale_ratio": 2.12,
            "price_fair": 138.16,
            "eps_avg_yearly": 3.95,
            "eps_latest_yearly": 4.12,
            "eps_growth_yearly": 109.32
        },
        "20103": {
            "year_quarter": 20103,
            "year": 2010,
            "quarter": 3,
            "eps": 1.26,
            "eps_growth_year": -13.68,
            "eps_4q": 4.39,
            "eps_4q_growth_year": 31.76,
            "roe": 5.08,
            "roe_4q": 18.619999999999997,
            "gross_profit": 831776,
            "gross_margin": 15.47,
            "gross_margin_4q_avg": 16.69,
            "net_income": 283370,
            "revenue": 5377399,
            "common_shares": 2245522,
            "book_valuer_per_share": 23.82,
            "book_valuer_per_share_4q_avg": 23.74,
            "equity": 5711988,
            "current_ratio": 160.78,
            "debt_ratio": 53.33,
            "inventory_turnover_ratio": 2.02,
            "account_receivable_turnover_ratio": 1.07,
            "reinvestment_rate": 36.59,
            "research_to_sale_ratio": 2.05,
            "price_fair": 115.27,
            "eps_avg_yearly": 3.93,
            "eps_latest_yearly": 5.04,
            "eps_growth_yearly": 19.37
        },
        "20104": {
            "year_quarter": 20104,
            "year": 2010,
            "quarter": 4,
            "eps": 0.48,
            "eps_growth_year": -55.47,
            "eps_4q": 3.82,
            "eps_4q_growth_year": -2.22,
            "roe": 2.19,
            "roe_4q": 15.82,
            "gross_profit": 686961,
            "gross_margin": 15.01,
            "gross_margin_4q_avg": 15.79,
            "net_income": 124519,
            "revenue": 4576908,
            "common_shares": 2249092,
            "book_valuer_per_share": 23.71,
            "book_valuer_per_share_4q_avg": 23.8,
            "equity": 5676648,
            "current_ratio": 163.21,
            "debt_ratio": 52.32,
            "inventory_turnover_ratio": 1.85,
            "account_receivable_turnover_ratio": 0.96,
            "reinvestment_rate": 11.6,
            "research_to_sale_ratio": 2.14,
            "price_fair": 78.07,
            "eps_avg_yearly": 3.8,
            "eps_latest_yearly": 1.92,
            "eps_growth_yearly": 10.56
        },
        "20111": {
            "year_quarter": 20111,
            "year": 2011,
            "quarter": 1,
            "eps": 0.33,
            "eps_growth_year": -69.72,
            "eps_4q": 3.08,
            "eps_4q_growth_year": -28.42,
            "roe": 1.48,
            "roe_4q": 12.91,
            "gross_profit": 555737,
            "gross_margin": 13.95,
            "gross_margin_4q_avg": 15.1,
            "net_income": 85079,
            "revenue": 3982736,
            "common_shares": 2256292,
            "book_valuer_per_share": 24.2,
            "book_valuer_per_share_4q_avg": 23.73,
            "equity": 5814903,
            "current_ratio": 168.72,
            "debt_ratio": 50.62,
            "inventory_turnover_ratio": 1.77,
            "account_receivable_turnover_ratio": 0.91,
            "reinvestment_rate": 35.97,
            "research_to_sale_ratio": 2.5,
            "price_fair": 10.58,
            "eps_avg_yearly": 3.53,
            "eps_latest_yearly": 1.32,
            "eps_growth_yearly": -7.86
        },
        "20112": {
            "year_quarter": 20112,
            "year": 2011,
            "quarter": 2,
            "eps": 0.45,
            "eps_growth_year": -55.87,
            "eps_4q": 2.49,
            "eps_4q_growth_year": -45.33,
            "roe": 2.01,
            "roe_4q": 10.76,
            "gross_profit": 625510,
            "gross_margin": 13.78,
            "gross_margin_4q_avg": 14.55,
            "net_income": 111857,
            "revenue": 4537742,
            "common_shares": 2262182,
            "book_valuer_per_share": 21.99,
            "book_valuer_per_share_4q_avg": 23.43,
            "equity": 5307126,
            "current_ratio": 153.25,
            "debt_ratio": 55.93,
            "inventory_turnover_ratio": 2.04,
            "account_receivable_turnover_ratio": 1.05,
            "reinvestment_rate": 36.25,
            "research_to_sale_ratio": 2.43,
            "price_fair": 67.27,
            "eps_avg_yearly": 3.41,
            "eps_latest_yearly": 1.8,
            "eps_growth_yearly": 9.74
        },
        "20113": {
            "year_quarter": 20113,
            "year": 2011,
            "quarter": 3,
            "eps": 1.21,
            "eps_growth_year": -4.28,
            "eps_4q": 2.45,
            "eps_4q_growth_year": -44.07,
            "roe": 5.12,
            "roe_4q": 10.799999999999999,
            "gross_profit": 843196,
            "gross_margin": 16.51,
            "gross_margin_4q_avg": 14.81,
            "net_income": 283222,
            "revenue": 5108261,
            "common_shares": 2287518,
            "book_valuer_per_share": 23.64,
            "book_valuer_per_share_4q_avg": 23.39,
            "equity": 5757010,
            "current_ratio": 161.26,
            "debt_ratio": 53.27,
            "inventory_turnover_ratio": 2.22,
            "account_receivable_turnover_ratio": 1.07,
            "reinvestment_rate": 36.03,
            "research_to_sale_ratio": 2.51,
            "price_fair": 119.35,
            "eps_avg_yearly": 3.41,
            "eps_latest_yearly": 4.84,
            "eps_growth_yearly": 44.7
        },
        "20114": {
            "year_quarter": 20114,
            "year": 2011,
            "quarter": 4,
            "eps": 0.63,
            "eps_growth_year": 31.71,
            "eps_4q": 2.61,
            "eps_4q_growth_year": -31.52,
            "roe": 2.72,
            "roe_4q": 11.33,
            "gross_profit": 577881,
            "gross_margin": 13.67,
            "gross_margin_4q_avg": 14.48,
            "net_income": 158917,
            "revenue": 4226352,
            "common_shares": 2287618,
            "book_valuer_per_share": 24.31,
            "book_valuer_per_share_4q_avg": 23.54,
            "equity": 5929582,
            "current_ratio": 162.84,
            "debt_ratio": 52.81,
            "inventory_turnover_ratio": 1.78,
            "account_receivable_turnover_ratio": 0.88,
            "reinvestment_rate": 6.21,
            "research_to_sale_ratio": 4.2,
            "price_fair": 116.99,
            "eps_avg_yearly": 3.34,
            "eps_latest_yearly": 2.52,
            "eps_growth_yearly": 38.97
        },
        "20121": {
            "year_quarter": 20121,
            "year": 2012,
            "quarter": 1,
            "eps": 0.61,
            "eps_growth_year": 84.85,
            "eps_4q": 2.89,
            "eps_4q_growth_year": -6.24,
            "roe": 2.52,
            "roe_4q": 12.37,
            "gross_profit": 651751,
            "gross_margin": 15.4,
            "gross_margin_4q_avg": 14.84,
            "net_income": 150850,
            "revenue": 4233164,
            "common_shares": 2292748,
            "book_valuer_per_share": 24.65,
            "book_valuer_per_share_4q_avg": 23.65,
            "equity": 6050517,
            "current_ratio": 173.73,
            "debt_ratio": 49.53,
            "inventory_turnover_ratio": 1.74,
            "account_receivable_turnover_ratio": 0.92,
            "reinvestment_rate": 5.81,
            "research_to_sale_ratio": 3.09,
            "price_fair": 116.64,
            "eps_avg_yearly": 3.33,
            "eps_latest_yearly": 2.44,
            "eps_growth_yearly": 45.12
        },
        "20122": {
            "year_quarter": 20122,
            "year": 2012,
            "quarter": 2,
            "eps": 0.87,
            "eps_growth_year": 91.08,
            "eps_4q": 3.3,
            "eps_4q_growth_year": 32.84,
            "roe": 3.56,
            "roe_4q": 13.920000000000002,
            "gross_profit": 634000,
            "gross_margin": 15.15,
            "gross_margin_4q_avg": 15.18,
            "net_income": 209537,
            "revenue": 4183889,
            "common_shares": 2293528,
            "book_valuer_per_share": 23.56,
            "book_valuer_per_share_4q_avg": 24.04,
            "equity": 5736883,
            "current_ratio": 167.75,
            "debt_ratio": 51.17,
            "inventory_turnover_ratio": 1.98,
            "account_receivable_turnover_ratio": 0.92,
            "reinvestment_rate": 2.79,
            "research_to_sale_ratio": 1.95,
            "price_fair": 117.95,
            "eps_avg_yearly": 3.37,
            "eps_latest_yearly": 3.48,
            "eps_growth_yearly": 53.09
        },
        "20123": {
            "year_quarter": 20123,
            "year": 2012,
            "quarter": 3,
            "eps": 0.71,
            "eps_growth_year": -40.85,
            "eps_4q": 2.81,
            "eps_4q_growth_year": 14.53,
            "roe": 2.98,
            "roe_4q": 11.780000000000001,
            "gross_profit": 765475,
            "gross_margin": 16.69,
            "gross_margin_4q_avg": 15.23,
            "net_income": 173085,
            "revenue": 4587734,
            "common_shares": 2295838,
            "book_valuer_per_share": 24.17,
            "book_valuer_per_share_4q_avg": 24.17,
            "equity": 5888337,
            "current_ratio": 175.34,
            "debt_ratio": 48.98,
            "inventory_turnover_ratio": 2.41,
            "account_receivable_turnover_ratio": 1.02,
            "reinvestment_rate": 2.6,
            "research_to_sale_ratio": 2.36,
            "price_fair": 115.59,
            "eps_avg_yearly": 3.3,
            "eps_latest_yearly": 2.84,
            "eps_growth_yearly": 39.46
        },
        "20124": {
            "year_quarter": 20124,
            "year": 2012,
            "quarter": 4,
            "eps": 0.34,
            "eps_growth_year": -46.07,
            "eps_4q": 2.52,
            "eps_4q_growth_year": -3.52,
            "roe": 1.21,
            "roe_4q": 10.27,
            "gross_profit": 418074,
            "gross_margin": 11.92,
            "gross_margin_4q_avg": 14.79,
            "net_income": 71655,
            "revenue": 3507137,
            "common_shares": 2298768,
            "book_valuer_per_share": 24.49,
            "book_valuer_per_share_4q_avg": 24.22,
            "equity": 5966105,
            "current_ratio": 178.51,
            "debt_ratio": 48.19,
            "inventory_turnover_ratio": 2.09,
            "account_receivable_turnover_ratio": 0.84,
            "reinvestment_rate": -5.43,
            "research_to_sale_ratio": 3.09,
            "price_fair": 113.31,
            "eps_avg_yearly": 3.24,
            "eps_latest_yearly": 1.36,
            "eps_growth_yearly": 36.13
        },
        "20131": {
            "year_quarter": 20131,
            "year": 2013,
            "quarter": 1,
            "eps": 0.39,
            "eps_growth_year": -36.07,
            "eps_4q": 2.29,
            "eps_4q_growth_year": -20.63,
            "roe": 1.45,
            "roe_4q": 9.200000000000001,
            "gross_profit": 515982,
            "gross_margin": 14.26,
            "gross_margin_4q_avg": 14.51,
            "net_income": 90095,
            "revenue": 3618914,
            "common_shares": 2307608,
            "book_valuer_per_share": 26.39,
            "book_valuer_per_share_4q_avg": 24.65,
            "equity": 6427603,
            "current_ratio": 182.18,
            "debt_ratio": 46.13,
            "inventory_turnover_ratio": 2.11,
            "account_receivable_turnover_ratio": 0.92,
            "reinvestment_rate": 7.96,
            "research_to_sale_ratio": 2.89,
            "price_fair": 110.86,
            "eps_avg_yearly": 3.17,
            "eps_latest_yearly": 1.56,
            "eps_growth_yearly": 36.89
        },
        "20132": {
            "year_quarter": 20132,
            "year": 2013,
            "quarter": 2,
            "eps": 0.85,
            "eps_growth_year": -1.8,
            "eps_4q": 2.28,
            "eps_4q_growth_year": -30.8,
            "roe": 3.11,
            "roe_4q": 8.75,
            "gross_profit": 658911,
            "gross_margin": 16.43,
            "gross_margin_4q_avg": 14.83,
            "net_income": 196546,
            "revenue": 4010798,
            "common_shares": 2309398,
            "book_valuer_per_share": 25.44,
            "book_valuer_per_share_4q_avg": 25.12,
            "equity": 6226428,
            "current_ratio": 170.52,
            "debt_ratio": 49.56,
            "inventory_turnover_ratio": 2.23,
            "account_receivable_turnover_ratio": 0.99,
            "reinvestment_rate": 7.93,
            "research_to_sale_ratio": 2.56,
            "price_fair": 111.83,
            "eps_avg_yearly": 3.2,
            "eps_latest_yearly": 3.4,
            "eps_growth_yearly": 63.76
        },
        "20133": {
            "year_quarter": 20133,
            "year": 2013,
            "quarter": 3,
            "eps": 0.49,
            "eps_growth_year": -31.33,
            "eps_4q": 2.05,
            "eps_4q_growth_year": -26.9,
            "roe": 1.77,
            "roe_4q": 7.54,
            "gross_profit": 563986,
            "gross_margin": 14.13,
            "gross_margin_4q_avg": 14.19,
            "net_income": 111388,
            "revenue": 3991023,
            "common_shares": 2317228,
            "book_valuer_per_share": 25.9,
            "book_valuer_per_share_4q_avg": 25.56,
            "equity": 6343855,
            "current_ratio": 177.61,
            "debt_ratio": 47.42,
            "inventory_turnover_ratio": 2.22,
            "account_receivable_turnover_ratio": 0.95,
            "reinvestment_rate": 11.09,
            "research_to_sale_ratio": 2.6,
            "price_fair": 103.34,
            "eps_avg_yearly": 2.95,
            "eps_latest_yearly": 1.96,
            "eps_growth_yearly": 28.85
        },
        "20134": {
            "year_quarter": 20134,
            "year": 2013,
            "quarter": 4,
            "eps": 0.41,
            "eps_growth_year": 21.34,
            "eps_4q": 2.11,
            "eps_4q_growth_year": -16.32,
            "roe": 1.51,
            "roe_4q": 7.840000000000001,
            "gross_profit": 494666,
            "gross_margin": 13.19,
            "gross_margin_4q_avg": 14.5,
            "net_income": 99383,
            "revenue": 3750886,
            "common_shares": 2344658,
            "book_valuer_per_share": 27.7,
            "book_valuer_per_share_4q_avg": 26.36,
            "equity": 6840464,
            "current_ratio": 177.92,
            "debt_ratio": 46.2,
            "inventory_turnover_ratio": 1.93,
            "account_receivable_turnover_ratio": 0.93,
            "reinvestment_rate": 22.36,
            "research_to_sale_ratio": 2.96,
            "price_fair": 97.56,
            "eps_avg_yearly": 2.79,
            "eps_latest_yearly": 1.64,
            "eps_growth_yearly": 31.44
        },
        "20141": {
            "year_quarter": 20141,
            "year": 2014,
            "quarter": 1,
            "eps": 0.44,
            "eps_growth_year": 12.82,
            "eps_4q": 2.17,
            "eps_4q_growth_year": -5.46,
            "roe": 1.27,
            "roe_4q": 7.66,
            "gross_profit": 462536,
            "gross_margin": 13.26,
            "gross_margin_4q_avg": 14.25,
            "net_income": 90212,
            "revenue": 3488548,
            "common_shares": 2344658,
            "book_valuer_per_share": 29.81,
            "book_valuer_per_share_4q_avg": 27.21,
            "equity": 7321251,
            "current_ratio": 184.97,
            "debt_ratio": 43.01,
            "inventory_turnover_ratio": 1.71,
            "account_receivable_turnover_ratio": 0.9,
            "reinvestment_rate": 39.24,
            "research_to_sale_ratio": 2.98,
            "price_fair": 91.88,
            "eps_avg_yearly": 2.63,
            "eps_latest_yearly": 1.76,
            "eps_growth_yearly": 32.81
        },
        "20142": {
            "year_quarter": 20142,
            "year": 2014,
            "quarter": 2,
            "eps": 0.29,
            "eps_growth_year": -65.88,
            "eps_4q": 1.61,
            "eps_4q_growth_year": -29.33,
            "roe": 0.79,
            "roe_4q": 5.34,
            "gross_profit": 526270,
            "gross_margin": 12.85,
            "gross_margin_4q_avg": 13.36,
            "net_income": 57105,
            "revenue": 4095460,
            "common_shares": 2344658,
            "book_valuer_per_share": 29.34,
            "book_valuer_per_share_4q_avg": 28.19,
            "equity": 7200796,
            "current_ratio": 168.39,
            "debt_ratio": 46.48,
            "inventory_turnover_ratio": 2,
            "account_receivable_turnover_ratio": 1.03,
            "reinvestment_rate": 51.89,
            "research_to_sale_ratio": 2.74,
            "price_fair": 85.4,
            "eps_avg_yearly": 2.44,
            "eps_latest_yearly": 1.16,
            "eps_growth_yearly": 25.66
        },
        "20143": {
            "year_quarter": 20143,
            "year": 2014,
            "quarter": 3,
            "eps": 0.7,
            "eps_growth_year": 42.86,
            "eps_4q": 1.84,
            "eps_4q_growth_year": -10.44,
            "roe": 2.32,
            "roe_4q": 5.89,
            "gross_profit": 576867,
            "gross_margin": 12.98,
            "gross_margin_4q_avg": 13.07,
            "net_income": 171069,
            "revenue": 4444393,
            "common_shares": 2344658,
            "book_valuer_per_share": 30.79,
            "book_valuer_per_share_4q_avg": 29.41,
            "equity": 7540283,
            "current_ratio": 168.85,
            "debt_ratio": 46.37,
            "inventory_turnover_ratio": 2.03,
            "account_receivable_turnover_ratio": 0.98,
            "reinvestment_rate": 62.2,
            "research_to_sale_ratio": 2.53,
            "price_fair": 80.5,
            "eps_avg_yearly": 2.3,
            "eps_latest_yearly": 2.8,
            "eps_growth_yearly": 55.42
        },
        "20144": {
            "year_quarter": 20144,
            "year": 2014,
            "quarter": 4,
            "eps": 0.28,
            "eps_growth_year": -31.31,
            "eps_4q": 1.71,
            "eps_4q_growth_year": -18.86,
            "roe": 1.18,
            "roe_4q": 5.5600000000000005,
            "gross_profit": 502613,
            "gross_margin": 13.42,
            "gross_margin_4q_avg": 13.13,
            "net_income": 91623,
            "revenue": 3745859,
            "common_shares": 2344658,
            "book_valuer_per_share": 32.66,
            "book_valuer_per_share_4q_avg": 30.65,
            "equity": 8007465,
            "current_ratio": 172.23,
            "debt_ratio": 44.48,
            "inventory_turnover_ratio": 1.59,
            "account_receivable_turnover_ratio": 0.82,
            "reinvestment_rate": 81.71,
            "research_to_sale_ratio": 3.07,
            "price_fair": 78.75,
            "eps_avg_yearly": 2.25,
            "eps_latest_yearly": 1.12,
            "eps_growth_yearly": 55.9
        },
        "20151": {
            "year_quarter": 20151,
            "year": 2015,
            "quarter": 1,
            "eps": 0.1,
            "eps_growth_year": -77.27,
            "eps_4q": 1.37,
            "eps_4q_growth_year": -36.76,
            "roe": 0.21,
            "roe_4q": 4.5,
            "gross_profit": 345609,
            "gross_margin": 10.14,
            "gross_margin_4q_avg": 12.35,
            "net_income": 16596,
            "revenue": 3407221,
            "common_shares": 2344658,
            "book_valuer_per_share": 32.95,
            "book_valuer_per_share_4q_avg": 31.44,
            "equity": 8066027,
            "current_ratio": 188.45,
            "debt_ratio": 39.6,
            "inventory_turnover_ratio": 1.52,
            "account_receivable_turnover_ratio": 0.84,
            "reinvestment_rate": 86.23,
            "research_to_sale_ratio": 3.43,
            "price_fair": 76.74,
            "eps_avg_yearly": 2.19,
            "eps_latest_yearly": 0.4,
            "eps_growth_yearly": 47.64
        },
        "20152": {
            "year_quarter": 20152,
            "year": 2015,
            "quarter": 2,
            "eps": -0.23,
            "eps_growth_year": -179.31,
            "eps_4q": 0.86,
            "eps_4q_growth_year": -47.04,
            "roe": -0.71,
            "roe_4q": 3,
            "gross_profit": 329043,
            "gross_margin": 9.74,
            "gross_margin_4q_avg": 11.57,
            "net_income": -58612,
            "revenue": 3377114,
            "common_shares": 2344658,
            "book_valuer_per_share": 34.54,
            "book_valuer_per_share_4q_avg": 32.74,
            "equity": 8349380,
            "current_ratio": 190.1,
            "debt_ratio": 37.26,
            "inventory_turnover_ratio": 1.69,
            "account_receivable_turnover_ratio": 0.87,
            "reinvestment_rate": 119.85,
            "research_to_sale_ratio": 3.4,
            "price_fair": 77.65,
            "eps_avg_yearly": 2.22,
            "eps_latest_yearly": 0.4,
            "eps_growth_yearly": 41.12
        },
        "20153": {
            "year_quarter": 20153,
            "year": 2015,
            "quarter": 3,
            "eps": 0.7,
            "eps_growth_year": 0,
            "eps_4q": 0.95,
            "eps_4q_growth_year": -48.32,
            "roe": 1.78,
            "roe_4q": 2.46,
            "gross_profit": 393195,
            "gross_margin": 11.33,
            "gross_margin_4q_avg": 11.16,
            "net_income": 150070,
            "revenue": 3469962,
            "common_shares": 1922620,
            "book_valuer_per_share": 43.03,
            "book_valuer_per_share_4q_avg": 35.8,
            "equity": 8528749,
            "current_ratio": 174.96,
            "debt_ratio": 39.52,
            "inventory_turnover_ratio": 1.87,
            "account_receivable_turnover_ratio": 0.86,
            "reinvestment_rate": 154.03,
            "research_to_sale_ratio": 3.23,
            "price_fair": 6.09,
            "eps_avg_yearly": 2.03,
            "eps_latest_yearly": 0.4,
            "eps_growth_yearly": -4.2
        },
        "20154": {
            "year_quarter": 20154,
            "year": 2015,
            "quarter": 4,
            "eps": 1.36,
            "eps_growth_year": 382.05,
            "eps_4q": 1.97,
            "eps_4q_growth_year": 14.91,
            "roe": 3.13,
            "roe_4q": 4.41,
            "gross_profit": 438441,
            "gross_margin": 12.13,
            "gross_margin_4q_avg": 10.84,
            "net_income": 269806,
            "revenue": 3613884,
            "common_shares": 1922620,
            "book_valuer_per_share": 44.03,
            "book_valuer_per_share_4q_avg": 38.64,
            "equity": 8729942,
            "current_ratio": 174.55,
            "debt_ratio": 40.33,
            "inventory_turnover_ratio": 1.75,
            "account_receivable_turnover_ratio": 0.88,
            "reinvestment_rate": 144.13,
            "research_to_sale_ratio": 3.08,
            "price_fair": 78.4,
            "eps_avg_yearly": 2.24,
            "eps_latest_yearly": 5.44,
            "eps_growth_yearly": 36.44
        },
        "20161": {
            "year_quarter": 20161,
            "year": 2016,
            "quarter": 1,
            "eps": 0.25,
            "eps_growth_year": 150,
            "eps_4q": 2.09,
            "eps_4q_growth_year": 52.68,
            "roe": 0.59,
            "roe_4q": 4.79,
            "gross_profit": 431994,
            "gross_margin": 11.69,
            "gross_margin_4q_avg": 11.22,
            "net_income": 52208,
            "revenue": 3696852,
            "common_shares": 1922620,
            "book_valuer_per_share": 44.73,
            "book_valuer_per_share_4q_avg": 41.58,
            "equity": 8868751,
            "current_ratio": 179.25,
            "debt_ratio": 38.66,
            "inventory_turnover_ratio": 1.69,
            "account_receivable_turnover_ratio": 0.95,
            "reinvestment_rate": 160.23,
            "research_to_sale_ratio": 3.08,
            "price_fair": 51.34,
            "eps_avg_yearly": 2.14,
            "eps_latest_yearly": 1,
            "eps_growth_yearly": 14.02
        },
        "20162": {
            "year_quarter": 20162,
            "year": 2016,
            "quarter": 2,
            "eps": 0.3,
            "eps_growth_year": null,
            "eps_4q": 2.67,
            "eps_4q_growth_year": 212.48,
            "roe": 0.66,
            "roe_4q": 6.16,
            "gross_profit": 496207,
            "gross_margin": 12.43,
            "gross_margin_4q_avg": 11.9,
            "net_income": 56417,
            "revenue": 3992607,
            "common_shares": 1922620,
            "book_valuer_per_share": 41.58,
            "book_valuer_per_share_4q_avg": 43.34,
            "equity": 8251292,
            "current_ratio": 168.85,
            "debt_ratio": 41.89,
            "inventory_turnover_ratio": 1.86,
            "account_receivable_turnover_ratio": 0.97,
            "reinvestment_rate": 155.83,
            "research_to_sale_ratio": 2.78,
            "price_fair": 34.67,
            "eps_avg_yearly": 1.97,
            "eps_latest_yearly": 1.2,
            "eps_growth_yearly": 7.56
        },
        "20163": {
            "year_quarter": 20163,
            "year": 2016,
            "quarter": 3,
            "eps": 0.51,
            "eps_growth_year": -27.14,
            "eps_4q": 2.41,
            "eps_4q_growth_year": 153.77,
            "roe": 1.18,
            "roe_4q": 5.56,
            "gross_profit": 460815,
            "gross_margin": 11.77,
            "gross_margin_4q_avg": 12.01,
            "net_income": 100100,
            "revenue": 3914275,
            "common_shares": 1922620,
            "book_valuer_per_share": 43.66,
            "book_valuer_per_share_4q_avg": 43.5,
            "equity": 8652018,
            "current_ratio": 170.69,
            "debt_ratio": 39.95,
            "inventory_turnover_ratio": 1.84,
            "account_receivable_turnover_ratio": 0.88,
            "reinvestment_rate": 191.49,
            "research_to_sale_ratio": 2.9,
            "price_fair": 67.1,
            "eps_avg_yearly": 1.92,
            "eps_latest_yearly": 2.04,
            "eps_growth_yearly": 32.81
        },
        "20164": {
            "year_quarter": 20164,
            "year": 2016,
            "quarter": 4,
            "eps": 0.56,
            "eps_growth_year": -58.87,
            "eps_4q": 1.61,
            "eps_4q_growth_year": -17.99,
            "roe": 1.38,
            "roe_4q": 3.8099999999999996,
            "gross_profit": 411213,
            "gross_margin": 11.04,
            "gross_margin_4q_avg": 11.73,
            "net_income": 117491,
            "revenue": 3724191,
            "common_shares": 1922620,
            "book_valuer_per_share": 42.24,
            "book_valuer_per_share_4q_avg": 43.05,
            "equity": 8390806,
            "current_ratio": 165.92,
            "debt_ratio": 42.34,
            "inventory_turnover_ratio": 1.61,
            "account_receivable_turnover_ratio": 0.85,
            "reinvestment_rate": 173.83,
            "research_to_sale_ratio": 2.89,
            "price_fair": 69.3,
            "eps_avg_yearly": 1.98,
            "eps_latest_yearly": 2.24,
            "eps_growth_yearly": 50.5
        },
        "20171": {
            "year_quarter": 20171,
            "year": 2017,
            "quarter": 1,
            "eps": 0.11,
            "eps_growth_year": -56,
            "eps_4q": 1.48,
            "eps_4q_growth_year": -29.48,
            "roe": 0.28,
            "roe_4q": 3.5,
            "gross_profit": 416902,
            "gross_margin": 11.26,
            "gross_margin_4q_avg": 11.63,
            "net_income": 22751,
            "revenue": 3702053,
            "common_shares": 1922620,
            "book_valuer_per_share": 40.66,
            "book_valuer_per_share_4q_avg": 42.04,
            "equity": 8087549,
            "current_ratio": 173.19,
            "debt_ratio": 40.27,
            "inventory_turnover_ratio": 1.55,
            "account_receivable_turnover_ratio": 0.88,
            "reinvestment_rate": 142.32,
            "research_to_sale_ratio": 3.09,
            "price_fair": 63.35,
            "eps_avg_yearly": 1.9,
            "eps_latest_yearly": 0.44,
            "eps_growth_yearly": 23.34
        },
        "20172": {
            "year_quarter": 20172,
            "year": 2017,
            "quarter": 2,
            "eps": -0.04,
            "eps_growth_year": -113.33,
            "eps_4q": 1.13,
            "eps_4q_growth_year": -57.6,
            "roe": -0.11,
            "roe_4q": 2.7299999999999995,
            "gross_profit": 359586,
            "gross_margin": 10.08,
            "gross_margin_4q_avg": 11.04,
            "net_income": -8841,
            "revenue": 3568344,
            "common_shares": 1922620,
            "book_valuer_per_share": 41.91,
            "book_valuer_per_share_4q_avg": 42.12,
            "equity": 8312825,
            "current_ratio": 165.4,
            "debt_ratio": 40.55,
            "inventory_turnover_ratio": 1.64,
            "account_receivable_turnover_ratio": 0.85,
            "reinvestment_rate": 202.34,
            "research_to_sale_ratio": 3.46,
            "price_fair": 5.35,
            "eps_avg_yearly": 1.78,
            "eps_latest_yearly": 0.44,
            "eps_growth_yearly": -11.15
        },
        "20173": {
            "year_quarter": 20173,
            "year": 2017,
            "quarter": 3,
            "eps": 1.32,
            "eps_growth_year": 158.82,
            "eps_4q": 1.95,
            "eps_4q_growth_year": -19.21,
            "roe": 3.04,
            "roe_4q": 4.59,
            "gross_profit": 445564,
            "gross_margin": 11.77,
            "gross_margin_4q_avg": 11.04,
            "net_income": 257472,
            "revenue": 3785550,
            "common_shares": 1922620,
            "book_valuer_per_share": 43.59,
            "book_valuer_per_share_4q_avg": 42.1,
            "equity": 8638560,
            "current_ratio": 171.17,
            "debt_ratio": 39.41,
            "inventory_turnover_ratio": 1.67,
            "account_receivable_turnover_ratio": 0.88,
            "reinvestment_rate": 181.22,
            "research_to_sale_ratio": 3.13,
            "price_fair": 21.3,
            "eps_avg_yearly": 1.77,
            "eps_latest_yearly": 0.44,
            "eps_growth_yearly": 2.04
        },
        "20174": {
            "year_quarter": 20174,
            "year": 2017,
            "quarter": 4,
            "eps": 0.25,
            "eps_growth_year": -56.1,
            "eps_4q": 1.64,
            "eps_4q_growth_year": 1.44,
            "roe": 0.58,
            "roe_4q": 3.79,
            "gross_profit": 288331,
            "gross_margin": 8.58,
            "gross_margin_4q_avg": 10.42,
            "net_income": 49331,
            "revenue": 3360075,
            "common_shares": 1922620,
            "book_valuer_per_share": 42.43,
            "book_valuer_per_share_4q_avg": 42.15,
            "equity": 8416747,
            "current_ratio": 173.03,
            "debt_ratio": 39.72,
            "inventory_turnover_ratio": 1.46,
            "account_receivable_turnover_ratio": 0.8,
            "reinvestment_rate": 148.32,
            "research_to_sale_ratio": 3.26,
            "price_fair": 5.15,
            "eps_avg_yearly": 1.72,
            "eps_latest_yearly": 1,
            "eps_growth_yearly": -19.54
        },
        "20181": {
            "year_quarter": 20181,
            "year": 2018,
            "quarter": 1,
            "eps": 0.01,
            "eps_growth_year": -90.91,
            "eps_4q": 1.54,
            "eps_4q_growth_year": 4.31,
            "roe": 0.11,
            "roe_4q": 3.62,
            "gross_profit": 355212,
            "gross_margin": 10.43,
            "gross_margin_4q_avg": 10.22,
            "net_income": 9624,
            "revenue": 3405531,
            "common_shares": 1922620,
            "book_valuer_per_share": 43.4,
            "book_valuer_per_share_4q_avg": 42.83,
            "equity": 8607697,
            "current_ratio": 178.52,
            "debt_ratio": 37.42,
            "inventory_turnover_ratio": 1.44,
            "account_receivable_turnover_ratio": 0.87,
            "reinvestment_rate": -69.75,
            "research_to_sale_ratio": 3.49,
            "price_fair": 4.72,
            "eps_avg_yearly": 1.57,
            "eps_latest_yearly": 0.04,
            "eps_growth_yearly": -53.98
        },
        "20182": {
            "year_quarter": 20182,
            "year": 2018,
            "quarter": 2,
            "eps": 0.06,
            "eps_growth_year": null,
            "eps_4q": 1.64,
            "eps_4q_growth_year": 44.5,
            "roe": 0.16,
            "roe_4q": 3.89,
            "gross_profit": 372487,
            "gross_margin": 9.81,
            "gross_margin_4q_avg": 10.15,
            "net_income": 13099,
            "revenue": 3797418,
            "common_shares": 1922620,
            "book_valuer_per_share": 41.01,
            "book_valuer_per_share_4q_avg": 42.61,
            "equity": 8144534,
            "current_ratio": 163.04,
            "debt_ratio": 41.78,
            "inventory_turnover_ratio": 1.61,
            "account_receivable_turnover_ratio": 0.93,
            "reinvestment_rate": -93.62,
            "research_to_sale_ratio": 3.2,
            "price_fair": 52.38,
            "eps_avg_yearly": 1.5,
            "eps_latest_yearly": 0.24,
            "eps_growth_yearly": 124.05
        },
        "20183": {
            "year_quarter": 20183,
            "year": 2018,
            "quarter": 3,
            "eps": 0.55,
            "eps_growth_year": -58.33,
            "eps_4q": 0.87,
            "eps_4q_growth_year": -55.54,
            "roe": 1.32,
            "roe_4q": 2.17,
            "gross_profit": 405896,
            "gross_margin": 10.66,
            "gross_margin_4q_avg": 9.87,
            "net_income": 108304,
            "revenue": 3808892,
            "common_shares": 1922620,
            "book_valuer_per_share": 41.63,
            "book_valuer_per_share_4q_avg": 42.12,
            "equity": 8265759,
            "current_ratio": 163.07,
            "debt_ratio": 41.76,
            "inventory_turnover_ratio": 1.54,
            "account_receivable_turnover_ratio": 0.85,
            "reinvestment_rate": -102.36,
            "research_to_sale_ratio": 3.18,
            "price_fair": 50.63,
            "eps_avg_yearly": 1.45,
            "eps_latest_yearly": 2.2,
            "eps_growth_yearly": 349.15
        },
        "20184": {
            "year_quarter": 20184,
            "year": 2018,
            "quarter": 4,
            "eps": -0.22,
            "eps_growth_year": -188.74,
            "eps_4q": 0.4,
            "eps_4q_growth_year": -75.33,
            "roe": -0.48,
            "roe_4q": 1.11,
            "gross_profit": 322802,
            "gross_margin": 9.2,
            "gross_margin_4q_avg": 10.03,
            "net_income": -39356,
            "revenue": 3510221,
            "common_shares": 1922620,
            "book_valuer_per_share": 41.58,
            "book_valuer_per_share_4q_avg": 41.91,
            "equity": 8260857,
            "current_ratio": 168.58,
            "debt_ratio": 39.97,
            "inventory_turnover_ratio": 1.46,
            "account_receivable_turnover_ratio": 0.79,
            "reinvestment_rate": -138.36,
            "research_to_sale_ratio": 3.38,
            "price_fair": 51.67,
            "eps_avg_yearly": 1.48,
            "eps_latest_yearly": 2.2,
            "eps_growth_yearly": 402.7
        },
        "20191": {
            "year_quarter": 20191,
            "year": 2019,
            "quarter": 1,
            "eps": -0.18,
            "eps_growth_year": -1900,
            "eps_4q": 0.21,
            "eps_4q_growth_year": -86.41,
            "roe": -0.4,
            "roe_4q": 0.6000000000000001,
            "gross_profit": 256870,
            "gross_margin": 8.2,
            "gross_margin_4q_avg": 9.47,
            "net_income": -33472,
            "revenue": 3134486,
            "common_shares": 1922620,
            "book_valuer_per_share": 43.16,
            "book_valuer_per_share_4q_avg": 41.85,
            "equity": 8568816,
            "current_ratio": 177.32,
            "debt_ratio": 39.54,
            "inventory_turnover_ratio": 1.45,
            "account_receivable_turnover_ratio": 0.77,
            "reinvestment_rate": -149.84,
            "research_to_sale_ratio": 3.77,
            "price_fair": 55.44,
            "eps_avg_yearly": 1.58,
            "eps_latest_yearly": 2.2,
            "eps_growth_yearly": 468.69
        },
        "20192": {
            "year_quarter": 20192,
            "year": 2019,
            "quarter": 2,
            "eps": 0,
            "eps_growth_year": -100,
            "eps_4q": 0.15,
            "eps_4q_growth_year": -90.58,
            "roe": -0.01,
            "roe_4q": 0.43000000000000005,
            "gross_profit": 365968,
            "gross_margin": 10.62,
            "gross_margin_4q_avg": 9.67,
            "net_income": -1227,
            "revenue": 3445052,
            "common_shares": 1922620,
            "book_valuer_per_share": 43.5,
            "book_valuer_per_share_4q_avg": 42.47,
            "equity": 8624920,
            "current_ratio": 167.07,
            "debt_ratio": 41.38,
            "inventory_turnover_ratio": 1.64,
            "account_receivable_turnover_ratio": 0.88,
            "reinvestment_rate": -197.68,
            "research_to_sale_ratio": 3.4,
            "price_fair": 55.44,
            "eps_avg_yearly": 1.58,
            "eps_latest_yearly": 2.2,
            "eps_growth_yearly": 468.69
        },
        "20193": {
            "year_quarter": 20193,
            "year": 2019,
            "quarter": 3,
            "eps": 0.68,
            "eps_growth_year": 23.64,
            "eps_4q": 0.28,
            "eps_4q_growth_year": -67.27,
            "roe": 1.61,
            "roe_4q": 0.7200000000000002,
            "gross_profit": 448284,
            "gross_margin": 11.65,
            "gross_margin_4q_avg": 9.92,
            "net_income": 139264,
            "revenue": 3848468,
            "common_shares": 1922620,
            "book_valuer_per_share": 43.74,
            "book_valuer_per_share_4q_avg": 43,
            "equity": 8679382,
            "current_ratio": 165.23,
            "debt_ratio": 42.3,
            "inventory_turnover_ratio": 1.79,
            "account_receivable_turnover_ratio": 0.91,
            "reinvestment_rate": -244.83,
            "research_to_sale_ratio": 2.85,
            "price_fair": 55.44,
            "eps_avg_yearly": 1.58,
            "eps_latest_yearly": 2.2,
            "eps_growth_yearly": 468.69
        },
        "20194": {
            "year_quarter": 20194,
            "year": 2019,
            "quarter": 4,
            "eps": 0.2,
            "eps_growth_year": null,
            "eps_4q": 0.7,
            "eps_4q_growth_year": 74.51,
            "roe": 0.45,
            "roe_4q": 1.6500000000000004,
            "gross_profit": 453263,
            "gross_margin": 11.83,
            "gross_margin_4q_avg": 10.58,
            "net_income": 39559,
            "revenue": 3831320,
            "common_shares": 1922620,
            "book_valuer_per_share": 45.69,
            "book_valuer_per_share_4q_avg": 44.02,
            "equity": 9089667,
            "current_ratio": 163.02,
            "debt_ratio": 42.28,
            "inventory_turnover_ratio": 1.7,
            "account_receivable_turnover_ratio": 0.87,
            "reinvestment_rate": -314.02,
            "research_to_sale_ratio": 2.77,
            "price_fair": 39.2,
            "eps_avg_yearly": 1.12,
            "eps_latest_yearly": 0.8,
            "eps_growth_yearly": 402.74
        },
        "20201": {
            "year_quarter": 20201,
            "year": 2020,
            "quarter": 1,
            "eps": -0.1,
            "eps_growth_year": null,
            "eps_4q": 0.79,
            "eps_4q_growth_year": 279.28,
            "roe": -0.19,
            "roe_4q": 1.86,
            "gross_profit": 288988,
            "gross_margin": 10.93,
            "gross_margin_4q_avg": 11.26,
            "net_income": -16927,
            "revenue": 2644115,
            "common_shares": 1922620,
            "book_valuer_per_share": 43.72,
            "book_valuer_per_share_4q_avg": 44.16,
            "equity": 8637886,
            "current_ratio": 176.18,
            "debt_ratio": 38.86,
            "inventory_turnover_ratio": 1.22,
            "account_receivable_turnover_ratio": 0.7,
            "reinvestment_rate": -355.17,
            "research_to_sale_ratio": 4.05,
            "price_fair": 39.67,
            "eps_avg_yearly": 1.13,
            "eps_latest_yearly": 0.8,
            "eps_growth_yearly": 483.76
        },
        "20202": {
            "year_quarter": 20202,
            "year": 2020,
            "quarter": 2,
            "eps": 1.43,
            "eps_growth_year": null,
            "eps_4q": 2.24,
            "eps_4q_growth_year": 1352.19,
            "roe": 3.03,
            "roe_4q": 4.9,
            "gross_profit": 533251,
            "gross_margin": 14.74,
            "gross_margin_4q_avg": 12.29,
            "net_income": 274272,
            "revenue": 3616951,
            "common_shares": 1872620,
            "book_valuer_per_share": 49.03,
            "book_valuer_per_share_4q_avg": 45.55,
            "equity": 9483181,
            "current_ratio": 163.05,
            "debt_ratio": 39.89,
            "inventory_turnover_ratio": 1.52,
            "account_receivable_turnover_ratio": 0.98,
            "reinvestment_rate": -247.4,
            "research_to_sale_ratio": 3.07,
            "price_fair": 39.38,
            "eps_avg_yearly": 1.13,
            "eps_latest_yearly": 0.8,
            "eps_growth_yearly": 534.23
        },
        "20203": {
            "year_quarter": 20203,
            "year": 2020,
            "quarter": 3,
            "eps": 1.56,
            "eps_growth_year": 129.41,
            "eps_4q": 3.1,
            "eps_4q_growth_year": 991.19,
            "roe": 3.02,
            "roe_4q": 6.31,
            "gross_profit": 685870,
            "gross_margin": 15.31,
            "gross_margin_4q_avg": 13.2,
            "net_income": 304993,
            "revenue": 4479568,
            "common_shares": 1872620,
            "book_valuer_per_share": 55.51,
            "book_valuer_per_share_4q_avg": 48.49,
            "equity": 10703165,
            "current_ratio": 162.91,
            "debt_ratio": 39.9,
            "inventory_turnover_ratio": 1.63,
            "account_receivable_turnover_ratio": 0.98,
            "reinvestment_rate": -237.96,
            "research_to_sale_ratio": 2.65,
            "price_fair": 57.75,
            "eps_avg_yearly": 1.65,
            "eps_latest_yearly": 6.24,
            "eps_growth_yearly": 503.78
        },
        "20204": {
            "year_quarter": 20204,
            "year": 2020,
            "quarter": 4,
            "eps": 0.69,
            "eps_growth_year": 238.7,
            "eps_4q": 3.57,
            "eps_4q_growth_year": 407.56,
            "roe": 1.17,
            "roe_4q": 7.0299999999999985,
            "gross_profit": 558220,
            "gross_margin": 13.76,
            "gross_margin_4q_avg": 13.69,
            "net_income": 129737,
            "revenue": 4055826,
            "common_shares": 1872620,
            "book_valuer_per_share": 59.73,
            "book_valuer_per_share_4q_avg": 52,
            "equity": 11492660,
            "current_ratio": 167.6,
            "debt_ratio": 37.7,
            "inventory_turnover_ratio": 1.4,
            "account_receivable_turnover_ratio": 0.87,
            "reinvestment_rate": -211.12,
            "research_to_sale_ratio": 2.83,
            "price_fair": 60.03,
            "eps_avg_yearly": 1.72,
            "eps_latest_yearly": 2.76,
            "eps_growth_yearly": 470.99
        },
        "20211": {
            "year_quarter": 20211,
            "year": 2021,
            "quarter": 1,
            "eps": 0.7,
            "eps_growth_year": null,
            "eps_4q": 4.38,
            "eps_4q_growth_year": 451.51,
            "roe": 1.2,
            "roe_4q": 8.42,
            "gross_profit": 550079,
            "gross_margin": 13.93,
            "gross_margin_4q_avg": 14.44,
            "net_income": 138154,
            "revenue": 3948571,
            "common_shares": 1872620,
            "book_valuer_per_share": 60.28,
            "book_valuer_per_share_4q_avg": 56.14,
            "equity": 11602603,
            "current_ratio": 171.63,
            "debt_ratio": 37.27,
            "inventory_turnover_ratio": 1.24,
            "account_receivable_turnover_ratio": 0.93,
            "reinvestment_rate": -175.61,
            "research_to_sale_ratio": 2.68,
            "price_fair": 70.35,
            "eps_avg_yearly": 2.01,
            "eps_latest_yearly": 2.8,
            "eps_growth_yearly": 511.89
        },
        "20212": {
            "year_quarter": 20212,
            "year": 2021,
            "quarter": 2,
            "eps": 0.8,
            "eps_growth_year": -44.06,
            "eps_4q": 3.75,
            "eps_4q_growth_year": 67.37,
            "roe": 1.35,
            "roe_4q": 6.74,
            "gross_profit": 582403,
            "gross_margin": 13.86,
            "gross_margin_4q_avg": 14.22,
            "net_income": 160736,
            "revenue": 4201121,
            "common_shares": 1872620,
            "book_valuer_per_share": 63.22,
            "book_valuer_per_share_4q_avg": 59.69,
            "equity": 12148648,
            "current_ratio": 159.09,
            "debt_ratio": 38.72,
            "inventory_turnover_ratio": 1.23,
            "account_receivable_turnover_ratio": 0.95,
            "reinvestment_rate": -190.21,
            "research_to_sale_ratio": 2.73,
            "price_fair": 74.98,
            "eps_avg_yearly": 2.14,
            "eps_latest_yearly": 3.2,
            "eps_growth_yearly": 461.37
        },
        "20213": {
            "year_quarter": 20213,
            "year": 2021,
            "quarter": 3,
            "eps": 1.5,
            "eps_growth_year": -3.85,
            "eps_4q": 3.69,
            "eps_4q_growth_year": 19.07,
            "roe": 2.26,
            "roe_4q": 5.9799999999999995,
            "gross_profit": 681135,
            "gross_margin": 15.57,
            "gross_margin_4q_avg": 14.28,
            "net_income": 294932,
            "revenue": 4374467,
            "common_shares": 1872620,
            "book_valuer_per_share": 72.76,
            "book_valuer_per_share_4q_avg": 64,
            "equity": 13950193,
            "current_ratio": 166.37,
            "debt_ratio": 34.57,
            "inventory_turnover_ratio": 1.15,
            "account_receivable_turnover_ratio": 0.91,
            "reinvestment_rate": -185.74,
            "research_to_sale_ratio": 2.71,
            "price_fair": 88.48,
            "eps_avg_yearly": 2.53,
            "eps_latest_yearly": 6,
            "eps_growth_yearly": 450.23
        },
        "20214": {
            "year_quarter": 20214,
            "year": 2021,
            "quarter": 4,
            "eps": 1.03,
            "eps_growth_year": 49.63,
            "eps_4q": 4.03,
            "eps_4q_growth_year": 12.66,
            "roe": 1.51,
            "roe_4q": 6.319999999999999,
            "gross_profit": 611435,
            "gross_margin": 14.82,
            "gross_margin_4q_avg": 14.55,
            "net_income": 207457,
            "revenue": 4126093,
            "common_shares": 1872620,
            "book_valuer_per_share": 70.54,
            "book_valuer_per_share_4q_avg": 66.7,
            "equity": 13547476,
            "current_ratio": 171.38,
            "debt_ratio": 36.03,
            "inventory_turnover_ratio": 1.01,
            "account_receivable_turnover_ratio": 0.85,
            "reinvestment_rate": -156.14,
            "research_to_sale_ratio": 2.83,
            "price_fair": 99.4,
            "eps_avg_yearly": 2.84,
            "eps_latest_yearly": 4.12,
            "eps_growth_yearly": 470.12
        },
        "20221": {
            "year_quarter": 20221,
            "year": 2022,
            "quarter": 1,
            "eps": 0.71,
            "eps_growth_year": 1.43,
            "eps_4q": 4.04,
            "eps_4q_growth_year": -7.77,
            "roe": 1.11,
            "roe_4q": 6.23,
            "gross_profit": 559047,
            "gross_margin": 15.04,
            "gross_margin_4q_avg": 14.82,
            "net_income": 149554,
            "revenue": 3717016,
            "common_shares": 1872620,
            "book_valuer_per_share": 69.87,
            "book_valuer_per_share_4q_avg": 69.1,
            "equity": 13440176,
            "current_ratio": 185.11,
            "debt_ratio": 33.23,
            "inventory_turnover_ratio": 0.92,
            "account_receivable_turnover_ratio": 0.83,
            "reinvestment_rate": 4.12,
            "research_to_sale_ratio": 3.18,
            "price_fair": 109.2,
            "eps_avg_yearly": 3.12,
            "eps_latest_yearly": 2.84,
            "eps_growth_yearly": 496.09
        },
        "20222": {
            "year_quarter": 20222,
            "year": 2022,
            "quarter": 2,
            "eps": 0.81,
            "eps_growth_year": 1.25,
            "eps_4q": 4.05,
            "eps_4q_growth_year": 8.13,
            "roe": 1.31,
            "roe_4q": 6.1899999999999995,
            "gross_profit": 554055,
            "gross_margin": 14.71,
            "gross_margin_4q_avg": 15.04,
            "net_income": 171672,
            "revenue": 3766192,
            "common_shares": 1872620,
            "book_valuer_per_share": 66.54,
            "book_valuer_per_share_4q_avg": 69.93,
            "equity": 12819998,
            "current_ratio": 171.88,
            "debt_ratio": 35.97,
            "inventory_turnover_ratio": 0.98,
            "account_receivable_turnover_ratio": 0.87,
            "reinvestment_rate": 1.61,
            "research_to_sale_ratio": 3.21,
            "price_fair": 119.7,
            "eps_avg_yearly": 3.42,
            "eps_latest_yearly": 3.24,
            "eps_growth_yearly": 301.73
        },
        "20223": {
            "year_quarter": 20223,
            "year": 2022,
            "quarter": 3,
            "eps": 1.71,
            "eps_growth_year": 14,
            "eps_4q": 4.26,
            "eps_4q_growth_year": 15.5,
            "roe": 2.65,
            "roe_4q": 6.58,
            "gross_profit": 647665,
            "gross_margin": 16,
            "gross_margin_4q_avg": 15.14,
            "net_income": 343016,
            "revenue": 4047899,
            "common_shares": 1872620,
            "book_valuer_per_share": 67.69,
            "book_valuer_per_share_4q_avg": 68.66,
            "equity": 13062797,
            "current_ratio": 181.21,
            "debt_ratio": 34.84,
            "inventory_turnover_ratio": 1.09,
            "account_receivable_turnover_ratio": 0.89,
            "reinvestment_rate": -2.74,
            "research_to_sale_ratio": 3.06,
            "price_fair": 114.6,
            "eps_avg_yearly": 3.88,
            "eps_latest_yearly": 6.84,
            "eps_growth_yearly": 19.51
        },
        "20224": {
            "year_quarter": 20224,
            "year": 2022,
            "quarter": 4,
            "eps": 0.62,
            "eps_growth_year": -39.67,
            "eps_4q": 3.85,
            "eps_4q_growth_year": -4.38,
            "roe": 0.94,
            "roe_4q": 6.010000000000001,
            "gross_profit": 547757,
            "gross_margin": 16.06,
            "gross_margin_4q_avg": 15.45,
            "net_income": 125379,
            "revenue": 3410344,
            "common_shares": 1872620,
            "book_valuer_per_share": 71.15,
            "book_valuer_per_share_4q_avg": 68.81,
            "equity": 13717372,
            "current_ratio": 191.11,
            "debt_ratio": 32.11,
            "inventory_turnover_ratio": 0.95,
            "account_receivable_turnover_ratio": 0.79,
            "reinvestment_rate": -4.71,
            "research_to_sale_ratio": 3.47,
            "price_fair": 11.27,
            "eps_avg_yearly": 3.76,
            "eps_latest_yearly": 2.48,
            "eps_growth_yearly": -5.45
        },
        "20231": {
            "year_quarter": 20231,
            "year": 2023,
            "quarter": 1,
            "eps": 0.45,
            "eps_growth_year": -36.62,
            "eps_4q": 3.59,
            "eps_4q_growth_year": -11.17,
            "roe": 0.74,
            "roe_4q": 5.640000000000001,
            "gross_profit": 550306,
            "gross_margin": 15.05,
            "gross_margin_4q_avg": 15.46,
            "net_income": 102593,
            "revenue": 3656130,
            "common_shares": 1872620,
            "book_valuer_per_share": 71.92,
            "book_valuer_per_share_4q_avg": 69.33,
            "equity": 13880980,
            "current_ratio": 175.3,
            "debt_ratio": 34.09,
            "inventory_turnover_ratio": 1.05,
            "account_receivable_turnover_ratio": 0.93,
            "reinvestment_rate": -5.34,
            "research_to_sale_ratio": 3.81,
            "price_fair": 10.78,
            "eps_avg_yearly": 3.59,
            "eps_latest_yearly": 1.8,
            "eps_growth_yearly": -14.13
        }
    },
    "months": {
        "2002-10": {
            "month": "2002-10",
            "price": "65.12",
            "revenue": 533650
        },
        "2002-11": {
            "month": "2002-11",
            "price": "63.05",
            "revenue": 495259
        },
        "2002-12": {
            "month": "2002-12",
            "price": "64.32",
            "revenue": 396547
        },
        "2003-01": {
            "month": "2003-01",
            "price": "59.26",
            "revenue": 485396
        },
        "2003-02": {
            "month": "2003-02",
            "price": "52.09",
            "revenue": 402906
        },
        "2003-03": {
            "month": "2003-03",
            "price": "52.93",
            "revenue": 465328
        },
        "2003-04": {
            "month": "2003-04",
            "price": "53.54",
            "revenue": 443857
        },
        "2003-05": {
            "month": "2003-05",
            "price": "51.67",
            "revenue": 407377
        },
        "2003-06": {
            "month": "2003-06",
            "price": "53.70",
            "revenue": 411037
        },
        "2003-07": {
            "month": "2003-07",
            "price": "57.24",
            "revenue": 501274
        },
        "2003-08": {
            "month": "2003-08",
            "price": "59.98",
            "revenue": 611679
        },
        "2003-09": {
            "month": "2003-09",
            "price": "54.17",
            "revenue": 669965
        },
        "2003-10": {
            "month": "2003-10",
            "price": "55.70",
            "revenue": 701077
        },
        "2003-11": {
            "month": "2003-11",
            "price": "58.18",
            "revenue": 674039
        },
        "2003-12": {
            "month": "2003-12",
            "price": "60.13",
            "revenue": 603217
        },
        "2004-01": {
            "month": "2004-01",
            "price": "59.10",
            "revenue": 613485
        },
        "2004-02": {
            "month": "2004-02",
            "price": "61.30",
            "revenue": 621926
        },
        "2004-03": {
            "month": "2004-03",
            "price": "62.83",
            "revenue": 719881
        },
        "2004-04": {
            "month": "2004-04",
            "price": "60.95",
            "revenue": 680907
        },
        "2004-05": {
            "month": "2004-05",
            "price": "54.26",
            "revenue": 525508
        },
        "2004-06": {
            "month": "2004-06",
            "price": "55.31",
            "revenue": 542831
        },
        "2004-07": {
            "month": "2004-07",
            "price": "45.34",
            "revenue": 572215
        },
        "2004-08": {
            "month": "2004-08",
            "price": "43.50",
            "revenue": 701797
        },
        "2004-09": {
            "month": "2004-09",
            "price": "45.37",
            "revenue": 699425
        },
        "2004-10": {
            "month": "2004-10",
            "price": "43.60",
            "revenue": 716586
        },
        "2004-11": {
            "month": "2004-11",
            "price": "40.01",
            "revenue": 814195
        },
        "2004-12": {
            "month": "2004-12",
            "price": "40.95",
            "revenue": 763165
        },
        "2005-01": {
            "month": "2005-01",
            "price": "40.11",
            "revenue": 738245
        },
        "2005-02": {
            "month": "2005-02",
            "price": "42.47",
            "revenue": 586375
        },
        "2005-03": {
            "month": "2005-03",
            "price": "43.23",
            "revenue": 756096
        },
        "2005-04": {
            "month": "2005-04",
            "price": "41.72",
            "revenue": 703265
        },
        "2005-05": {
            "month": "2005-05",
            "price": "40.45",
            "revenue": 747441
        },
        "2005-06": {
            "month": "2005-06",
            "price": "41.01",
            "revenue": 694239
        },
        "2005-07": {
            "month": "2005-07",
            "price": "46.33",
            "revenue": 764290
        },
        "2005-08": {
            "month": "2005-08",
            "price": "37.37",
            "revenue": 846153
        },
        "2005-09": {
            "month": "2005-09",
            "price": "35.75",
            "revenue": 867102
        },
        "2005-10": {
            "month": "2005-10",
            "price": "34.81",
            "revenue": 925672
        },
        "2005-11": {
            "month": "2005-11",
            "price": "32.40",
            "revenue": 999559
        },
        "2005-12": {
            "month": "2005-12",
            "price": "35.02",
            "revenue": 910689
        },
        "2006-01": {
            "month": "2006-01",
            "price": "39.58",
            "revenue": 810654
        },
        "2006-02": {
            "month": "2006-02",
            "price": "39.50",
            "revenue": 801959
        },
        "2006-03": {
            "month": "2006-03",
            "price": "41.40",
            "revenue": 847410
        },
        "2006-04": {
            "month": "2006-04",
            "price": "43.49",
            "revenue": 650310
        },
        "2006-05": {
            "month": "2006-05",
            "price": "42.78",
            "revenue": 682160
        },
        "2006-06": {
            "month": "2006-06",
            "price": "39.00",
            "revenue": 785670
        },
        "2006-07": {
            "month": "2006-07",
            "price": "37.27",
            "revenue": 907485
        },
        "2006-08": {
            "month": "2006-08",
            "price": "36.64",
            "revenue": 1009425
        },
        "2006-09": {
            "month": "2006-09",
            "price": "39.72",
            "revenue": 1051685
        },
        "2006-10": {
            "month": "2006-10",
            "price": "41.27",
            "revenue": 1100898
        },
        "2006-11": {
            "month": "2006-11",
            "price": "46.10",
            "revenue": 1187978
        },
        "2006-12": {
            "month": "2006-12",
            "price": "43.31",
            "revenue": 1094694
        },
        "2007-01": {
            "month": "2007-01",
            "price": "47.60",
            "revenue": 1131156
        },
        "2007-02": {
            "month": "2007-02",
            "price": "45.85",
            "revenue": 866194
        },
        "2007-03": {
            "month": "2007-03",
            "price": "46.68",
            "revenue": 1057412
        },
        "2007-04": {
            "month": "2007-04",
            "price": "46.80",
            "revenue": 1011078
        },
        "2007-05": {
            "month": "2007-05",
            "price": "50.04",
            "revenue": 1067166
        },
        "2007-06": {
            "month": "2007-06",
            "price": "55.90",
            "revenue": 1078088
        },
        "2007-07": {
            "month": "2007-07",
            "price": "59.04",
            "revenue": 1150410
        },
        "2007-08": {
            "month": "2007-08",
            "price": "51.65",
            "revenue": 1285247
        },
        "2007-09": {
            "month": "2007-09",
            "price": "51.71",
            "revenue": 1351802
        },
        "2007-10": {
            "month": "2007-10",
            "price": "49.20",
            "revenue": 1410661
        },
        "2007-11": {
            "month": "2007-11",
            "price": "41.46",
            "revenue": 1437312
        },
        "2007-12": {
            "month": "2007-12",
            "price": "38.06",
            "revenue": 1351876
        },
        "2008-01": {
            "month": "2008-01",
            "price": "34.29",
            "revenue": 1336930
        },
        "2008-02": {
            "month": "2008-02",
            "price": "33.01",
            "revenue": 985718
        },
        "2008-03": {
            "month": "2008-03",
            "price": "33.85",
            "revenue": 1246713
        },
        "2008-04": {
            "month": "2008-04",
            "price": "36.70",
            "revenue": 1262254
        },
        "2008-05": {
            "month": "2008-05",
            "price": "35.84",
            "revenue": 1252423
        },
        "2008-06": {
            "month": "2008-06",
            "price": "32.59",
            "revenue": 1121220
        },
        "2008-07": {
            "month": "2008-07",
            "price": "26.69",
            "revenue": 1204059
        },
        "2008-08": {
            "month": "2008-08",
            "price": "25.19",
            "revenue": 1299586
        },
        "2008-09": {
            "month": "2008-09",
            "price": "21.33",
            "revenue": 1422525
        },
        "2008-10": {
            "month": "2008-10",
            "price": "19.55",
            "revenue": 1388815
        },
        "2008-11": {
            "month": "2008-11",
            "price": "17.48",
            "revenue": 1017131
        },
        "2008-12": {
            "month": "2008-12",
            "price": "15.55",
            "revenue": 967765
        },
        "2009-01": {
            "month": "2009-01",
            "price": "14.56",
            "revenue": 810168
        },
        "2009-02": {
            "month": "2009-02",
            "price": "15.35",
            "revenue": 962352
        },
        "2009-03": {
            "month": "2009-03",
            "price": "17.89",
            "revenue": 1061849
        },
        "2009-04": {
            "month": "2009-04",
            "price": "22.11",
            "revenue": 1124076
        },
        "2009-05": {
            "month": "2009-05",
            "price": "26.62",
            "revenue": 986866
        },
        "2009-06": {
            "month": "2009-06",
            "price": "26.21",
            "revenue": 1020983
        },
        "2009-07": {
            "month": "2009-07",
            "price": "26.67",
            "revenue": 1134046
        },
        "2009-08": {
            "month": "2009-08",
            "price": "27.82",
            "revenue": 1240916
        },
        "2009-09": {
            "month": "2009-09",
            "price": "31.37",
            "revenue": 1360151
        },
        "2009-10": {
            "month": "2009-10",
            "price": "32.60",
            "revenue": 1247056
        },
        "2009-11": {
            "month": "2009-11",
            "price": "37.31",
            "revenue": 1335342
        },
        "2009-12": {
            "month": "2009-12",
            "price": "39.73",
            "revenue": 1228926
        },
        "2010-01": {
            "month": "2010-01",
            "price": "41.14",
            "revenue": 1357858
        },
        "2010-02": {
            "month": "2010-02",
            "price": "38.66",
            "revenue": 1097483
        },
        "2010-03": {
            "month": "2010-03",
            "price": "40.55",
            "revenue": 1301164
        },
        "2010-04": {
            "month": "2010-04",
            "price": "41.47",
            "revenue": 1356640
        },
        "2010-05": {
            "month": "2010-05",
            "price": "39.42",
            "revenue": 1420046
        },
        "2010-06": {
            "month": "2010-06",
            "price": "38.46",
            "revenue": 1375477
        },
        "2010-07": {
            "month": "2010-07",
            "price": "39.64",
            "revenue": 1432428
        },
        "2010-08": {
            "month": "2010-08",
            "price": "38.44",
            "revenue": 1497180
        },
        "2010-09": {
            "month": "2010-09",
            "price": "38.30",
            "revenue": 1552630
        },
        "2010-10": {
            "month": "2010-10",
            "price": "38.65",
            "revenue": 1423421
        },
        "2010-11": {
            "month": "2010-11",
            "price": "38.21",
            "revenue": 1424572
        },
        "2010-12": {
            "month": "2010-12",
            "price": "38.87",
            "revenue": 1191284
        },
        "2011-01": {
            "month": "2011-01",
            "price": "38.44",
            "revenue": 1210799
        },
        "2011-02": {
            "month": "2011-02",
            "price": "36.66",
            "revenue": 861120
        },
        "2011-03": {
            "month": "2011-03",
            "price": "36.20",
            "revenue": 1156669
        },
        "2011-04": {
            "month": "2011-04",
            "price": "35.84",
            "revenue": 1301303
        },
        "2011-05": {
            "month": "2011-05",
            "price": "31.94",
            "revenue": 1276139
        },
        "2011-06": {
            "month": "2011-06",
            "price": "32.43",
            "revenue": 1260892
        },
        "2011-07": {
            "month": "2011-07",
            "price": "30.67",
            "revenue": 1394196
        },
        "2011-08": {
            "month": "2011-08",
            "price": "23.94",
            "revenue": 1416675
        },
        "2011-09": {
            "month": "2011-09",
            "price": "24.22",
            "revenue": 1310829
        },
        "2011-10": {
            "month": "2011-10",
            "price": "23.66",
            "revenue": 1223187
        },
        "2011-11": {
            "month": "2011-11",
            "price": "24.27",
            "revenue": 1172014
        },
        "2011-12": {
            "month": "2011-12",
            "price": "23.34",
            "revenue": 1186835
        },
        "2012-01": {
            "month": "2012-01",
            "price": "24.05",
            "revenue": 1083616
        },
        "2012-02": {
            "month": "2012-02",
            "price": "26.78",
            "revenue": 1096271
        },
        "2012-03": {
            "month": "2012-03",
            "price": "28.56",
            "revenue": 1260635
        },
        "2012-04": {
            "month": "2012-04",
            "price": "26.71",
            "revenue": 1273170
        },
        "2012-05": {
            "month": "2012-05",
            "price": "28.21",
            "revenue": 1261486
        },
        "2012-06": {
            "month": "2012-06",
            "price": "27.56",
            "revenue": 1055008
        },
        "2012-07": {
            "month": "2012-07",
            "price": "26.42",
            "revenue": 1232288
        },
        "2012-08": {
            "month": "2012-08",
            "price": "26.47",
            "revenue": 1164717
        },
        "2012-09": {
            "month": "2012-09",
            "price": "28.52",
            "revenue": 1099188
        },
        "2012-10": {
            "month": "2012-10",
            "price": "26.77",
            "revenue": 1084708
        },
        "2012-11": {
            "month": "2012-11",
            "price": "25.91",
            "revenue": 1053500
        },
        "2012-12": {
            "month": "2012-12",
            "price": "26.45",
            "revenue": 1001033
        },
        "2013-01": {
            "month": "2013-01",
            "price": "26.46",
            "revenue": 1442538
        },
        "2013-02": {
            "month": "2013-02",
            "price": "26.83",
            "revenue": 863330
        },
        "2013-03": {
            "month": "2013-03",
            "price": "27.43",
            "revenue": 1313084
        },
        "2013-04": {
            "month": "2013-04",
            "price": "27.98",
            "revenue": 1305834
        },
        "2013-05": {
            "month": "2013-05",
            "price": "27.82",
            "revenue": 1469254
        },
        "2013-06": {
            "month": "2013-06",
            "price": "27.53",
            "revenue": 1231362
        },
        "2013-07": {
            "month": "2013-07",
            "price": "25.58",
            "revenue": 1356358
        },
        "2013-08": {
            "month": "2013-08",
            "price": "27.32",
            "revenue": 1285034
        },
        "2013-09": {
            "month": "2013-09",
            "price": "28.50",
            "revenue": 1345333
        },
        "2013-10": {
            "month": "2013-10",
            "price": "27.94",
            "revenue": 1257485
        },
        "2013-11": {
            "month": "2013-11",
            "price": "26.46",
            "revenue": 1192307
        },
        "2013-12": {
            "month": "2013-12",
            "price": "27.10",
            "revenue": 1315664
        },
        "2014-01": {
            "month": "2014-01",
            "price": "29.49",
            "revenue": 1240675
        },
        "2014-02": {
            "month": "2014-02",
            "price": "30.95",
            "revenue": 941596
        },
        "2014-03": {
            "month": "2014-03",
            "price": "31.59",
            "revenue": 1299927
        },
        "2014-04": {
            "month": "2014-04",
            "price": "32.01",
            "revenue": 1385124
        },
        "2014-05": {
            "month": "2014-05",
            "price": "31.79",
            "revenue": 1357105
        },
        "2014-06": {
            "month": "2014-06",
            "price": "32.68",
            "revenue": 1347696
        },
        "2014-07": {
            "month": "2014-07",
            "price": "30.98",
            "revenue": 1555734
        },
        "2014-08": {
            "month": "2014-08",
            "price": "29.02",
            "revenue": 1474721
        },
        "2014-09": {
            "month": "2014-09",
            "price": "27.92",
            "revenue": 1407045
        },
        "2014-10": {
            "month": "2014-10",
            "price": "25.90",
            "revenue": 1290987
        },
        "2014-11": {
            "month": "2014-11",
            "price": "25.08",
            "revenue": 1227471
        },
        "2014-12": {
            "month": "2014-12",
            "price": "25.50",
            "revenue": 1226009
        },
        "2015-01": {
            "month": "2015-01",
            "price": "25.58",
            "revenue": 1351070
        },
        "2015-02": {
            "month": "2015-02",
            "price": "25.57",
            "revenue": 831621
        },
        "2015-03": {
            "month": "2015-03",
            "price": "26.35",
            "revenue": 1213024
        },
        "2015-04": {
            "month": "2015-04",
            "price": "25.11",
            "revenue": 1155876
        },
        "2015-05": {
            "month": "2015-05",
            "price": "22.06",
            "revenue": 1076451
        },
        "2015-06": {
            "month": "2015-06",
            "price": "19.87",
            "revenue": 1151685
        },
        "2015-07": {
            "month": "2015-07",
            "price": "17.58",
            "revenue": 1128788
        },
        "2015-08": {
            "month": "2015-08",
            "price": "15.69",
            "revenue": 1127084
        },
        "2015-09": {
            "month": "2015-09",
            "price": "17.39",
            "revenue": 1220109
        },
        "2015-10": {
            "month": "2015-10",
            "price": "19.07",
            "revenue": 1198816
        },
        "2015-11": {
            "month": "2015-11",
            "price": "20.63",
            "revenue": 1285484
        },
        "2015-12": {
            "month": "2015-12",
            "price": "22.76",
            "revenue": 1126790
        },
        "2016-01": {
            "month": "2016-01",
            "price": "20.90",
            "revenue": 1402610
        },
        "2016-02": {
            "month": "2016-02",
            "price": "22.46",
            "revenue": 1020517
        },
        "2016-03": {
            "month": "2016-03",
            "price": "23.09",
            "revenue": 1273427
        },
        "2016-04": {
            "month": "2016-04",
            "price": "24.02",
            "revenue": 1276048
        },
        "2016-05": {
            "month": "2016-05",
            "price": "23.15",
            "revenue": 1375819
        },
        "2016-06": {
            "month": "2016-06",
            "price": "23.17",
            "revenue": 1359787
        },
        "2016-07": {
            "month": "2016-07",
            "price": "23.92",
            "revenue": 1248429
        },
        "2016-08": {
            "month": "2016-08",
            "price": "25.65",
            "revenue": 1262371
        },
        "2016-09": {
            "month": "2016-09",
            "price": "24.58",
            "revenue": 1400006
        },
        "2016-10": {
            "month": "2016-10",
            "price": "24.30",
            "revenue": 1179790
        },
        "2016-11": {
            "month": "2016-11",
            "price": "22.80",
            "revenue": 1319057
        },
        "2016-12": {
            "month": "2016-12",
            "price": "23.10",
            "revenue": 1216556
        },
        "2017-01": {
            "month": "2017-01",
            "price": "23.97",
            "revenue": 1262964
        },
        "2017-02": {
            "month": "2017-02",
            "price": "24.25",
            "revenue": 1011659
        },
        "2017-03": {
            "month": "2017-03",
            "price": "24.83",
            "revenue": 1425510
        },
        "2017-04": {
            "month": "2017-04",
            "price": "24.14",
            "revenue": 1106927
        },
        "2017-05": {
            "month": "2017-05",
            "price": "23.42",
            "revenue": 1192118
        },
        "2017-06": {
            "month": "2017-06",
            "price": "23.47",
            "revenue": 1277290
        },
        "2017-07": {
            "month": "2017-07",
            "price": "23.91",
            "revenue": 1253807
        },
        "2017-08": {
            "month": "2017-08",
            "price": "22.86",
            "revenue": 1236129
        },
        "2017-09": {
            "month": "2017-09",
            "price": "22.05",
            "revenue": 1288592
        },
        "2017-10": {
            "month": "2017-10",
            "price": "23.41",
            "revenue": 1063860
        },
        "2017-11": {
            "month": "2017-11",
            "price": "24.76",
            "revenue": 1179792
        },
        "2017-12": {
            "month": "2017-12",
            "price": "24.13",
            "revenue": 1106156
        },
        "2018-01": {
            "month": "2018-01",
            "price": "24.48",
            "revenue": 1268880
        },
        "2018-02": {
            "month": "2018-02",
            "price": "24.04",
            "revenue": 879061
        },
        "2018-03": {
            "month": "2018-03",
            "price": "25.31",
            "revenue": 1244981
        },
        "2018-04": {
            "month": "2018-04",
            "price": "24.93",
            "revenue": 1248789
        },
        "2018-05": {
            "month": "2018-05",
            "price": "23.75",
            "revenue": 1359263
        },
        "2018-06": {
            "month": "2018-06",
            "price": "25.18",
            "revenue": 1199637
        },
        "2018-07": {
            "month": "2018-07",
            "price": "23.92",
            "revenue": 1252518
        },
        "2018-08": {
            "month": "2018-08",
            "price": "22.46",
            "revenue": 1307972
        },
        "2018-09": {
            "month": "2018-09",
            "price": "21.81",
            "revenue": 1253672
        },
        "2018-10": {
            "month": "2018-10",
            "price": "18.82",
            "revenue": 1177540
        },
        "2018-11": {
            "month": "2018-11",
            "price": "18.19",
            "revenue": 1269921
        },
        "2018-12": {
            "month": "2018-12",
            "price": "18.39",
            "revenue": 1068773
        },
        "2019-01": {
            "month": "2019-01",
            "price": "18.20",
            "revenue": 1208793
        },
        "2019-02": {
            "month": "2019-02",
            "price": "19.68",
            "revenue": 776893
        },
        "2019-03": {
            "month": "2019-03",
            "price": "21.43",
            "revenue": 1148465
        },
        "2019-04": {
            "month": "2019-04",
            "price": "21.26",
            "revenue": 1176667
        },
        "2019-05": {
            "month": "2019-05",
            "price": "19.81",
            "revenue": 1159229
        },
        "2019-06": {
            "month": "2019-06",
            "price": "19.82",
            "revenue": 1100611
        },
        "2019-07": {
            "month": "2019-07",
            "price": "19.99",
            "revenue": 1216407
        },
        "2019-08": {
            "month": "2019-08",
            "price": "18.69",
            "revenue": 1288045
        },
        "2019-09": {
            "month": "2019-09",
            "price": "19.29",
            "revenue": 1340625
        },
        "2019-10": {
            "month": "2019-10",
            "price": "20.77",
            "revenue": 1251048
        },
        "2019-11": {
            "month": "2019-11",
            "price": "20.61",
            "revenue": 1255692
        },
        "2019-12": {
            "month": "2019-12",
            "price": "21.39",
            "revenue": 1326702
        },
        "2020-01": {
            "month": "2020-01",
            "price": "22.14",
            "revenue": 1112982
        },
        "2020-02": {
            "month": "2020-02",
            "price": "20.81",
            "revenue": 450704
        },
        "2020-03": {
            "month": "2020-03",
            "price": "18.27",
            "revenue": 1073926
        },
        "2020-04": {
            "month": "2020-04",
            "price": "21.10",
            "revenue": 1178676
        },
        "2020-05": {
            "month": "2020-05",
            "price": "22.44",
            "revenue": 1272962
        },
        "2020-06": {
            "month": "2020-06",
            "price": "23.25",
            "revenue": 1300152
        },
        "2020-07": {
            "month": "2020-07",
            "price": "24.16",
            "revenue": 1511959
        },
        "2020-08": {
            "month": "2020-08",
            "price": "31.01",
            "revenue": 1414143
        },
        "2020-09": {
            "month": "2020-09",
            "price": "32.79",
            "revenue": 1571831
        },
        "2020-10": {
            "month": "2020-10",
            "price": "33.87",
            "revenue": 1314660
        },
        "2020-11": {
            "month": "2020-11",
            "price": "36.25",
            "revenue": 1375613
        },
        "2020-12": {
            "month": "2020-12",
            "price": "41.69",
            "revenue": 1215855
        },
        "2021-01": {
            "month": "2021-01",
            "price": "39.94",
            "revenue": 1510954
        },
        "2021-02": {
            "month": "2021-02",
            "price": "46.23",
            "revenue": 931901
        },
        "2021-03": {
            "month": "2021-03",
            "price": "48.32",
            "revenue": 1505716
        },
        "2021-04": {
            "month": "2021-04",
            "price": "52.54",
            "revenue": 1469714
        },
        "2021-05": {
            "month": "2021-05",
            "price": "44.34",
            "revenue": 1400075
        },
        "2021-06": {
            "month": "2021-06",
            "price": "45.76",
            "revenue": 1331332
        },
        "2021-07": {
            "month": "2021-07",
            "price": "42.57",
            "revenue": 1411090
        },
        "2021-08": {
            "month": "2021-08",
            "price": "39.82",
            "revenue": 1478312
        },
        "2021-09": {
            "month": "2021-09",
            "price": "39.04",
            "revenue": 1485066
        },
        "2021-10": {
            "month": "2021-10",
            "price": "38.92",
            "revenue": 1435411
        },
        "2021-11": {
            "month": "2021-11",
            "price": "42.48",
            "revenue": 1451434
        },
        "2021-12": {
            "month": "2021-12",
            "price": "44.41",
            "revenue": 1238517
        },
        "2022-01": {
            "month": "2022-01",
            "price": "44.52",
            "revenue": 1466256
        },
        "2022-02": {
            "month": "2022-02",
            "price": "44.28",
            "revenue": 979530
        },
        "2022-03": {
            "month": "2022-03",
            "price": "43.78",
            "revenue": 1271230
        },
        "2022-04": {
            "month": "2022-04",
            "price": "42.05",
            "revenue": 1323605
        },
        "2022-05": {
            "month": "2022-05",
            "price": "41.80",
            "revenue": 1256825
        },
        "2022-06": {
            "month": "2022-06",
            "price": "41.00",
            "revenue": 1185762
        },
        "2022-07": {
            "month": "2022-07",
            "price": "35.91",
            "revenue": 1316502
        },
        "2022-08": {
            "month": "2022-08",
            "price": "38.04",
            "revenue": 1453851
        },
        "2022-09": {
            "month": "2022-09",
            "price": "38.84",
            "revenue": 1277547
        },
        "2022-10": {
            "month": "2022-10",
            "price": "37.18",
            "revenue": 1205695
        },
        "2022-11": {
            "month": "2022-11",
            "price": "37.94",
            "revenue": 1253248
        },
        "2022-12": {
            "month": "2022-12",
            "price": "38.35",
            "revenue": 949818
        },
        "2023-01": {
            "month": "2023-01",
            "price": "38.48",
            "revenue": 1100374
        },
        "2023-02": {
            "month": "2023-02",
            "price": "40.39",
            "revenue": 1096075
        },
        "2023-03": {
            "month": "2023-03",
            "price": "44.89",
            "revenue": 1459691
        },
        "2023-04": {
            "month": "2023-04",
            "price": "49.48",
            "revenue": 1209480
        }
    }
}
