{
    "summary": {
        "stock_name": "嘉晶",
        "stock_id": "3016",
        "category": "半導體",
        "main_business": "矽磊晶、化合物半導體磊晶晶圓之開發、製造與銷售",
        "website_url": "http://www.epi.episil.com",
        "ceo": "孫慶宗",
        "pe_ratio": 35,
        "report_year_from": 2001,
        "report_year_to": 2023,
        "age": 22,
        "eps_negative_percentage": 30,
        "eps_growth_avg": {
            "last_all": -8.84,
            "last_2y": 92.1,
            "last_4y": 55.77,
            "last_8y": 39.83,
            "last_12y": 10.74,
            "last_16y": 2.34,
            "last_20y": -8.84,
            "at_2006_last_3y": -17.26,
            "at_2007_last_3y": -6.81,
            "at_2008_last_3y": -30.11,
            "at_2009_last_3y": -22.88,
            "at_2010_last_3y": -84.32,
            "at_2011_last_3y": -91.07,
            "at_2012_last_3y": -91.07,
            "at_2013_last_3y": -91.07,
            "at_2014_last_3y": -91.07,
            "at_2015_last_3y": -100,
            "at_2016_last_3y": -100,
            "at_2017_last_3y": 0,
            "at_2018_last_3y": 33.33,
            "at_2019_last_3y": 34.18,
            "at_2020_last_3y": 50.64,
            "at_2021_last_3y": 50.64,
            "at_2022_last_3y": 44.71,
            "at_2023_last_3y": 44.71,
            "at_2006_last_all": -17.26,
            "at_2007_last_all": -30.11,
            "at_2008_last_all": -44.09,
            "at_2009_last_all": -44.09,
            "at_2010_last_all": -44.09,
            "at_2011_last_all": -50.43,
            "at_2012_last_all": -57.51,
            "at_2013_last_all": -57.51,
            "at_2014_last_all": -57.51,
            "at_2015_last_all": -62.82,
            "at_2016_last_all": -62.82,
            "at_2017_last_all": -44.73,
            "at_2018_last_all": -30.26,
            "at_2019_last_all": -36.37,
            "at_2020_last_all": -25,
            "at_2021_last_all": -15.39,
            "at_2022_last_all": -8.84,
            "at_2023_last_all": -8.84
        },
        "latest_eps": 1.84,
        "latest_price": 64.9,
        "latest_roe": 11.5,
        "latest_gross_margin": 10.91,
        "latest_equity": 4759451,
        "latest_revenue": 1097160,
        "latest_gross_profit": 119704,
        "latest_net_income": 33034,
        "latest_debt_ratio": 36.15,
        "latest_current_ratio": 278.02,
        "latest_account_receivable_turnover_ratio": 0.98,
        "latest_inventory_turnover_ratio": 1.03,
        "latest_reinvestment_rate": -58.85,
        "latest_research_to_sale_ratio": 1.74
    },
    "eps_dividends": {
        "2001": {
            "cash": 0,
            "stock": 0,
            "eps": -0.06
        },
        "2002": {
            "cash": 0,
            "stock": 0,
            "eps": 0.76
        },
        "2003": {
            "cash": 0,
            "stock": 0,
            "eps": -0.07
        },
        "2004": {
            "cash": 0,
            "stock": 0,
            "eps": 1.12
        },
        "2005": {
            "cash": 0.1,
            "stock": 0.29,
            "eps": 0.54
        },
        "2006": {
            "cash": 0.2,
            "stock": 0.2,
            "eps": 3.03
        },
        "2007": {
            "cash": 1,
            "stock": 1,
            "eps": 0.95
        },
        "2008": {
            "cash": 0.59,
            "stock": 0.2,
            "eps": -0.56
        },
        "2009": {
            "cash": 0,
            "stock": 0,
            "eps": -0.91
        },
        "2010": {
            "cash": 0,
            "stock": 0,
            "eps": 0.84
        },
        "2011": {
            "cash": 0.5,
            "stock": 0.3,
            "eps": 0.15
        },
        "2012": {
            "cash": 0,
            "stock": 0,
            "eps": -0.51
        },
        "2013": {
            "cash": 0,
            "stock": 0,
            "eps": -0.29
        },
        "2014": {
            "cash": 0,
            "stock": 0,
            "eps": 0.18
        },
        "2015": {
            "cash": 0.1,
            "stock": 0,
            "eps": -0.16
        },
        "2016": {
            "cash": 0,
            "stock": 0,
            "eps": 0.07
        },
        "2017": {
            "cash": 0,
            "stock": 0,
            "eps": 0.68
        },
        "2018": {
            "cash": 0.5,
            "stock": 0,
            "eps": 1.57
        },
        "2019": {
            "cash": 1,
            "stock": 0,
            "eps": 0.04
        },
        "2020": {
            "cash": 0.25,
            "stock": 0,
            "eps": 0.09
        },
        "2021": {
            "cash": 0.25,
            "stock": 0,
            "eps": 1.35
        },
        "2022": {
            "cash": 1.2,
            "stock": 0,
            "eps": 2.38
        },
        "2023": {
            "cash": 2,
            "stock": 0,
            "eps": 0.11
        }
    },
    "dividends": {
        "2005-03-29": {
            "cash": 0.1,
            "stock": 0.29
        },
        "2006-03-17": {
            "cash": 0.2,
            "stock": 0.2
        },
        "2007-03-09": {
            "cash": 1,
            "stock": 1
        },
        "2008-03-20": {
            "cash": 0.59,
            "stock": 0.2
        },
        "2011-01-01": {
            "cash": 0.2,
            "stock": 0
        },
        "2011-03-25": {
            "cash": 0.3,
            "stock": 0.3
        },
        "2015-08-05": {
            "cash": 0.1,
            "stock": 0
        },
        "2018-08-29": {
            "cash": 0.5,
            "stock": 0
        },
        "2019-07-31": {
            "cash": 1,
            "stock": 0
        },
        "2020-08-07": {
            "cash": 0.25,
            "stock": 0
        },
        "2021-08-05": {
            "cash": 0.25,
            "stock": 0
        },
        "2022-08-12": {
            "cash": 1.2,
            "stock": 0
        },
        "2023-02-24": {
            "cash": 2,
            "stock": 0
        }
    },
    "prices": {
        "200101": "無",
        "200102": "無",
        "200103": "無",
        "200104": "無",
        "200105": "無",
        "200106": "無",
        "200107": "無",
        "200108": "無",
        "200109": "無",
        "200110": "無",
        "200111": "無",
        "200112": "無",
        "200201": "無",
        "200202": "無",
        "200203": "無",
        "200204": "無",
        "200205": "無",
        "200206": "無",
        "200207": "無",
        "200208": "無",
        "200209": "無",
        "200210": "無",
        "200211": "無",
        "200212": "14.91",
        "200301": "15.49",
        "200302": "15.45",
        "200303": "14.91",
        "200304": "14.86",
        "200305": "14.54",
        "200306": "14.91",
        "200307": "14.58",
        "200308": "13.44",
        "200309": "12.06",
        "200310": "12.34",
        "200311": "13.06",
        "200312": "13.63",
        "200401": "14.42",
        "200402": "16.70",
        "200403": "15.84",
        "200404": "16.45",
        "200405": "13.96",
        "200406": "13.32",
        "200407": "12.86",
        "200408": "12.08",
        "200409": "11.77",
        "200410": "11.82",
        "200411": "12.32",
        "200412": "13.19",
        "200501": "12.72",
        "200502": "13.09",
        "200503": "14.32",
        "200504": "13.94",
        "200505": "12.34",
        "200506": "15.25",
        "200507": "27.92",
        "200508": "24.60",
        "200509": "17.16",
        "200510": "17.86",
        "200511": "18.48",
        "200512": "20.55",
        "200601": "21.16",
        "200602": "19.83",
        "200603": "20.57",
        "200604": "30.18",
        "200605": "35.05",
        "200606": "28.88",
        "200607": "33.50",
        "200608": "36.01",
        "200609": "32.39",
        "200610": "33.54",
        "200611": "41.15",
        "200612": "40.82",
        "200701": "44.61",
        "200702": "46.43",
        "200703": "58.24",
        "200704": "83.60",
        "200705": "82.28",
        "200706": "87.04",
        "200707": "122.68",
        "200708": "103.07",
        "200709": "77.72",
        "200710": "79.88",
        "200711": "53.82",
        "200712": "44.87",
        "200801": "31.98",
        "200802": "30.88",
        "200803": "39.45",
        "200804": "42.67",
        "200805": "40.46",
        "200806": "34.11",
        "200807": "29.09",
        "200808": "26.70",
        "200809": "18.28",
        "200810": "17.18",
        "200811": "14.32",
        "200812": "13.22",
        "200901": "13.44",
        "200902": "13.47",
        "200903": "17.35",
        "200904": "30.43",
        "200905": "34.12",
        "200906": "35.02",
        "200907": "35.70",
        "200908": "32.54",
        "200909": "32.80",
        "200910": "33.90",
        "200911": "33.35",
        "200912": "37.80",
        "201001": "34.94",
        "201002": "30.75",
        "201003": "33.89",
        "201004": "36.41",
        "201005": "30.50",
        "201006": "30.52",
        "201007": "34.68",
        "201008": "36.43",
        "201009": "35.21",
        "201010": "31.89",
        "201011": "30.97",
        "201012": "32.03",
        "201101": "33.16",
        "201102": "33.50",
        "201103": "35.10",
        "201104": "34.73",
        "201105": "32.41",
        "201106": "30.84",
        "201107": "27.05",
        "201108": "19.83",
        "201109": "17.26",
        "201110": "17.53",
        "201111": "14.43",
        "201112": "12.50",
        "201201": "13.44",
        "201202": "19.12",
        "201203": "20.38",
        "201204": "17.22",
        "201205": "16.18",
        "201206": "14.81",
        "201207": "13.98",
        "201208": "13.19",
        "201209": "14.45",
        "201210": "12.72",
        "201211": "11.38",
        "201212": "12.64",
        "201301": "13.45",
        "201302": "12.68",
        "201303": "12.97",
        "201304": "12.06",
        "201305": "12.79",
        "201306": "12.59",
        "201307": "12.05",
        "201308": "11.35",
        "201309": "12.20",
        "201310": "13.51",
        "201311": "13.50",
        "201312": "14.12",
        "201401": "19.91",
        "201402": "19.15",
        "201403": "18.27",
        "201404": "17.66",
        "201405": "16.80",
        "201406": "21.48",
        "201407": "20.65",
        "201408": "18.99",
        "201409": "19.28",
        "201410": "18.89",
        "201411": "16.20",
        "201412": "16.82",
        "201501": "17.42",
        "201502": "16.97",
        "201503": "17.15",
        "201504": "16.78",
        "201505": "13.96",
        "201506": "11.31",
        "201507": "11.35",
        "201508": "10.58",
        "201509": "12.11",
        "201510": "13.67",
        "201511": "15.09",
        "201512": "15.72",
        "201601": "13.78",
        "201602": "16.11",
        "201603": "22.80",
        "201604": "24.04",
        "201605": "20.54",
        "201606": "21.57",
        "201607": "21.24",
        "201608": "19.57",
        "201609": "19.38",
        "201610": "18.87",
        "201611": "16.34",
        "201612": "18.40",
        "201701": "21.35",
        "201702": "22.61",
        "201703": "23.07",
        "201704": "24.59",
        "201705": "22.40",
        "201706": "22.48",
        "201707": "22.11",
        "201708": "21.98",
        "201709": "24.09",
        "201710": "27.96",
        "201711": "33.46",
        "201712": "32.23",
        "201801": "34.54",
        "201802": "31.00",
        "201803": "34.72",
        "201804": "36.71",
        "201805": "52.36",
        "201806": "76.17",
        "201807": "69.77",
        "201808": "61.78",
        "201809": "51.86",
        "201810": "38.73",
        "201811": "39.84",
        "201812": "47.39",
        "201901": "42.41",
        "201902": "57.27",
        "201903": "54.00",
        "201904": "52.50",
        "201905": "42.85",
        "201906": "43.34",
        "201907": "45.28",
        "201908": "46.62",
        "201909": "49.92",
        "201910": "52.70",
        "201911": "51.32",
        "201912": "52.12",
        "202001": "51.22",
        "202002": "49.06",
        "202003": "50.60",
        "202004": "50.57",
        "202005": "59.47",
        "202006": "69.96",
        "202007": "70.46",
        "202008": "70.53",
        "202009": "69.08",
        "202010": "64.18",
        "202011": "62.43",
        "202012": "70.81",
        "202101": "72.48",
        "202102": "69.57",
        "202103": "69.62",
        "202104": "77.95",
        "202105": "65.11",
        "202106": "70.36",
        "202107": "86.70",
        "202108": "86.16",
        "202109": "88.93",
        "202110": "89.02",
        "202111": "119.85",
        "202112": "139.05",
        "202201": "122.64",
        "202202": "110.87",
        "202203": "114.08",
        "202204": "103.74",
        "202205": "97.09",
        "202206": "97.47",
        "202207": "80.29",
        "202208": "85.60",
        "202209": "84.02",
        "202210": "70.76",
        "202211": "75.58",
        "202212": "74.54",
        "202301": "72.88",
        "202302": "77.11",
        "202303": "71.75",
        "202304": "67.82",
        "202305": "63.43"
    },
    "quarters": {
        "20011": {
            "year_quarter": 20011,
            "year": 2001,
            "quarter": 1,
            "eps": null,
            "eps_growth_year": null,
            "eps_4q": null,
            "eps_4q_growth_year": null,
            "roe": null,
            "roe_4q": 0,
            "gross_profit": null,
            "gross_margin": null,
            "gross_margin_4q_avg": 0,
            "net_income": null,
            "revenue": null,
            "common_shares": null,
            "book_valuer_per_share": null,
            "book_valuer_per_share_4q_avg": 0,
            "equity": null,
            "current_ratio": null,
            "debt_ratio": null,
            "inventory_turnover_ratio": null,
            "account_receivable_turnover_ratio": null,
            "reinvestment_rate": null,
            "research_to_sale_ratio": null,
            "price_fair": 0,
            "eps_avg_yearly": 0,
            "eps_latest_yearly": 0,
            "eps_growth_yearly": 0
        },
        "20012": {
            "year_quarter": 20012,
            "year": 2001,
            "quarter": 2,
            "eps": null,
            "eps_growth_year": null,
            "eps_4q": null,
            "eps_4q_growth_year": null,
            "roe": null,
            "roe_4q": 0,
            "gross_profit": null,
            "gross_margin": null,
            "gross_margin_4q_avg": 0,
            "net_income": null,
            "revenue": null,
            "common_shares": null,
            "book_valuer_per_share": null,
            "book_valuer_per_share_4q_avg": 0,
            "equity": null,
            "current_ratio": null,
            "debt_ratio": null,
            "inventory_turnover_ratio": null,
            "account_receivable_turnover_ratio": null,
            "reinvestment_rate": null,
            "research_to_sale_ratio": null,
            "price_fair": 0,
            "eps_avg_yearly": 0,
            "eps_latest_yearly": 0,
            "eps_growth_yearly": 0
        },
        "20013": {
            "year_quarter": 20013,
            "year": 2001,
            "quarter": 3,
            "eps": 0,
            "eps_growth_year": null,
            "eps_4q": null,
            "eps_4q_growth_year": null,
            "roe": -0.04,
            "roe_4q": -0.04,
            "gross_profit": 11421,
            "gross_margin": 11.05,
            "gross_margin_4q_avg": 3.68,
            "net_income": -255,
            "revenue": 103386,
            "common_shares": 600000,
            "book_valuer_per_share": 9.93,
            "book_valuer_per_share_4q_avg": 3.31,
            "equity": 595889,
            "current_ratio": 346.53,
            "debt_ratio": 9.94,
            "inventory_turnover_ratio": 4.48,
            "account_receivable_turnover_ratio": null,
            "reinvestment_rate": null,
            "research_to_sale_ratio": null,
            "price_fair": 0,
            "eps_avg_yearly": 0,
            "eps_latest_yearly": 0,
            "eps_growth_yearly": 0
        },
        "20014": {
            "year_quarter": 20014,
            "year": 2001,
            "quarter": 4,
            "eps": -0.06,
            "eps_growth_year": null,
            "eps_4q": null,
            "eps_4q_growth_year": null,
            "roe": -0.58,
            "roe_4q": -0.62,
            "gross_profit": 10789,
            "gross_margin": 10.9,
            "gross_margin_4q_avg": 5.49,
            "net_income": -3419,
            "revenue": 99009,
            "common_shares": 600000,
            "book_valuer_per_share": 9.87,
            "book_valuer_per_share_4q_avg": 4.95,
            "equity": 592471,
            "current_ratio": 465.78,
            "debt_ratio": 6.68,
            "inventory_turnover_ratio": 4.16,
            "account_receivable_turnover_ratio": null,
            "reinvestment_rate": null,
            "research_to_sale_ratio": null,
            "price_fair": 0,
            "eps_avg_yearly": 0,
            "eps_latest_yearly": 0,
            "eps_growth_yearly": 0
        },
        "20021": {
            "year_quarter": 20021,
            "year": 2002,
            "quarter": 1,
            "eps": 0.16,
            "eps_growth_year": null,
            "eps_4q": null,
            "eps_4q_growth_year": null,
            "roe": 1.62,
            "roe_4q": 1,
            "gross_profit": 23882,
            "gross_margin": 17.38,
            "gross_margin_4q_avg": 9.83,
            "net_income": 9685,
            "revenue": 137444,
            "common_shares": 600000,
            "book_valuer_per_share": 10.03,
            "book_valuer_per_share_4q_avg": 7.46,
            "equity": 602058,
            "current_ratio": 318.11,
            "debt_ratio": 12.31,
            "inventory_turnover_ratio": 5.6,
            "account_receivable_turnover_ratio": null,
            "reinvestment_rate": null,
            "research_to_sale_ratio": null,
            "price_fair": 0,
            "eps_avg_yearly": 0,
            "eps_latest_yearly": 0,
            "eps_growth_yearly": 0
        },
        "20022": {
            "year_quarter": 20022,
            "year": 2002,
            "quarter": 2,
            "eps": 0.62,
            "eps_growth_year": null,
            "eps_4q": 0.72,
            "eps_4q_growth_year": null,
            "roe": 5.97,
            "roe_4q": 6.97,
            "gross_profit": 58578,
            "gross_margin": 32.39,
            "gross_margin_4q_avg": 17.93,
            "net_income": 37034,
            "revenue": 180855,
            "common_shares": 600000,
            "book_valuer_per_share": 10.65,
            "book_valuer_per_share_4q_avg": 10.12,
            "equity": 639256,
            "current_ratio": 320.72,
            "debt_ratio": 14.75,
            "inventory_turnover_ratio": 4.74,
            "account_receivable_turnover_ratio": null,
            "reinvestment_rate": null,
            "research_to_sale_ratio": null,
            "price_fair": 86.8,
            "eps_avg_yearly": 2.48,
            "eps_latest_yearly": 2.48,
            "eps_growth_yearly": 1150
        },
        "20023": {
            "year_quarter": 20023,
            "year": 2002,
            "quarter": 3,
            "eps": 0.28,
            "eps_growth_year": null,
            "eps_4q": 1,
            "eps_4q_growth_year": null,
            "roe": 2.6,
            "roe_4q": 9.610000000000001,
            "gross_profit": 30115,
            "gross_margin": 21.84,
            "gross_margin_4q_avg": 20.63,
            "net_income": 16853,
            "revenue": 137910,
            "common_shares": 600000,
            "book_valuer_per_share": 10.93,
            "book_valuer_per_share_4q_avg": 10.37,
            "equity": 656088,
            "current_ratio": 365.13,
            "debt_ratio": 12.09,
            "inventory_turnover_ratio": 3.26,
            "account_receivable_turnover_ratio": null,
            "reinvestment_rate": null,
            "research_to_sale_ratio": null,
            "price_fair": 63,
            "eps_avg_yearly": 1.8,
            "eps_latest_yearly": 1.12,
            "eps_growth_yearly": 465.32
        },
        "20024": {
            "year_quarter": 20024,
            "year": 2002,
            "quarter": 4,
            "eps": -0.3,
            "eps_growth_year": null,
            "eps_4q": 0.76,
            "eps_4q_growth_year": null,
            "roe": -2.82,
            "roe_4q": 7.37,
            "gross_profit": 3642,
            "gross_margin": 3.99,
            "gross_margin_4q_avg": 18.9,
            "net_income": -18268,
            "revenue": 91267,
            "common_shares": 600000,
            "book_valuer_per_share": 10.63,
            "book_valuer_per_share_4q_avg": 10.56,
            "equity": 637954,
            "current_ratio": 238.56,
            "debt_ratio": 16.94,
            "inventory_turnover_ratio": 2.85,
            "account_receivable_turnover_ratio": null,
            "reinvestment_rate": null,
            "research_to_sale_ratio": null,
            "price_fair": 63,
            "eps_avg_yearly": 1.8,
            "eps_latest_yearly": 1.12,
            "eps_growth_yearly": 465.32
        },
        "20031": {
            "year_quarter": 20031,
            "year": 2003,
            "quarter": 1,
            "eps": 0,
            "eps_growth_year": -100,
            "eps_4q": 0.6,
            "eps_4q_growth_year": null,
            "roe": 0.04,
            "roe_4q": 5.79,
            "gross_profit": 16663,
            "gross_margin": 13.68,
            "gross_margin_4q_avg": 17.98,
            "net_income": 269,
            "revenue": 121849,
            "common_shares": 600000,
            "book_valuer_per_share": 10.64,
            "book_valuer_per_share_4q_avg": 10.71,
            "equity": 638215,
            "current_ratio": 255.43,
            "debt_ratio": 16.53,
            "inventory_turnover_ratio": 3.57,
            "account_receivable_turnover_ratio": null,
            "reinvestment_rate": null,
            "research_to_sale_ratio": null,
            "price_fair": 63,
            "eps_avg_yearly": 1.8,
            "eps_latest_yearly": 1.12,
            "eps_growth_yearly": 465.32
        },
        "20032": {
            "year_quarter": 20032,
            "year": 2003,
            "quarter": 2,
            "eps": 0.11,
            "eps_growth_year": -82.26,
            "eps_4q": 0.09,
            "eps_4q_growth_year": -87.29,
            "roe": 1.07,
            "roe_4q": 0.8900000000000003,
            "gross_profit": 21956,
            "gross_margin": 15.52,
            "gross_margin_4q_avg": 13.76,
            "net_income": 6861,
            "revenue": 141424,
            "common_shares": 600000,
            "book_valuer_per_share": 10.75,
            "book_valuer_per_share_4q_avg": 10.74,
            "equity": 645061,
            "current_ratio": 409,
            "debt_ratio": 10.42,
            "inventory_turnover_ratio": 3.56,
            "account_receivable_turnover_ratio": null,
            "reinvestment_rate": null,
            "research_to_sale_ratio": null,
            "price_fair": 63,
            "eps_avg_yearly": 1.8,
            "eps_latest_yearly": 1.12,
            "eps_growth_yearly": 465.32
        },
        "20033": {
            "year_quarter": 20033,
            "year": 2003,
            "quarter": 3,
            "eps": -0.06,
            "eps_growth_year": -121.43,
            "eps_4q": -0.25,
            "eps_4q_growth_year": -124.88,
            "roe": -0.59,
            "roe_4q": -2.3,
            "gross_profit": 10655,
            "gross_margin": 8.2,
            "gross_margin_4q_avg": 10.35,
            "net_income": -3784,
            "revenue": 129900,
            "common_shares": 600000,
            "book_valuer_per_share": 10.69,
            "book_valuer_per_share_4q_avg": 10.68,
            "equity": 641359,
            "current_ratio": 180.4,
            "debt_ratio": 32.57,
            "inventory_turnover_ratio": 3.49,
            "account_receivable_turnover_ratio": null,
            "reinvestment_rate": null,
            "research_to_sale_ratio": null,
            "price_fair": 63,
            "eps_avg_yearly": 1.8,
            "eps_latest_yearly": 1.12,
            "eps_growth_yearly": 465.32
        },
        "20034": {
            "year_quarter": 20034,
            "year": 2003,
            "quarter": 4,
            "eps": -0.12,
            "eps_growth_year": null,
            "eps_4q": -0.07,
            "eps_4q_growth_year": -109.21,
            "roe": -1.14,
            "roe_4q": -0.6199999999999999,
            "gross_profit": 6831,
            "gross_margin": 5.8,
            "gross_margin_4q_avg": 10.8,
            "net_income": -7252,
            "revenue": 117863,
            "common_shares": 600000,
            "book_valuer_per_share": 10.56,
            "book_valuer_per_share_4q_avg": 10.66,
            "equity": 633730,
            "current_ratio": 711.26,
            "debt_ratio": 33.8,
            "inventory_turnover_ratio": 3.26,
            "account_receivable_turnover_ratio": null,
            "reinvestment_rate": null,
            "research_to_sale_ratio": null,
            "price_fair": 63,
            "eps_avg_yearly": 1.8,
            "eps_latest_yearly": 1.12,
            "eps_growth_yearly": 465.32
        },
        "20041": {
            "year_quarter": 20041,
            "year": 2004,
            "quarter": 1,
            "eps": 0.03,
            "eps_growth_year": null,
            "eps_4q": -0.04,
            "eps_4q_growth_year": -106.62,
            "roe": 0.28,
            "roe_4q": -0.37999999999999967,
            "gross_profit": 17622,
            "gross_margin": 13.51,
            "gross_margin_4q_avg": 10.76,
            "net_income": 1799,
            "revenue": 130396,
            "common_shares": 600000,
            "book_valuer_per_share": 10.59,
            "book_valuer_per_share_4q_avg": 10.65,
            "equity": 635526,
            "current_ratio": 671.22,
            "debt_ratio": 34.26,
            "inventory_turnover_ratio": 2.56,
            "account_receivable_turnover_ratio": null,
            "reinvestment_rate": null,
            "research_to_sale_ratio": null,
            "price_fair": 63,
            "eps_avg_yearly": 1.8,
            "eps_latest_yearly": 1.12,
            "eps_growth_yearly": 465.32
        },
        "20042": {
            "year_quarter": 20042,
            "year": 2004,
            "quarter": 2,
            "eps": 0.28,
            "eps_growth_year": 154.55,
            "eps_4q": 0.13,
            "eps_4q_growth_year": 38.33,
            "roe": 2.62,
            "roe_4q": 1.1700000000000004,
            "gross_profit": 30286,
            "gross_margin": 19.81,
            "gross_margin_4q_avg": 11.83,
            "net_income": 16877,
            "revenue": 152899,
            "common_shares": 600000,
            "book_valuer_per_share": 10.87,
            "book_valuer_per_share_4q_avg": 10.68,
            "equity": 652344,
            "current_ratio": 603.15,
            "debt_ratio": 34.59,
            "inventory_turnover_ratio": 2.24,
            "account_receivable_turnover_ratio": null,
            "reinvestment_rate": null,
            "research_to_sale_ratio": null,
            "price_fair": 55.07,
            "eps_avg_yearly": 1.57,
            "eps_latest_yearly": 1.12,
            "eps_growth_yearly": 1421.33
        },
        "20043": {
            "year_quarter": 20043,
            "year": 2004,
            "quarter": 3,
            "eps": 0.35,
            "eps_growth_year": null,
            "eps_4q": 0.54,
            "eps_4q_growth_year": null,
            "roe": 3.21,
            "roe_4q": 4.970000000000001,
            "gross_profit": 34077,
            "gross_margin": 21.1,
            "gross_margin_4q_avg": 15.06,
            "net_income": 21267,
            "revenue": 161538,
            "common_shares": 600000,
            "book_valuer_per_share": 11.23,
            "book_valuer_per_share_4q_avg": 10.81,
            "equity": 673583,
            "current_ratio": 675.99,
            "debt_ratio": 33.64,
            "inventory_turnover_ratio": 2.36,
            "account_receivable_turnover_ratio": null,
            "reinvestment_rate": null,
            "research_to_sale_ratio": null,
            "price_fair": 53.55,
            "eps_avg_yearly": 1.53,
            "eps_latest_yearly": 1.4,
            "eps_growth_yearly": 1090.99
        },
        "20044": {
            "year_quarter": 20044,
            "year": 2004,
            "quarter": 4,
            "eps": 0.46,
            "eps_growth_year": null,
            "eps_4q": 1.13,
            "eps_4q_growth_year": null,
            "roe": 3.98,
            "roe_4q": 10.089999999999998,
            "gross_profit": 53607,
            "gross_margin": 32.02,
            "gross_margin_4q_avg": 21.61,
            "net_income": 27387,
            "revenue": 167399,
            "common_shares": 600000,
            "book_valuer_per_share": 11.69,
            "book_valuer_per_share_4q_avg": 11.1,
            "equity": 701516,
            "current_ratio": 649.82,
            "debt_ratio": 33.31,
            "inventory_turnover_ratio": 2.05,
            "account_receivable_turnover_ratio": null,
            "reinvestment_rate": null,
            "research_to_sale_ratio": null,
            "price_fair": 55.72,
            "eps_avg_yearly": 1.59,
            "eps_latest_yearly": 1.84,
            "eps_growth_yearly": 897.94
        },
        "20051": {
            "year_quarter": 20051,
            "year": 2005,
            "quarter": 1,
            "eps": 0.05,
            "eps_growth_year": 66.67,
            "eps_4q": 1.23,
            "eps_4q_growth_year": null,
            "roe": 0.4,
            "roe_4q": 10.21,
            "gross_profit": 18157,
            "gross_margin": 16.27,
            "gross_margin_4q_avg": 22.3,
            "net_income": 2787,
            "revenue": 111621,
            "common_shares": 600000,
            "book_valuer_per_share": 11.74,
            "book_valuer_per_share_4q_avg": 11.38,
            "equity": 704177,
            "current_ratio": 998.37,
            "debt_ratio": 30.77,
            "inventory_turnover_ratio": 1.56,
            "account_receivable_turnover_ratio": null,
            "reinvestment_rate": null,
            "research_to_sale_ratio": null,
            "price_fair": 47.6,
            "eps_avg_yearly": 1.36,
            "eps_latest_yearly": 0.2,
            "eps_growth_yearly": 688.86
        },
        "20052": {
            "year_quarter": 20052,
            "year": 2005,
            "quarter": 2,
            "eps": 0.1,
            "eps_growth_year": -64.29,
            "eps_4q": 0.96,
            "eps_4q_growth_year": 657.78,
            "roe": 0.84,
            "roe_4q": 8.43,
            "gross_profit": 24203,
            "gross_margin": 19.58,
            "gross_margin_4q_avg": 22.24,
            "net_income": 5978,
            "revenue": 123632,
            "common_shares": 606195,
            "book_valuer_per_share": 11.74,
            "book_valuer_per_share_4q_avg": 11.6,
            "equity": 711788,
            "current_ratio": 918.99,
            "debt_ratio": 30.93,
            "inventory_turnover_ratio": 1.81,
            "account_receivable_turnover_ratio": null,
            "reinvestment_rate": 337.98,
            "research_to_sale_ratio": null,
            "price_fair": 42.8,
            "eps_avg_yearly": 1.22,
            "eps_latest_yearly": 0.4,
            "eps_growth_yearly": 647.6
        },
        "20053": {
            "year_quarter": 20053,
            "year": 2005,
            "quarter": 3,
            "eps": 0.06,
            "eps_growth_year": -82.86,
            "eps_4q": 0.66,
            "eps_4q_growth_year": 22.96,
            "roe": 0.5,
            "roe_4q": 5.72,
            "gross_profit": 19062,
            "gross_margin": 13.94,
            "gross_margin_4q_avg": 20.45,
            "net_income": 3606,
            "revenue": 136782,
            "common_shares": 632759,
            "book_valuer_per_share": 11.49,
            "book_valuer_per_share_4q_avg": 11.67,
            "equity": 726900,
            "current_ratio": 728.73,
            "debt_ratio": 31.5,
            "inventory_turnover_ratio": 2.56,
            "account_receivable_turnover_ratio": null,
            "reinvestment_rate": -9.35,
            "research_to_sale_ratio": null,
            "price_fair": 38.5,
            "eps_avg_yearly": 1.1,
            "eps_latest_yearly": 0.24,
            "eps_growth_yearly": 546.65
        },
        "20054": {
            "year_quarter": 20054,
            "year": 2005,
            "quarter": 4,
            "eps": 0.33,
            "eps_growth_year": -28.26,
            "eps_4q": 0.53,
            "eps_4q_growth_year": -53.24,
            "roe": 2.77,
            "roe_4q": 4.510000000000001,
            "gross_profit": 41255,
            "gross_margin": 25.86,
            "gross_margin_4q_avg": 18.91,
            "net_income": 20529,
            "revenue": 159522,
            "common_shares": 637179,
            "book_valuer_per_share": 11.83,
            "book_valuer_per_share_4q_avg": 11.7,
            "equity": 753675,
            "current_ratio": 362.63,
            "debt_ratio": 31.17,
            "inventory_turnover_ratio": 2.86,
            "account_receivable_turnover_ratio": null,
            "reinvestment_rate": 25.56,
            "research_to_sale_ratio": null,
            "price_fair": 39.36,
            "eps_avg_yearly": 1.12,
            "eps_latest_yearly": 1.32,
            "eps_growth_yearly": 685.91
        },
        "20061": {
            "year_quarter": 20061,
            "year": 2006,
            "quarter": 1,
            "eps": 0.32,
            "eps_growth_year": 540,
            "eps_4q": 0.78,
            "eps_4q_growth_year": -35.96,
            "roe": 2.71,
            "roe_4q": 6.82,
            "gross_profit": 41654,
            "gross_margin": 25.91,
            "gross_margin_4q_avg": 21.32,
            "net_income": 20728,
            "revenue": 160743,
            "common_shares": 640239,
            "book_valuer_per_share": 12.16,
            "book_valuer_per_share_4q_avg": 11.81,
            "equity": 778793,
            "current_ratio": 227.04,
            "debt_ratio": 34.91,
            "inventory_turnover_ratio": 2.39,
            "account_receivable_turnover_ratio": null,
            "reinvestment_rate": 108.11,
            "research_to_sale_ratio": null,
            "price_fair": 39.9,
            "eps_avg_yearly": 1.14,
            "eps_latest_yearly": 1.28,
            "eps_growth_yearly": 616.1
        },
        "20062": {
            "year_quarter": 20062,
            "year": 2006,
            "quarter": 2,
            "eps": 0.85,
            "eps_growth_year": 750,
            "eps_4q": 1.54,
            "eps_4q_growth_year": 60.11,
            "roe": 6.91,
            "roe_4q": 12.89,
            "gross_profit": 79682,
            "gross_margin": 38.19,
            "gross_margin_4q_avg": 25.98,
            "net_income": 55434,
            "revenue": 208620,
            "common_shares": 645484,
            "book_valuer_per_share": 12.81,
            "book_valuer_per_share_4q_avg": 12.07,
            "equity": 826792,
            "current_ratio": 251.85,
            "debt_ratio": 33.66,
            "inventory_turnover_ratio": 2.04,
            "account_receivable_turnover_ratio": null,
            "reinvestment_rate": 102.04,
            "research_to_sale_ratio": null,
            "price_fair": 43.12,
            "eps_avg_yearly": 1.23,
            "eps_latest_yearly": 3.4,
            "eps_growth_yearly": 567.35
        },
        "20063": {
            "year_quarter": 20063,
            "year": 2006,
            "quarter": 3,
            "eps": 0.92,
            "eps_growth_year": 1433.33,
            "eps_4q": 2.38,
            "eps_4q_growth_year": 260.38,
            "roe": 7.09,
            "roe_4q": 19.48,
            "gross_profit": 94474,
            "gross_margin": 40.52,
            "gross_margin_4q_avg": 32.62,
            "net_income": 60762,
            "revenue": 233143,
            "common_shares": 660244,
            "book_valuer_per_share": 13.45,
            "book_valuer_per_share_4q_avg": 12.56,
            "equity": 888225,
            "current_ratio": 258.42,
            "debt_ratio": 33.48,
            "inventory_turnover_ratio": 1.92,
            "account_receivable_turnover_ratio": null,
            "reinvestment_rate": 67.63,
            "research_to_sale_ratio": null,
            "price_fair": 52.08,
            "eps_avg_yearly": 1.49,
            "eps_latest_yearly": 3.68,
            "eps_growth_yearly": 592.58
        },
        "20064": {
            "year_quarter": 20064,
            "year": 2006,
            "quarter": 4,
            "eps": 0.94,
            "eps_growth_year": 184.85,
            "eps_4q": 3.02,
            "eps_4q_growth_year": 470.16,
            "roe": 6.74,
            "roe_4q": 23.450000000000003,
            "gross_profit": 95275,
            "gross_margin": 42.06,
            "gross_margin_4q_avg": 36.67,
            "net_income": 62017,
            "revenue": 226535,
            "common_shares": 661259,
            "book_valuer_per_share": 14.39,
            "book_valuer_per_share_4q_avg": 13.2,
            "equity": 951544,
            "current_ratio": 202.51,
            "debt_ratio": 30.48,
            "inventory_turnover_ratio": 1.72,
            "account_receivable_turnover_ratio": null,
            "reinvestment_rate": 68.24,
            "research_to_sale_ratio": null,
            "price_fair": 59.31,
            "eps_avg_yearly": 1.69,
            "eps_latest_yearly": 3.76,
            "eps_growth_yearly": 539.5
        },
        "20071": {
            "year_quarter": 20071,
            "year": 2007,
            "quarter": 1,
            "eps": 0.54,
            "eps_growth_year": 68.75,
            "eps_4q": 3.24,
            "eps_4q_growth_year": 313,
            "roe": 3.67,
            "roe_4q": 24.41,
            "gross_profit": 58438,
            "gross_margin": 31.03,
            "gross_margin_4q_avg": 37.95,
            "net_income": 35622,
            "revenue": 188318,
            "common_shares": 661679,
            "book_valuer_per_share": 14.93,
            "book_valuer_per_share_4q_avg": 13.9,
            "equity": 987883,
            "current_ratio": 218.38,
            "debt_ratio": 30.98,
            "inventory_turnover_ratio": 1.92,
            "account_receivable_turnover_ratio": null,
            "reinvestment_rate": 94.39,
            "research_to_sale_ratio": null,
            "price_fair": 60.67,
            "eps_avg_yearly": 1.73,
            "eps_latest_yearly": 2.16,
            "eps_growth_yearly": 480.36
        },
        "20072": {
            "year_quarter": 20072,
            "year": 2007,
            "quarter": 2,
            "eps": 0.26,
            "eps_growth_year": -69.41,
            "eps_4q": 2.45,
            "eps_4q_growth_year": 59.02,
            "roe": 1.95,
            "roe_4q": 19.45,
            "gross_profit": 48448,
            "gross_margin": 27.25,
            "gross_margin_4q_avg": 35.22,
            "net_income": 18844,
            "revenue": 177761,
            "common_shares": 662109,
            "book_valuer_per_share": 14.27,
            "book_valuer_per_share_4q_avg": 14.26,
            "equity": 944897,
            "current_ratio": 237.18,
            "debt_ratio": 43.23,
            "inventory_turnover_ratio": 2.35,
            "account_receivable_turnover_ratio": null,
            "reinvestment_rate": 105,
            "research_to_sale_ratio": null,
            "price_fair": 58.8,
            "eps_avg_yearly": 1.68,
            "eps_latest_yearly": 1.04,
            "eps_growth_yearly": 427.46
        },
        "20073": {
            "year_quarter": 20073,
            "year": 2007,
            "quarter": 3,
            "eps": 0.3,
            "eps_growth_year": -67.39,
            "eps_4q": 1.88,
            "eps_4q_growth_year": -21.17,
            "roe": 2.31,
            "roe_4q": 14.67,
            "gross_profit": 30269,
            "gross_margin": 18.43,
            "gross_margin_4q_avg": 29.69,
            "net_income": 22126,
            "revenue": 164194,
            "common_shares": 736275,
            "book_valuer_per_share": 13.14,
            "book_valuer_per_share_4q_avg": 14.18,
            "equity": 967495,
            "current_ratio": 288.1,
            "debt_ratio": 39.95,
            "inventory_turnover_ratio": 2.47,
            "account_receivable_turnover_ratio": null,
            "reinvestment_rate": 92.23,
            "research_to_sale_ratio": null,
            "price_fair": 57.6,
            "eps_avg_yearly": 1.65,
            "eps_latest_yearly": 1.2,
            "eps_growth_yearly": 401.32
        },
        "20074": {
            "year_quarter": 20074,
            "year": 2007,
            "quarter": 4,
            "eps": -0.15,
            "eps_growth_year": -115.96,
            "eps_4q": 0.89,
            "eps_4q_growth_year": -70.48,
            "roe": -1.14,
            "roe_4q": 6.79,
            "gross_profit": 26017,
            "gross_margin": 16.89,
            "gross_margin_4q_avg": 23.4,
            "net_income": -10928,
            "revenue": 154064,
            "common_shares": 736330,
            "book_valuer_per_share": 12.95,
            "book_valuer_per_share_4q_avg": 13.82,
            "equity": 953225,
            "current_ratio": 232.23,
            "debt_ratio": 33.95,
            "inventory_turnover_ratio": 1.93,
            "account_receivable_turnover_ratio": null,
            "reinvestment_rate": 79.8,
            "research_to_sale_ratio": null,
            "price_fair": 57.6,
            "eps_avg_yearly": 1.65,
            "eps_latest_yearly": 1.2,
            "eps_growth_yearly": 401.32
        },
        "20081": {
            "year_quarter": 20081,
            "year": 2008,
            "quarter": 1,
            "eps": 0,
            "eps_growth_year": -100,
            "eps_4q": 0.4,
            "eps_4q_growth_year": -87.58,
            "roe": 0.01,
            "roe_4q": 3.13,
            "gross_profit": 5826,
            "gross_margin": 4.06,
            "gross_margin_4q_avg": 16.66,
            "net_income": 82,
            "revenue": 143596,
            "common_shares": 748310,
            "book_valuer_per_share": 12.99,
            "book_valuer_per_share_4q_avg": 13.34,
            "equity": 971733,
            "current_ratio": 244.61,
            "debt_ratio": 31.83,
            "inventory_turnover_ratio": 2.02,
            "account_receivable_turnover_ratio": null,
            "reinvestment_rate": 78.45,
            "research_to_sale_ratio": null,
            "price_fair": 57.6,
            "eps_avg_yearly": 1.65,
            "eps_latest_yearly": 1.2,
            "eps_growth_yearly": 401.32
        },
        "20082": {
            "year_quarter": 20082,
            "year": 2008,
            "quarter": 2,
            "eps": 0.04,
            "eps_growth_year": -84.62,
            "eps_4q": 0.19,
            "eps_4q_growth_year": -92.41,
            "roe": 0.33,
            "roe_4q": 1.5100000000000002,
            "gross_profit": 17836,
            "gross_margin": 10.96,
            "gross_margin_4q_avg": 12.59,
            "net_income": 3099,
            "revenue": 162684,
            "common_shares": 751030,
            "book_valuer_per_share": 12.37,
            "book_valuer_per_share_4q_avg": 12.86,
            "equity": 929035,
            "current_ratio": 197.97,
            "debt_ratio": 34.98,
            "inventory_turnover_ratio": 2.41,
            "account_receivable_turnover_ratio": null,
            "reinvestment_rate": 74.23,
            "research_to_sale_ratio": null,
            "price_fair": 59.02,
            "eps_avg_yearly": 1.69,
            "eps_latest_yearly": 1.2,
            "eps_growth_yearly": 175.78
        },
        "20083": {
            "year_quarter": 20083,
            "year": 2008,
            "quarter": 3,
            "eps": 0.06,
            "eps_growth_year": -80,
            "eps_4q": -0.04,
            "eps_4q_growth_year": -101.88,
            "roe": 0.52,
            "roe_4q": -0.2799999999999998,
            "gross_profit": -479,
            "gross_margin": -0.3,
            "gross_margin_4q_avg": 7.9,
            "net_income": 4878,
            "revenue": 158398,
            "common_shares": 774104,
            "book_valuer_per_share": 12.14,
            "book_valuer_per_share_4q_avg": 12.61,
            "equity": 939773,
            "current_ratio": 266.83,
            "debt_ratio": 28.83,
            "inventory_turnover_ratio": 3.22,
            "account_receivable_turnover_ratio": null,
            "reinvestment_rate": 75.72,
            "research_to_sale_ratio": null,
            "price_fair": 55.89,
            "eps_avg_yearly": 1.6,
            "eps_latest_yearly": 0.24,
            "eps_growth_yearly": 183.47
        },
        "20084": {
            "year_quarter": 20084,
            "year": 2008,
            "quarter": 4,
            "eps": -0.66,
            "eps_growth_year": null,
            "eps_4q": -0.55,
            "eps_4q_growth_year": -161.8,
            "roe": -5.43,
            "roe_4q": -4.57,
            "gross_profit": -15571,
            "gross_margin": -16.57,
            "gross_margin_4q_avg": -0.46,
            "net_income": -50427,
            "revenue": 93980,
            "common_shares": 774209,
            "book_valuer_per_share": 11.83,
            "book_valuer_per_share_4q_avg": 12.33,
            "equity": 916116,
            "current_ratio": 510.49,
            "debt_ratio": 21.66,
            "inventory_turnover_ratio": 2.21,
            "account_receivable_turnover_ratio": 2.79,
            "reinvestment_rate": 88.79,
            "research_to_sale_ratio": null,
            "price_fair": 55.18,
            "eps_avg_yearly": 1.58,
            "eps_latest_yearly": 0.24,
            "eps_growth_yearly": 188.28
        },
        "20091": {
            "year_quarter": 20091,
            "year": 2009,
            "quarter": 1,
            "eps": -0.52,
            "eps_growth_year": null,
            "eps_4q": -0.92,
            "eps_4q_growth_year": -328.82,
            "roe": -4.06,
            "roe_4q": -8.639999999999999,
            "gross_profit": -25675,
            "gross_margin": -34.79,
            "gross_margin_4q_avg": -10.18,
            "net_income": -40108,
            "revenue": 73799,
            "common_shares": 896269,
            "book_valuer_per_share": 11.81,
            "book_valuer_per_share_4q_avg": 12.04,
            "equity": 1058595,
            "current_ratio": 714.83,
            "debt_ratio": 19.4,
            "inventory_turnover_ratio": 1.76,
            "account_receivable_turnover_ratio": 1.1,
            "reinvestment_rate": 91,
            "research_to_sale_ratio": null,
            "price_fair": 59.56,
            "eps_avg_yearly": 1.7,
            "eps_latest_yearly": 0.24,
            "eps_growth_yearly": 237.81
        },
        "20092": {
            "year_quarter": 20092,
            "year": 2009,
            "quarter": 2,
            "eps": -0.03,
            "eps_growth_year": -175,
            "eps_4q": -0.97,
            "eps_4q_growth_year": -625.14,
            "roe": -0.25,
            "roe_4q": -9.219999999999999,
            "gross_profit": 1697,
            "gross_margin": 1.29,
            "gross_margin_4q_avg": -12.59,
            "net_income": -2679,
            "revenue": 131414,
            "common_shares": 906356,
            "book_valuer_per_share": 11.82,
            "book_valuer_per_share_4q_avg": 11.9,
            "equity": 1071205,
            "current_ratio": 189.58,
            "debt_ratio": 18.9,
            "inventory_turnover_ratio": 2.6,
            "account_receivable_turnover_ratio": 1.48,
            "reinvestment_rate": 164.09,
            "research_to_sale_ratio": null,
            "price_fair": 64.12,
            "eps_avg_yearly": 1.83,
            "eps_latest_yearly": 0.24,
            "eps_growth_yearly": 221.59
        },
        "20093": {
            "year_quarter": 20093,
            "year": 2009,
            "quarter": 3,
            "eps": -0.16,
            "eps_growth_year": -366.67,
            "eps_4q": -1.18,
            "eps_4q_growth_year": null,
            "roe": -1.26,
            "roe_4q": -11,
            "gross_profit": 2060,
            "gross_margin": 1.47,
            "gross_margin_4q_avg": -12.15,
            "net_income": -13460,
            "revenue": 139991,
            "common_shares": 906676,
            "book_valuer_per_share": 11.68,
            "book_valuer_per_share_4q_avg": 11.79,
            "equity": 1058587,
            "current_ratio": 186.43,
            "debt_ratio": 20.2,
            "inventory_turnover_ratio": 2.62,
            "account_receivable_turnover_ratio": 1.19,
            "reinvestment_rate": 144.72,
            "research_to_sale_ratio": null,
            "price_fair": 70.31,
            "eps_avg_yearly": 2.01,
            "eps_latest_yearly": 0.24,
            "eps_growth_yearly": 263.99
        },
        "20094": {
            "year_quarter": 20094,
            "year": 2009,
            "quarter": 4,
            "eps": -0.2,
            "eps_growth_year": null,
            "eps_4q": -0.81,
            "eps_4q_growth_year": null,
            "roe": -1.68,
            "roe_4q": -7.25,
            "gross_profit": -1288,
            "gross_margin": -0.97,
            "gross_margin_4q_avg": -8.25,
            "net_income": -17640,
            "revenue": 132146,
            "common_shares": 907186,
            "book_valuer_per_share": 11.48,
            "book_valuer_per_share_4q_avg": 11.7,
            "equity": 1041557,
            "current_ratio": 201.78,
            "debt_ratio": 18.86,
            "inventory_turnover_ratio": 2.2,
            "account_receivable_turnover_ratio": 1.65,
            "reinvestment_rate": 89.48,
            "research_to_sale_ratio": null,
            "price_fair": 73.33,
            "eps_avg_yearly": 2.1,
            "eps_latest_yearly": 0.24,
            "eps_growth_yearly": 71.99
        },
        "20101": {
            "year_quarter": 20101,
            "year": 2010,
            "quarter": 1,
            "eps": 0.07,
            "eps_growth_year": null,
            "eps_4q": -0.31,
            "eps_4q_growth_year": null,
            "roe": 0.58,
            "roe_4q": -2.6100000000000003,
            "gross_profit": 27876,
            "gross_margin": 13.78,
            "gross_margin_4q_avg": 3.89,
            "net_income": 6052,
            "revenue": 202227,
            "common_shares": 907346,
            "book_valuer_per_share": 11.55,
            "book_valuer_per_share_4q_avg": 11.63,
            "equity": 1047694,
            "current_ratio": 209.37,
            "debt_ratio": 21.77,
            "inventory_turnover_ratio": 2.28,
            "account_receivable_turnover_ratio": 1.07,
            "reinvestment_rate": -25.66,
            "research_to_sale_ratio": 3.61,
            "price_fair": 77.4,
            "eps_avg_yearly": 2.21,
            "eps_latest_yearly": 0.24,
            "eps_growth_yearly": 84.01
        },
        "20102": {
            "year_quarter": 20102,
            "year": 2010,
            "quarter": 2,
            "eps": 0.28,
            "eps_growth_year": null,
            "eps_4q": 0.01,
            "eps_4q_growth_year": null,
            "roe": 2.44,
            "roe_4q": 0.08000000000000007,
            "gross_profit": 51491,
            "gross_margin": 19.92,
            "gross_margin_4q_avg": 8.55,
            "net_income": 25856,
            "revenue": 258520,
            "common_shares": 907666,
            "book_valuer_per_share": 11.84,
            "book_valuer_per_share_4q_avg": 11.64,
            "equity": 1074585,
            "current_ratio": 359.97,
            "debt_ratio": 13.14,
            "inventory_turnover_ratio": 1.92,
            "account_receivable_turnover_ratio": 1.02,
            "reinvestment_rate": -45.12,
            "research_to_sale_ratio": 2.27,
            "price_fair": 66,
            "eps_avg_yearly": 1.89,
            "eps_latest_yearly": 1.12,
            "eps_growth_yearly": 160.79
        },
        "20103": {
            "year_quarter": 20103,
            "year": 2010,
            "quarter": 3,
            "eps": 0.36,
            "eps_growth_year": null,
            "eps_4q": 0.51,
            "eps_4q_growth_year": null,
            "roe": 2.96,
            "roe_4q": 4.300000000000001,
            "gross_profit": 46499,
            "gross_margin": 19.48,
            "gross_margin_4q_avg": 13.05,
            "net_income": 32317,
            "revenue": 238683,
            "common_shares": 907751,
            "book_valuer_per_share": 12.2,
            "book_valuer_per_share_4q_avg": 11.77,
            "equity": 1107368,
            "current_ratio": 374.33,
            "debt_ratio": 13.74,
            "inventory_turnover_ratio": 1.55,
            "account_receivable_turnover_ratio": 0.88,
            "reinvestment_rate": -82.44,
            "research_to_sale_ratio": 2.34,
            "price_fair": 54.8,
            "eps_avg_yearly": 1.57,
            "eps_latest_yearly": 1.44,
            "eps_growth_yearly": 172.41
        },
        "20104": {
            "year_quarter": 20104,
            "year": 2010,
            "quarter": 4,
            "eps": 0.13,
            "eps_growth_year": null,
            "eps_4q": 0.84,
            "eps_4q_growth_year": null,
            "roe": 1.08,
            "roe_4q": 7.0600000000000005,
            "gross_profit": 35858,
            "gross_margin": 16.85,
            "gross_margin_4q_avg": 17.51,
            "net_income": 12092,
            "revenue": 212756,
            "common_shares": 909346,
            "book_valuer_per_share": 12.33,
            "book_valuer_per_share_4q_avg": 11.98,
            "equity": 1121614,
            "current_ratio": 448.28,
            "debt_ratio": 11.62,
            "inventory_turnover_ratio": 1.48,
            "account_receivable_turnover_ratio": 0.89,
            "reinvestment_rate": -520.11,
            "research_to_sale_ratio": 2.6,
            "price_fair": 38.6,
            "eps_avg_yearly": 1.1,
            "eps_latest_yearly": 0.52,
            "eps_growth_yearly": 134.66
        },
        "20111": {
            "year_quarter": 20111,
            "year": 2011,
            "quarter": 1,
            "eps": 0.21,
            "eps_growth_year": 200,
            "eps_4q": 0.98,
            "eps_4q_growth_year": null,
            "roe": 1.69,
            "roe_4q": 8.17,
            "gross_profit": 40823,
            "gross_margin": 16.44,
            "gross_margin_4q_avg": 18.17,
            "net_income": 19069,
            "revenue": 248338,
            "common_shares": 909816,
            "book_valuer_per_share": 12.53,
            "book_valuer_per_share_4q_avg": 12.23,
            "equity": 1139648,
            "current_ratio": 318.6,
            "debt_ratio": 15.68,
            "inventory_turnover_ratio": 1.81,
            "account_receivable_turnover_ratio": 0.94,
            "reinvestment_rate": -1939.32,
            "research_to_sale_ratio": 1.65,
            "price_fair": 32,
            "eps_avg_yearly": 0.91,
            "eps_latest_yearly": 0.84,
            "eps_growth_yearly": 194.15
        },
        "20112": {
            "year_quarter": 20112,
            "year": 2011,
            "quarter": 2,
            "eps": 0.3,
            "eps_growth_year": 6.91,
            "eps_4q": 0.98,
            "eps_4q_growth_year": 10917.46,
            "roe": 2.49,
            "roe_4q": 8.219999999999999,
            "gross_profit": 58023,
            "gross_margin": 22.19,
            "gross_margin_4q_avg": 18.74,
            "net_income": 28588,
            "revenue": 261507,
            "common_shares": 911416,
            "book_valuer_per_share": 12.73,
            "book_valuer_per_share_4q_avg": 12.45,
            "equity": 1160225,
            "current_ratio": 345.42,
            "debt_ratio": 32.06,
            "inventory_turnover_ratio": 1.66,
            "account_receivable_turnover_ratio": 0.86,
            "reinvestment_rate": -495.69,
            "research_to_sale_ratio": 1.63,
            "price_fair": 32.8,
            "eps_avg_yearly": 0.94,
            "eps_latest_yearly": 1.2,
            "eps_growth_yearly": 248.26
        },
        "20113": {
            "year_quarter": 20113,
            "year": 2011,
            "quarter": 3,
            "eps": -0.03,
            "eps_growth_year": -109.09,
            "eps_4q": 0.61,
            "eps_4q_growth_year": 18.97,
            "roe": -0.26,
            "roe_4q": 5,
            "gross_profit": 14322,
            "gross_margin": 7.45,
            "gross_margin_4q_avg": 15.73,
            "net_income": -3006,
            "revenue": 192300,
            "common_shares": 938708,
            "book_valuer_per_share": 12.3,
            "book_valuer_per_share_4q_avg": 12.47,
            "equity": 1142745,
            "current_ratio": 365.84,
            "debt_ratio": 31.1,
            "inventory_turnover_ratio": 1.43,
            "account_receivable_turnover_ratio": 0.66,
            "reinvestment_rate": null,
            "research_to_sale_ratio": 1.74,
            "price_fair": 31.27,
            "eps_avg_yearly": 0.89,
            "eps_latest_yearly": 1.2,
            "eps_growth_yearly": 279.39
        },
        "20114": {
            "year_quarter": 20114,
            "year": 2011,
            "quarter": 4,
            "eps": -0.33,
            "eps_growth_year": -351.42,
            "eps_4q": 0.15,
            "eps_4q_growth_year": -81.8,
            "roe": -2.75,
            "roe_4q": 1.1700000000000004,
            "gross_profit": -6239,
            "gross_margin": -5.04,
            "gross_margin_4q_avg": 10.26,
            "net_income": -30650,
            "revenue": 123675,
            "common_shares": 938708,
            "book_valuer_per_share": 11.89,
            "book_valuer_per_share_4q_avg": 12.36,
            "equity": 1089845,
            "current_ratio": 730.75,
            "debt_ratio": 25.78,
            "inventory_turnover_ratio": 1.15,
            "account_receivable_turnover_ratio": 0.55,
            "reinvestment_rate": null,
            "research_to_sale_ratio": 3.54,
            "price_fair": 31.27,
            "eps_avg_yearly": 0.89,
            "eps_latest_yearly": 1.2,
            "eps_growth_yearly": 279.39
        },
        "20121": {
            "year_quarter": 20121,
            "year": 2012,
            "quarter": 1,
            "eps": -0.42,
            "eps_growth_year": -300,
            "eps_4q": -0.47,
            "eps_4q_growth_year": -148.19,
            "roe": -3.61,
            "roe_4q": -4.129999999999999,
            "gross_profit": -10623,
            "gross_margin": -8.24,
            "gross_margin_4q_avg": 4.09,
            "net_income": -39348,
            "revenue": 128955,
            "common_shares": 938708,
            "book_valuer_per_share": 11.63,
            "book_valuer_per_share_4q_avg": 12.14,
            "equity": 1091712,
            "current_ratio": 970.38,
            "debt_ratio": 24.72,
            "inventory_turnover_ratio": 1.33,
            "account_receivable_turnover_ratio": 0.87,
            "reinvestment_rate": null,
            "research_to_sale_ratio": 4.35,
            "price_fair": 31.27,
            "eps_avg_yearly": 0.89,
            "eps_latest_yearly": 1.2,
            "eps_growth_yearly": 279.39
        },
        "20122": {
            "year_quarter": 20122,
            "year": 2012,
            "quarter": 2,
            "eps": -0.08,
            "eps_growth_year": -125.61,
            "eps_4q": -0.86,
            "eps_4q_growth_year": -187.25,
            "roe": -0.68,
            "roe_4q": -7.3,
            "gross_profit": 12489,
            "gross_margin": 7.07,
            "gross_margin_4q_avg": 0.31,
            "net_income": -7320,
            "revenue": 176709,
            "common_shares": 938708,
            "book_valuer_per_share": 11.37,
            "book_valuer_per_share_4q_avg": 11.8,
            "equity": 1067399,
            "current_ratio": 617.66,
            "debt_ratio": 27.42,
            "inventory_turnover_ratio": 1.69,
            "account_receivable_turnover_ratio": 1.04,
            "reinvestment_rate": null,
            "research_to_sale_ratio": 3.05,
            "price_fair": 31.27,
            "eps_avg_yearly": 0.89,
            "eps_latest_yearly": 1.2,
            "eps_growth_yearly": 279.39
        },
        "20123": {
            "year_quarter": 20123,
            "year": 2012,
            "quarter": 3,
            "eps": 0.14,
            "eps_growth_year": null,
            "eps_4q": -0.69,
            "eps_4q_growth_year": -212.37,
            "roe": 1.2,
            "roe_4q": -5.84,
            "gross_profit": 37056,
            "gross_margin": 15.1,
            "gross_margin_4q_avg": 2.22,
            "net_income": 12912,
            "revenue": 245444,
            "common_shares": 938708,
            "book_valuer_per_share": 11.52,
            "book_valuer_per_share_4q_avg": 11.6,
            "equity": 1081543,
            "current_ratio": 645.8,
            "debt_ratio": 27.37,
            "inventory_turnover_ratio": 2.34,
            "account_receivable_turnover_ratio": 0.87,
            "reinvestment_rate": null,
            "research_to_sale_ratio": 1.8,
            "price_fair": 35.84,
            "eps_avg_yearly": 1.02,
            "eps_latest_yearly": 1.2,
            "eps_growth_yearly": 295.26
        },
        "20124": {
            "year_quarter": 20124,
            "year": 2012,
            "quarter": 4,
            "eps": -0.15,
            "eps_growth_year": null,
            "eps_4q": -0.51,
            "eps_4q_growth_year": -435.34,
            "roe": -1.33,
            "roe_4q": -4.42,
            "gross_profit": 23361,
            "gross_margin": 11.85,
            "gross_margin_4q_avg": 6.45,
            "net_income": -14318,
            "revenue": 197168,
            "common_shares": 938708,
            "book_valuer_per_share": 11.37,
            "book_valuer_per_share_4q_avg": 11.47,
            "equity": 1067208,
            "current_ratio": 738.99,
            "debt_ratio": 26.94,
            "inventory_turnover_ratio": 1.87,
            "account_receivable_turnover_ratio": 0.63,
            "reinvestment_rate": null,
            "research_to_sale_ratio": 2.12,
            "price_fair": 35.84,
            "eps_avg_yearly": 1.02,
            "eps_latest_yearly": 1.2,
            "eps_growth_yearly": 295.26
        },
        "20131": {
            "year_quarter": 20131,
            "year": 2013,
            "quarter": 1,
            "eps": -0.07,
            "eps_growth_year": null,
            "eps_4q": -0.16,
            "eps_4q_growth_year": null,
            "roe": -0.58,
            "roe_4q": -1.3900000000000001,
            "gross_profit": 23601,
            "gross_margin": 11.53,
            "gross_margin_4q_avg": 11.39,
            "net_income": -6159,
            "revenue": 204613,
            "common_shares": 938708,
            "book_valuer_per_share": 11.24,
            "book_valuer_per_share_4q_avg": 11.38,
            "equity": 1054799,
            "current_ratio": 686.02,
            "debt_ratio": 28.03,
            "inventory_turnover_ratio": 1.75,
            "account_receivable_turnover_ratio": 0.88,
            "reinvestment_rate": 4861.01,
            "research_to_sale_ratio": 1.93,
            "price_fair": 35.84,
            "eps_avg_yearly": 1.02,
            "eps_latest_yearly": 1.2,
            "eps_growth_yearly": 295.26
        },
        "20132": {
            "year_quarter": 20132,
            "year": 2013,
            "quarter": 2,
            "eps": 0.05,
            "eps_growth_year": null,
            "eps_4q": -0.03,
            "eps_4q_growth_year": null,
            "roe": 0.42,
            "roe_4q": -0.29000000000000004,
            "gross_profit": 32059,
            "gross_margin": 13.76,
            "gross_margin_4q_avg": 13.06,
            "net_income": 4391,
            "revenue": 232961,
            "common_shares": 938708,
            "book_valuer_per_share": 11.29,
            "book_valuer_per_share_4q_avg": 11.36,
            "equity": 1059931,
            "current_ratio": 197.52,
            "debt_ratio": 28.48,
            "inventory_turnover_ratio": 1.81,
            "account_receivable_turnover_ratio": 1.13,
            "reinvestment_rate": -650.47,
            "research_to_sale_ratio": 1.61,
            "price_fair": 35.84,
            "eps_avg_yearly": 1.02,
            "eps_latest_yearly": 1.2,
            "eps_growth_yearly": 295.26
        },
        "20133": {
            "year_quarter": 20133,
            "year": 2013,
            "quarter": 3,
            "eps": 0.1,
            "eps_growth_year": -27.3,
            "eps_4q": -0.07,
            "eps_4q_growth_year": null,
            "roe": 0.91,
            "roe_4q": -0.58,
            "gross_profit": 27139,
            "gross_margin": 13.01,
            "gross_margin_4q_avg": 12.54,
            "net_income": 9677,
            "revenue": 208549,
            "common_shares": 938708,
            "book_valuer_per_share": 11.41,
            "book_valuer_per_share_4q_avg": 11.33,
            "equity": 1070731,
            "current_ratio": 212.12,
            "debt_ratio": 27.05,
            "inventory_turnover_ratio": 1.7,
            "account_receivable_turnover_ratio": 0.97,
            "reinvestment_rate": -195.18,
            "research_to_sale_ratio": 1.81,
            "price_fair": 32.2,
            "eps_avg_yearly": 0.92,
            "eps_latest_yearly": 0.4,
            "eps_growth_yearly": 312.72
        },
        "20134": {
            "year_quarter": 20134,
            "year": 2013,
            "quarter": 4,
            "eps": -0.37,
            "eps_growth_year": null,
            "eps_4q": -0.29,
            "eps_4q_growth_year": null,
            "roe": -3.33,
            "roe_4q": -2.58,
            "gross_profit": 1955,
            "gross_margin": 1.1,
            "gross_margin_4q_avg": 9.85,
            "net_income": -35136,
            "revenue": 177331,
            "common_shares": 938708,
            "book_valuer_per_share": 11.05,
            "book_valuer_per_share_4q_avg": 11.25,
            "equity": 1037572,
            "current_ratio": 210.35,
            "debt_ratio": 27.49,
            "inventory_turnover_ratio": 2.08,
            "account_receivable_turnover_ratio": 0.95,
            "reinvestment_rate": 181.69,
            "research_to_sale_ratio": 2.26,
            "price_fair": 32.2,
            "eps_avg_yearly": 0.92,
            "eps_latest_yearly": 0.4,
            "eps_growth_yearly": 312.72
        },
        "20141": {
            "year_quarter": 20141,
            "year": 2014,
            "quarter": 1,
            "eps": 0.22,
            "eps_growth_year": null,
            "eps_4q": -0.01,
            "eps_4q_growth_year": null,
            "roe": 1.95,
            "roe_4q": -0.0500000000000001,
            "gross_profit": 25632,
            "gross_margin": 12.98,
            "gross_margin_4q_avg": 10.21,
            "net_income": 20402,
            "revenue": 197491,
            "common_shares": 938708,
            "book_valuer_per_share": 11.29,
            "book_valuer_per_share_4q_avg": 11.26,
            "equity": 1059428,
            "current_ratio": 209.41,
            "debt_ratio": 28.23,
            "inventory_turnover_ratio": 2.35,
            "account_receivable_turnover_ratio": 1.15,
            "reinvestment_rate": 292.49,
            "research_to_sale_ratio": 1.93,
            "price_fair": 32.2,
            "eps_avg_yearly": 0.92,
            "eps_latest_yearly": 0.4,
            "eps_growth_yearly": 312.72
        },
        "20142": {
            "year_quarter": 20142,
            "year": 2014,
            "quarter": 2,
            "eps": 0.16,
            "eps_growth_year": 220,
            "eps_4q": 0.11,
            "eps_4q_growth_year": null,
            "roe": 1.42,
            "roe_4q": 0.9500000000000001,
            "gross_profit": 39941,
            "gross_margin": 15.92,
            "gross_margin_4q_avg": 10.75,
            "net_income": 15163,
            "revenue": 250847,
            "common_shares": 939888,
            "book_valuer_per_share": 11.47,
            "book_valuer_per_share_4q_avg": 11.31,
            "equity": 1078322,
            "current_ratio": 464.18,
            "debt_ratio": 11.85,
            "inventory_turnover_ratio": 2.71,
            "account_receivable_turnover_ratio": 1.18,
            "reinvestment_rate": 403.49,
            "research_to_sale_ratio": 1.57,
            "price_fair": 29.4,
            "eps_avg_yearly": 0.84,
            "eps_latest_yearly": 0.64,
            "eps_growth_yearly": 94.54
        },
        "20143": {
            "year_quarter": 20143,
            "year": 2014,
            "quarter": 3,
            "eps": -0.1,
            "eps_growth_year": -200,
            "eps_4q": -0.1,
            "eps_4q_growth_year": null,
            "roe": -0.87,
            "roe_4q": -0.8300000000000001,
            "gross_profit": 17031,
            "gross_margin": 7.57,
            "gross_margin_4q_avg": 9.39,
            "net_income": -9391,
            "revenue": 224862,
            "common_shares": 940378,
            "book_valuer_per_share": 11.37,
            "book_valuer_per_share_4q_avg": 11.3,
            "equity": 1069658,
            "current_ratio": 346.06,
            "debt_ratio": 15.36,
            "inventory_turnover_ratio": 2.62,
            "account_receivable_turnover_ratio": 0.99,
            "reinvestment_rate": null,
            "research_to_sale_ratio": 1.87,
            "price_fair": 25.2,
            "eps_avg_yearly": 0.72,
            "eps_latest_yearly": 0.64,
            "eps_growth_yearly": 90.59
        },
        "20144": {
            "year_quarter": 20144,
            "year": 2014,
            "quarter": 4,
            "eps": -0.1,
            "eps_growth_year": null,
            "eps_4q": 0.18,
            "eps_4q_growth_year": null,
            "roe": -0.9,
            "roe_4q": 1.5999999999999999,
            "gross_profit": 11858,
            "gross_margin": 5.69,
            "gross_margin_4q_avg": 10.54,
            "net_income": -9572,
            "revenue": 208328,
            "common_shares": 940518,
            "book_valuer_per_share": 11.27,
            "book_valuer_per_share_4q_avg": 11.35,
            "equity": 1059553,
            "current_ratio": 451.81,
            "debt_ratio": 11.96,
            "inventory_turnover_ratio": 2.78,
            "account_receivable_turnover_ratio": 1.06,
            "reinvestment_rate": null,
            "research_to_sale_ratio": 2.12,
            "price_fair": 26.95,
            "eps_avg_yearly": 0.77,
            "eps_latest_yearly": 0.64,
            "eps_growth_yearly": 177.12
        },
        "20151": {
            "year_quarter": 20151,
            "year": 2015,
            "quarter": 1,
            "eps": -0.09,
            "eps_growth_year": -140.91,
            "eps_4q": -0.13,
            "eps_4q_growth_year": null,
            "roe": -0.77,
            "roe_4q": -1.12,
            "gross_profit": 5169,
            "gross_margin": 2.7,
            "gross_margin_4q_avg": 7.97,
            "net_income": -8079,
            "revenue": 191448,
            "common_shares": 940518,
            "book_valuer_per_share": 11.18,
            "book_valuer_per_share_4q_avg": 11.32,
            "equity": 1051067,
            "current_ratio": 500.44,
            "debt_ratio": 10.65,
            "inventory_turnover_ratio": 2.2,
            "account_receivable_turnover_ratio": 1.02,
            "reinvestment_rate": null,
            "research_to_sale_ratio": 1.92,
            "price_fair": 26.13,
            "eps_avg_yearly": 0.75,
            "eps_latest_yearly": 0.64,
            "eps_growth_yearly": 154.11
        },
        "20152": {
            "year_quarter": 20152,
            "year": 2015,
            "quarter": 2,
            "eps": 0.09,
            "eps_growth_year": -43.75,
            "eps_4q": -0.2,
            "eps_4q_growth_year": -282.81,
            "roe": 0.81,
            "roe_4q": -1.73,
            "gross_profit": 30567,
            "gross_margin": 13.8,
            "gross_margin_4q_avg": 7.44,
            "net_income": 8555,
            "revenue": 221532,
            "common_shares": 940518,
            "book_valuer_per_share": 11.16,
            "book_valuer_per_share_4q_avg": 11.25,
            "equity": 1049686,
            "current_ratio": 423.87,
            "debt_ratio": 13.09,
            "inventory_turnover_ratio": 1.73,
            "account_receivable_turnover_ratio": 1.14,
            "reinvestment_rate": null,
            "research_to_sale_ratio": 1.7,
            "price_fair": 18.2,
            "eps_avg_yearly": 0.52,
            "eps_latest_yearly": 0.64,
            "eps_growth_yearly": 145.45
        },
        "20153": {
            "year_quarter": 20153,
            "year": 2015,
            "quarter": 3,
            "eps": 0.26,
            "eps_growth_year": null,
            "eps_4q": 0.16,
            "eps_4q_growth_year": null,
            "roe": 2.3,
            "roe_4q": 1.44,
            "gross_profit": 28248,
            "gross_margin": 11.78,
            "gross_margin_4q_avg": 8.49,
            "net_income": 24397,
            "revenue": 239864,
            "common_shares": 940518,
            "book_valuer_per_share": 11.44,
            "book_valuer_per_share_4q_avg": 11.26,
            "equity": 1075749,
            "current_ratio": 516.45,
            "debt_ratio": 11.26,
            "inventory_turnover_ratio": 2.07,
            "account_receivable_turnover_ratio": 0.93,
            "reinvestment_rate": null,
            "research_to_sale_ratio": 1.51,
            "price_fair": 24.27,
            "eps_avg_yearly": 0.69,
            "eps_latest_yearly": 1.04,
            "eps_growth_yearly": 348.82
        },
        "20154": {
            "year_quarter": 20154,
            "year": 2015,
            "quarter": 4,
            "eps": -0.42,
            "eps_growth_year": null,
            "eps_4q": -0.16,
            "eps_4q_growth_year": -188.64,
            "roe": -3.75,
            "roe_4q": -1.4100000000000001,
            "gross_profit": -13814,
            "gross_margin": -10.93,
            "gross_margin_4q_avg": 4.34,
            "net_income": -39589,
            "revenue": 126428,
            "common_shares": 940518,
            "book_valuer_per_share": 10.99,
            "book_valuer_per_share_4q_avg": 11.19,
            "equity": 1033862,
            "current_ratio": 555.67,
            "debt_ratio": 10.46,
            "inventory_turnover_ratio": 1.56,
            "account_receivable_turnover_ratio": 0.44,
            "reinvestment_rate": null,
            "research_to_sale_ratio": 2.7,
            "price_fair": 24.27,
            "eps_avg_yearly": 0.69,
            "eps_latest_yearly": 1.04,
            "eps_growth_yearly": 348.82
        },
        "20161": {
            "year_quarter": 20161,
            "year": 2016,
            "quarter": 1,
            "eps": 0.05,
            "eps_growth_year": null,
            "eps_4q": 0.02,
            "eps_4q_growth_year": null,
            "roe": 0.66,
            "roe_4q": 0.020000000000000018,
            "gross_profit": 68722,
            "gross_margin": 10.24,
            "gross_margin_4q_avg": 6.22,
            "net_income": 12238,
            "revenue": 671320,
            "common_shares": 2439473,
            "book_valuer_per_share": 11.07,
            "book_valuer_per_share_4q_avg": 11.17,
            "equity": 2702439,
            "current_ratio": 285.02,
            "debt_ratio": 21.03,
            "inventory_turnover_ratio": 2.17,
            "account_receivable_turnover_ratio": 1.4,
            "reinvestment_rate": null,
            "research_to_sale_ratio": 1.59,
            "price_fair": 24.27,
            "eps_avg_yearly": 0.69,
            "eps_latest_yearly": 1.04,
            "eps_growth_yearly": 348.82
        },
        "20162": {
            "year_quarter": 20162,
            "year": 2016,
            "quarter": 2,
            "eps": 0.08,
            "eps_growth_year": -11.11,
            "eps_4q": 0.09,
            "eps_4q_growth_year": null,
            "roe": 0.9,
            "roe_4q": 0.10999999999999988,
            "gross_profit": 76334,
            "gross_margin": 10.25,
            "gross_margin_4q_avg": 5.34,
            "net_income": 24467,
            "revenue": 744591,
            "common_shares": 2442903,
            "book_valuer_per_share": 11.18,
            "book_valuer_per_share_4q_avg": 11.17,
            "equity": 2730307,
            "current_ratio": 259.7,
            "debt_ratio": 24.44,
            "inventory_turnover_ratio": 1.42,
            "account_receivable_turnover_ratio": 0.96,
            "reinvestment_rate": 6964.79,
            "research_to_sale_ratio": 1.34,
            "price_fair": 21,
            "eps_avg_yearly": 0.6,
            "eps_latest_yearly": 0.32,
            "eps_growth_yearly": 321.62
        },
        "20163": {
            "year_quarter": 20163,
            "year": 2016,
            "quarter": 3,
            "eps": -0.07,
            "eps_growth_year": -126.92,
            "eps_4q": -0.09,
            "eps_4q_growth_year": -152.25,
            "roe": -0.66,
            "roe_4q": -2.85,
            "gross_profit": 52169,
            "gross_margin": 7.47,
            "gross_margin_4q_avg": 4.26,
            "net_income": -17884,
            "revenue": 698105,
            "common_shares": 2443203,
            "book_valuer_per_share": 11.11,
            "book_valuer_per_share_4q_avg": 11.09,
            "equity": 2713890,
            "current_ratio": 278.57,
            "debt_ratio": 22.14,
            "inventory_turnover_ratio": 1.42,
            "account_receivable_turnover_ratio": 0.87,
            "reinvestment_rate": null,
            "research_to_sale_ratio": 3.33,
            "price_fair": 21,
            "eps_avg_yearly": 0.6,
            "eps_latest_yearly": 0.32,
            "eps_growth_yearly": 321.62
        },
        "20164": {
            "year_quarter": 20164,
            "year": 2016,
            "quarter": 4,
            "eps": 0.01,
            "eps_growth_year": null,
            "eps_4q": 0.08,
            "eps_4q_growth_year": null,
            "roe": 0.05,
            "roe_4q": 0.9500000000000001,
            "gross_profit": 54819,
            "gross_margin": 8.1,
            "gross_margin_4q_avg": 9.02,
            "net_income": 1242,
            "revenue": 676974,
            "common_shares": 2444013,
            "book_valuer_per_share": 11.05,
            "book_valuer_per_share_4q_avg": 11.1,
            "equity": 2700319,
            "current_ratio": 279.16,
            "debt_ratio": 22.68,
            "inventory_turnover_ratio": 1.47,
            "account_receivable_turnover_ratio": 0.93,
            "reinvestment_rate": null,
            "research_to_sale_ratio": 1.5,
            "price_fair": 21,
            "eps_avg_yearly": 0.6,
            "eps_latest_yearly": 0.32,
            "eps_growth_yearly": 321.62
        },
        "20171": {
            "year_quarter": 20171,
            "year": 2017,
            "quarter": 1,
            "eps": 0.06,
            "eps_growth_year": 20,
            "eps_4q": 0.1,
            "eps_4q_growth_year": 317.71,
            "roe": 0.58,
            "roe_4q": 0.87,
            "gross_profit": 93859,
            "gross_margin": 11.63,
            "gross_margin_4q_avg": 9.36,
            "net_income": 15576,
            "revenue": 806720,
            "common_shares": 2444013,
            "book_valuer_per_share": 11.11,
            "book_valuer_per_share_4q_avg": 11.11,
            "equity": 2716385,
            "current_ratio": 270.15,
            "debt_ratio": 23.47,
            "inventory_turnover_ratio": 1.72,
            "account_receivable_turnover_ratio": 1.01,
            "reinvestment_rate": 4570.59,
            "research_to_sale_ratio": 2.19,
            "price_fair": 18.48,
            "eps_avg_yearly": 0.53,
            "eps_latest_yearly": 0.24,
            "eps_growth_yearly": 657.29
        },
        "20172": {
            "year_quarter": 20172,
            "year": 2017,
            "quarter": 2,
            "eps": 0.19,
            "eps_growth_year": 137.5,
            "eps_4q": 0.19,
            "eps_4q_growth_year": 115.73,
            "roe": 1.73,
            "roe_4q": 1.6999999999999997,
            "gross_profit": 116333,
            "gross_margin": 13.67,
            "gross_margin_4q_avg": 10.22,
            "net_income": 47497,
            "revenue": 851310,
            "common_shares": 2444013,
            "book_valuer_per_share": 11.31,
            "book_valuer_per_share_4q_avg": 11.15,
            "equity": 2764446,
            "current_ratio": 266.67,
            "debt_ratio": 24.05,
            "inventory_turnover_ratio": 1.88,
            "account_receivable_turnover_ratio": 0.95,
            "reinvestment_rate": 1310.3,
            "research_to_sale_ratio": 2.25,
            "price_fair": 19.83,
            "eps_avg_yearly": 0.57,
            "eps_latest_yearly": 0.76,
            "eps_growth_yearly": 692.19
        },
        "20173": {
            "year_quarter": 20173,
            "year": 2017,
            "quarter": 3,
            "eps": 0.22,
            "eps_growth_year": null,
            "eps_4q": 0.48,
            "eps_4q_growth_year": null,
            "roe": 1.91,
            "roe_4q": 4.27,
            "gross_profit": 119658,
            "gross_margin": 14.06,
            "gross_margin_4q_avg": 11.87,
            "net_income": 53358,
            "revenue": 850871,
            "common_shares": 2444013,
            "book_valuer_per_share": 11.53,
            "book_valuer_per_share_4q_avg": 11.25,
            "equity": 2818030,
            "current_ratio": 242.73,
            "debt_ratio": 25.78,
            "inventory_turnover_ratio": 2.02,
            "account_receivable_turnover_ratio": 0.94,
            "reinvestment_rate": 859.62,
            "research_to_sale_ratio": 2.3,
            "price_fair": 22.63,
            "eps_avg_yearly": 0.65,
            "eps_latest_yearly": 0.88,
            "eps_growth_yearly": 636.05
        },
        "20174": {
            "year_quarter": 20174,
            "year": 2017,
            "quarter": 4,
            "eps": 0.21,
            "eps_growth_year": 3975.84,
            "eps_4q": 0.58,
            "eps_4q_growth_year": 612.23,
            "roe": 2.02,
            "roe_4q": 6.24,
            "gross_profit": 133663,
            "gross_margin": 16.03,
            "gross_margin_4q_avg": 13.85,
            "net_income": 63879,
            "revenue": 834037,
            "common_shares": 2444013,
            "book_valuer_per_share": 13.23,
            "book_valuer_per_share_4q_avg": 11.8,
            "equity": 3517485,
            "current_ratio": 247.78,
            "debt_ratio": 26.74,
            "inventory_turnover_ratio": 1.89,
            "account_receivable_turnover_ratio": 0.91,
            "reinvestment_rate": 551.17,
            "research_to_sale_ratio": 2.43,
            "price_fair": 23.6,
            "eps_avg_yearly": 0.67,
            "eps_latest_yearly": 0.84,
            "eps_growth_yearly": 542.59
        },
        "20181": {
            "year_quarter": 20181,
            "year": 2018,
            "quarter": 1,
            "eps": 0.25,
            "eps_growth_year": 316.67,
            "eps_4q": 0.85,
            "eps_4q_growth_year": 784.9,
            "roe": 1.84,
            "roe_4q": 7.5,
            "gross_profit": 143455,
            "gross_margin": 15.24,
            "gross_margin_4q_avg": 14.75,
            "net_income": 67758,
            "revenue": 941346,
            "common_shares": 2744013,
            "book_valuer_per_share": 13.98,
            "book_valuer_per_share_4q_avg": 12.51,
            "equity": 3836765,
            "current_ratio": 254.8,
            "debt_ratio": 24.93,
            "inventory_turnover_ratio": 1.91,
            "account_receivable_turnover_ratio": 1.01,
            "reinvestment_rate": 534.98,
            "research_to_sale_ratio": 1.84,
            "price_fair": 25.03,
            "eps_avg_yearly": 0.72,
            "eps_latest_yearly": 1,
            "eps_growth_yearly": 484.29
        },
        "20182": {
            "year_quarter": 20182,
            "year": 2018,
            "quarter": 2,
            "eps": 0.42,
            "eps_growth_year": 121.05,
            "eps_4q": 1.09,
            "eps_4q_growth_year": 475.8,
            "roe": 3.01,
            "roe_4q": 8.78,
            "gross_profit": 195883,
            "gross_margin": 17.75,
            "gross_margin_4q_avg": 15.77,
            "net_income": 115171,
            "revenue": 1103577,
            "common_shares": 2744013,
            "book_valuer_per_share": 13.9,
            "book_valuer_per_share_4q_avg": 13.16,
            "equity": 3814769,
            "current_ratio": 190.32,
            "debt_ratio": 33.11,
            "inventory_turnover_ratio": 1.94,
            "account_receivable_turnover_ratio": 1.06,
            "reinvestment_rate": 480.56,
            "research_to_sale_ratio": 1.31,
            "price_fair": 29.58,
            "eps_avg_yearly": 0.85,
            "eps_latest_yearly": 1.68,
            "eps_growth_yearly": 531.92
        },
        "20183": {
            "year_quarter": 20183,
            "year": 2018,
            "quarter": 3,
            "eps": 0.57,
            "eps_growth_year": 159.09,
            "eps_4q": 1.47,
            "eps_4q_growth_year": 205.91,
            "roe": 4.04,
            "roe_4q": 10.91,
            "gross_profit": 255092,
            "gross_margin": 20.03,
            "gross_margin_4q_avg": 17.26,
            "net_income": 157358,
            "revenue": 1273411,
            "common_shares": 2744013,
            "book_valuer_per_share": 14.48,
            "book_valuer_per_share_4q_avg": 13.9,
            "equity": 3972006,
            "current_ratio": 188.34,
            "debt_ratio": 31.75,
            "inventory_turnover_ratio": 1.85,
            "account_receivable_turnover_ratio": 1.06,
            "reinvestment_rate": 356.93,
            "research_to_sale_ratio": 1.68,
            "price_fair": 35.16,
            "eps_avg_yearly": 1,
            "eps_latest_yearly": 2.28,
            "eps_growth_yearly": 488.69
        },
        "20184": {
            "year_quarter": 20184,
            "year": 2018,
            "quarter": 4,
            "eps": 0.33,
            "eps_growth_year": 58.05,
            "eps_4q": 1.57,
            "eps_4q_growth_year": 168.1,
            "roe": 2.24,
            "roe_4q": 11.129999999999999,
            "gross_profit": 175558,
            "gross_margin": 14.56,
            "gross_margin_4q_avg": 16.9,
            "net_income": 89832,
            "revenue": 1205692,
            "common_shares": 2744013,
            "book_valuer_per_share": 14.78,
            "book_valuer_per_share_4q_avg": 14.29,
            "equity": 4056187,
            "current_ratio": 187.64,
            "debt_ratio": 32.51,
            "inventory_turnover_ratio": 1.5,
            "account_receivable_turnover_ratio": 0.96,
            "reinvestment_rate": 333.24,
            "research_to_sale_ratio": 2.03,
            "price_fair": 36.26,
            "eps_avg_yearly": 1.04,
            "eps_latest_yearly": 1.32,
            "eps_growth_yearly": 422.98
        },
        "20191": {
            "year_quarter": 20191,
            "year": 2019,
            "quarter": 1,
            "eps": 0.07,
            "eps_growth_year": -72,
            "eps_4q": 1.39,
            "eps_4q_growth_year": 64.28,
            "roe": 0.48,
            "roe_4q": 9.77,
            "gross_profit": 85077,
            "gross_margin": 8.39,
            "gross_margin_4q_avg": 15.18,
            "net_income": 19584,
            "revenue": 1014160,
            "common_shares": 2744013,
            "book_valuer_per_share": 14.85,
            "book_valuer_per_share_4q_avg": 14.5,
            "equity": 4075775,
            "current_ratio": 199.04,
            "debt_ratio": 34.24,
            "inventory_turnover_ratio": 1.1,
            "account_receivable_turnover_ratio": 0.87,
            "reinvestment_rate": 319.94,
            "research_to_sale_ratio": 1.39,
            "price_fair": 33.85,
            "eps_avg_yearly": 0.97,
            "eps_latest_yearly": 0.28,
            "eps_growth_yearly": 355.88
        },
        "20192": {
            "year_quarter": 20192,
            "year": 2019,
            "quarter": 2,
            "eps": 0.04,
            "eps_growth_year": -90.48,
            "eps_4q": 1.01,
            "eps_4q_growth_year": -7.47,
            "roe": 0.28,
            "roe_4q": 7.04,
            "gross_profit": 77358,
            "gross_margin": 7.68,
            "gross_margin_4q_avg": 12.67,
            "net_income": 10972,
            "revenue": 1006830,
            "common_shares": 2744013,
            "book_valuer_per_share": 13.89,
            "book_valuer_per_share_4q_avg": 14.5,
            "equity": 3812540,
            "current_ratio": 183.02,
            "debt_ratio": 35.96,
            "inventory_turnover_ratio": 0.97,
            "account_receivable_turnover_ratio": 0.91,
            "reinvestment_rate": 317.02,
            "research_to_sale_ratio": 1.52,
            "price_fair": 31.5,
            "eps_avg_yearly": 0.9,
            "eps_latest_yearly": 0.16,
            "eps_growth_yearly": 311.94
        },
        "20193": {
            "year_quarter": 20193,
            "year": 2019,
            "quarter": 3,
            "eps": 0,
            "eps_growth_year": -100,
            "eps_4q": 0.44,
            "eps_4q_growth_year": -70.15,
            "roe": 0.01,
            "roe_4q": 3.0100000000000002,
            "gross_profit": 50717,
            "gross_margin": 5.75,
            "gross_margin_4q_avg": 9.1,
            "net_income": 241,
            "revenue": 882405,
            "common_shares": 2744013,
            "book_valuer_per_share": 13.9,
            "book_valuer_per_share_4q_avg": 14.36,
            "equity": 3812885,
            "current_ratio": 191.91,
            "debt_ratio": 34.06,
            "inventory_turnover_ratio": 0.85,
            "account_receivable_turnover_ratio": 0.81,
            "reinvestment_rate": 330.79,
            "research_to_sale_ratio": 1.74,
            "price_fair": 31.05,
            "eps_avg_yearly": 0.89,
            "eps_latest_yearly": 0.16,
            "eps_growth_yearly": 271.61
        },
        "20194": {
            "year_quarter": 20194,
            "year": 2019,
            "quarter": 4,
            "eps": -0.07,
            "eps_growth_year": -122.62,
            "eps_4q": 0.04,
            "eps_4q_growth_year": -97.56,
            "roe": -0.53,
            "roe_4q": 0.24,
            "gross_profit": 32254,
            "gross_margin": 3.39,
            "gross_margin_4q_avg": 6.3,
            "net_income": -20319,
            "revenue": 951334,
            "common_shares": 2744013,
            "book_valuer_per_share": 13.92,
            "book_valuer_per_share_4q_avg": 14.14,
            "equity": 3819702,
            "current_ratio": 280.81,
            "debt_ratio": 36.57,
            "inventory_turnover_ratio": 1.02,
            "account_receivable_turnover_ratio": 0.97,
            "reinvestment_rate": 312.39,
            "research_to_sale_ratio": 1.78,
            "price_fair": 31.05,
            "eps_avg_yearly": 0.89,
            "eps_latest_yearly": 0.16,
            "eps_growth_yearly": 271.61
        },
        "20201": {
            "year_quarter": 20201,
            "year": 2020,
            "quarter": 1,
            "eps": 0.08,
            "eps_growth_year": 14.29,
            "eps_4q": 0.05,
            "eps_4q_growth_year": -96.49,
            "roe": 0.59,
            "roe_4q": 0.35,
            "gross_profit": 67136,
            "gross_margin": 6.69,
            "gross_margin_4q_avg": 5.88,
            "net_income": 22519,
            "revenue": 1003113,
            "common_shares": 2744013,
            "book_valuer_per_share": 13.75,
            "book_valuer_per_share_4q_avg": 13.87,
            "equity": 3773884,
            "current_ratio": 263.58,
            "debt_ratio": 37.87,
            "inventory_turnover_ratio": 1.13,
            "account_receivable_turnover_ratio": 1.03,
            "reinvestment_rate": 166.25,
            "research_to_sale_ratio": 1.71,
            "price_fair": 31.05,
            "eps_avg_yearly": 0.89,
            "eps_latest_yearly": 0.16,
            "eps_growth_yearly": 271.61
        },
        "20202": {
            "year_quarter": 20202,
            "year": 2020,
            "quarter": 2,
            "eps": 0.08,
            "eps_growth_year": 100,
            "eps_4q": 0.09,
            "eps_4q_growth_year": -91.31,
            "roe": 0.57,
            "roe_4q": 0.6399999999999999,
            "gross_profit": 87923,
            "gross_margin": 8.4,
            "gross_margin_4q_avg": 6.06,
            "net_income": 21961,
            "revenue": 1047305,
            "common_shares": 2774912,
            "book_valuer_per_share": 14.28,
            "book_valuer_per_share_4q_avg": 13.96,
            "equity": 3961463,
            "current_ratio": 283.8,
            "debt_ratio": 34.2,
            "inventory_turnover_ratio": 1.15,
            "account_receivable_turnover_ratio": 1.02,
            "reinvestment_rate": 127.58,
            "research_to_sale_ratio": 1.43,
            "price_fair": 31.05,
            "eps_avg_yearly": 0.89,
            "eps_latest_yearly": 0.32,
            "eps_growth_yearly": 249.79
        },
        "20203": {
            "year_quarter": 20203,
            "year": 2020,
            "quarter": 3,
            "eps": -0.1,
            "eps_growth_year": null,
            "eps_4q": -0.01,
            "eps_4q_growth_year": -103.26,
            "roe": -0.71,
            "roe_4q": -0.08000000000000007,
            "gross_profit": 24687,
            "gross_margin": 2.59,
            "gross_margin_4q_avg": 5.27,
            "net_income": -28151,
            "revenue": 952734,
            "common_shares": 2788161,
            "book_valuer_per_share": 14.36,
            "book_valuer_per_share_4q_avg": 14.08,
            "equity": 4004317,
            "current_ratio": 315.35,
            "debt_ratio": 31.68,
            "inventory_turnover_ratio": 1.1,
            "account_receivable_turnover_ratio": 0.94,
            "reinvestment_rate": 113.23,
            "research_to_sale_ratio": 1.59,
            "price_fair": 31.05,
            "eps_avg_yearly": 0.89,
            "eps_latest_yearly": 0.32,
            "eps_growth_yearly": 249.79
        },
        "20204": {
            "year_quarter": 20204,
            "year": 2020,
            "quarter": 4,
            "eps": 0.03,
            "eps_growth_year": null,
            "eps_4q": 0.09,
            "eps_4q_growth_year": 140.62,
            "roe": 0.23,
            "roe_4q": 0.6799999999999999,
            "gross_profit": 64213,
            "gross_margin": 6.2,
            "gross_margin_4q_avg": 5.97,
            "net_income": 9364,
            "revenue": 1036028,
            "common_shares": 2796356,
            "book_valuer_per_share": 14.47,
            "book_valuer_per_share_4q_avg": 14.22,
            "equity": 4045539,
            "current_ratio": 299.72,
            "debt_ratio": 32.19,
            "inventory_turnover_ratio": 1.19,
            "account_receivable_turnover_ratio": 1.04,
            "reinvestment_rate": 97.02,
            "research_to_sale_ratio": 1.36,
            "price_fair": 31.05,
            "eps_avg_yearly": 0.89,
            "eps_latest_yearly": 0.32,
            "eps_growth_yearly": 249.79
        },
        "20211": {
            "year_quarter": 20211,
            "year": 2021,
            "quarter": 1,
            "eps": 0.16,
            "eps_growth_year": 100,
            "eps_4q": 0.17,
            "eps_4q_growth_year": 256.12,
            "roe": 1.13,
            "roe_4q": 1.2199999999999998,
            "gross_profit": 114137,
            "gross_margin": 10.24,
            "gross_margin_4q_avg": 6.86,
            "net_income": 45579,
            "revenue": 1114619,
            "common_shares": 2800688,
            "book_valuer_per_share": 14.44,
            "book_valuer_per_share_4q_avg": 14.39,
            "equity": 4043788,
            "current_ratio": 264.37,
            "debt_ratio": 34.41,
            "inventory_turnover_ratio": 1.22,
            "account_receivable_turnover_ratio": 1.07,
            "reinvestment_rate": 80.34,
            "research_to_sale_ratio": 1.14,
            "price_fair": 32.33,
            "eps_avg_yearly": 0.92,
            "eps_latest_yearly": 0.64,
            "eps_growth_yearly": 225.55
        },
        "20212": {
            "year_quarter": 20212,
            "year": 2021,
            "quarter": 2,
            "eps": 0.33,
            "eps_growth_year": 312.5,
            "eps_4q": 0.43,
            "eps_4q_growth_year": 383.38,
            "roe": 2.25,
            "roe_4q": 2.9,
            "gross_profit": 176225,
            "gross_margin": 14.27,
            "gross_margin_4q_avg": 8.33,
            "net_income": 92457,
            "revenue": 1234882,
            "common_shares": 2805381,
            "book_valuer_per_share": 14.83,
            "book_valuer_per_share_4q_avg": 14.53,
            "equity": 4161419,
            "current_ratio": 270.35,
            "debt_ratio": 33.9,
            "inventory_turnover_ratio": 1.24,
            "account_receivable_turnover_ratio": 1.1,
            "reinvestment_rate": 62.78,
            "research_to_sale_ratio": 1.36,
            "price_fair": 34.11,
            "eps_avg_yearly": 0.97,
            "eps_latest_yearly": 1.32,
            "eps_growth_yearly": 185.4
        },
        "20213": {
            "year_quarter": 20213,
            "year": 2021,
            "quarter": 3,
            "eps": 0.46,
            "eps_growth_year": null,
            "eps_4q": 0.98,
            "eps_4q_growth_year": null,
            "roe": 3,
            "roe_4q": 6.61,
            "gross_profit": 221549,
            "gross_margin": 16.43,
            "gross_margin_4q_avg": 11.79,
            "net_income": 128418,
            "revenue": 1348127,
            "common_shares": 2823207,
            "book_valuer_per_share": 15.54,
            "book_valuer_per_share_4q_avg": 14.82,
            "equity": 4386281,
            "current_ratio": 268.48,
            "debt_ratio": 33.11,
            "inventory_turnover_ratio": 1.3,
            "account_receivable_turnover_ratio": 1.11,
            "reinvestment_rate": 41.93,
            "research_to_sale_ratio": 1.45,
            "price_fair": 37.16,
            "eps_avg_yearly": 1.06,
            "eps_latest_yearly": 1.84,
            "eps_growth_yearly": 193.98
        },
        "20214": {
            "year_quarter": 20214,
            "year": 2021,
            "quarter": 4,
            "eps": 0.4,
            "eps_growth_year": 1097.95,
            "eps_4q": 1.34,
            "eps_4q_growth_year": 1356.38,
            "roe": 2.54,
            "roe_4q": 8.92,
            "gross_profit": 214522,
            "gross_margin": 15.94,
            "gross_margin_4q_avg": 14.22,
            "net_income": 114076,
            "revenue": 1345704,
            "common_shares": 2843767,
            "book_valuer_per_share": 16.21,
            "book_valuer_per_share_4q_avg": 15.26,
            "equity": 4610079,
            "current_ratio": 276.83,
            "debt_ratio": 30.29,
            "inventory_turnover_ratio": 1.3,
            "account_receivable_turnover_ratio": 1.03,
            "reinvestment_rate": 8.15,
            "research_to_sale_ratio": 1.44,
            "price_fair": 39.58,
            "eps_avg_yearly": 1.13,
            "eps_latest_yearly": 1.6,
            "eps_growth_yearly": 190.89
        },
        "20221": {
            "year_quarter": 20221,
            "year": 2022,
            "quarter": 1,
            "eps": 0.64,
            "eps_growth_year": 300,
            "eps_4q": 1.82,
            "eps_4q_growth_year": 944.66,
            "roe": 4.02,
            "roe_4q": 11.809999999999999,
            "gross_profit": 282483,
            "gross_margin": 19.18,
            "gross_margin_4q_avg": 16.46,
            "net_income": 182800,
            "revenue": 1472570,
            "common_shares": 2847155,
            "book_valuer_per_share": 15.76,
            "book_valuer_per_share_4q_avg": 15.59,
            "equity": 4486631,
            "current_ratio": 254.79,
            "debt_ratio": 39.51,
            "inventory_turnover_ratio": 1.38,
            "account_receivable_turnover_ratio": 1.11,
            "reinvestment_rate": -12.35,
            "research_to_sale_ratio": 0.78,
            "price_fair": 44.55,
            "eps_avg_yearly": 1.27,
            "eps_latest_yearly": 2.56,
            "eps_growth_yearly": 205.78
        },
        "20222": {
            "year_quarter": 20222,
            "year": 2022,
            "quarter": 2,
            "eps": 0.74,
            "eps_growth_year": 124.24,
            "eps_4q": 2.21,
            "eps_4q_growth_year": 419.48,
            "roe": 4.45,
            "roe_4q": 14.009999999999998,
            "gross_profit": 309744,
            "gross_margin": 20.2,
            "gross_margin_4q_avg": 17.94,
            "net_income": 210686,
            "revenue": 1533692,
            "common_shares": 2880155,
            "book_valuer_per_share": 17.27,
            "book_valuer_per_share_4q_avg": 16.2,
            "equity": 4975313,
            "current_ratio": 288.45,
            "debt_ratio": 36.34,
            "inventory_turnover_ratio": 1.4,
            "account_receivable_turnover_ratio": 1.11,
            "reinvestment_rate": -37.07,
            "research_to_sale_ratio": 0.56,
            "price_fair": 48.62,
            "eps_avg_yearly": 1.39,
            "eps_latest_yearly": 2.96,
            "eps_growth_yearly": 186.74
        },
        "20223": {
            "year_quarter": 20223,
            "year": 2022,
            "quarter": 3,
            "eps": 0.7,
            "eps_growth_year": 52.17,
            "eps_4q": 2.46,
            "eps_4q_growth_year": 151.96,
            "roe": 3.97,
            "roe_4q": 14.98,
            "gross_profit": 306068,
            "gross_margin": 19.82,
            "gross_margin_4q_avg": 18.79,
            "net_income": 201901,
            "revenue": 1544038,
            "common_shares": 2882195,
            "book_valuer_per_share": 18,
            "book_valuer_per_share_4q_avg": 16.81,
            "equity": 5188368,
            "current_ratio": 326.91,
            "debt_ratio": 33.3,
            "inventory_turnover_ratio": 1.37,
            "account_receivable_turnover_ratio": 1.03,
            "reinvestment_rate": -47.66,
            "research_to_sale_ratio": 1.76,
            "price_fair": 50.27,
            "eps_avg_yearly": 1.44,
            "eps_latest_yearly": 2.8,
            "eps_growth_yearly": 171.78
        },
        "20224": {
            "year_quarter": 20224,
            "year": 2022,
            "quarter": 4,
            "eps": 0.3,
            "eps_growth_year": -25.8,
            "eps_4q": 2.36,
            "eps_4q_growth_year": 76.45,
            "roe": 1.64,
            "roe_4q": 14.08,
            "gross_profit": 203586,
            "gross_margin": 15.09,
            "gross_margin_4q_avg": 18.57,
            "net_income": 85884,
            "revenue": 1349287,
            "common_shares": 2885394,
            "book_valuer_per_share": 18.38,
            "book_valuer_per_share_4q_avg": 17.35,
            "equity": 5303687,
            "current_ratio": 355.3,
            "debt_ratio": 30.87,
            "inventory_turnover_ratio": 1.23,
            "account_receivable_turnover_ratio": 0.97,
            "reinvestment_rate": -54.16,
            "research_to_sale_ratio": 1.7,
            "price_fair": 49.89,
            "eps_avg_yearly": 1.43,
            "eps_latest_yearly": 1.2,
            "eps_growth_yearly": 166.31
        },
        "20231": {
            "year_quarter": 20231,
            "year": 2023,
            "quarter": 1,
            "eps": 0.11,
            "eps_growth_year": -82.81,
            "eps_4q": 1.84,
            "eps_4q_growth_year": 1.3,
            "roe": 0.66,
            "roe_4q": 10.719999999999999,
            "gross_profit": 119704,
            "gross_margin": 10.91,
            "gross_margin_4q_avg": 16.51,
            "net_income": 33034,
            "revenue": 1097160,
            "common_shares": 2885394,
            "book_valuer_per_share": 16.49,
            "book_valuer_per_share_4q_avg": 17.54,
            "equity": 4759451,
            "current_ratio": 278.02,
            "debt_ratio": 36.15,
            "inventory_turnover_ratio": 1.03,
            "account_receivable_turnover_ratio": 0.98,
            "reinvestment_rate": -58.85,
            "research_to_sale_ratio": 1.74,
            "price_fair": 50.4,
            "eps_avg_yearly": 1.44,
            "eps_latest_yearly": 0.44,
            "eps_growth_yearly": 171.93
        }
    },
    "months": {
        "2002-12": {
            "month": "2002-12",
            "price": "14.91",
            "revenue": 27104
        },
        "2003-01": {
            "month": "2003-01",
            "price": "15.49",
            "revenue": 35932
        },
        "2003-02": {
            "month": "2003-02",
            "price": "15.45",
            "revenue": 39724
        },
        "2003-03": {
            "month": "2003-03",
            "price": "14.91",
            "revenue": 46193
        },
        "2003-04": {
            "month": "2003-04",
            "price": "14.86",
            "revenue": 53185
        },
        "2003-05": {
            "month": "2003-05",
            "price": "14.54",
            "revenue": 42900
        },
        "2003-06": {
            "month": "2003-06",
            "price": "14.91",
            "revenue": 45339
        },
        "2003-07": {
            "month": "2003-07",
            "price": "14.58",
            "revenue": 45090
        },
        "2003-08": {
            "month": "2003-08",
            "price": "13.44",
            "revenue": 43138
        },
        "2003-09": {
            "month": "2003-09",
            "price": "12.06",
            "revenue": 41671
        },
        "2003-10": {
            "month": "2003-10",
            "price": "12.34",
            "revenue": 41035
        },
        "2003-11": {
            "month": "2003-11",
            "price": "13.06",
            "revenue": 36774
        },
        "2003-12": {
            "month": "2003-12",
            "price": "13.63",
            "revenue": 40054
        },
        "2004-01": {
            "month": "2004-01",
            "price": "14.42",
            "revenue": 37047
        },
        "2004-02": {
            "month": "2004-02",
            "price": "16.70",
            "revenue": 42051
        },
        "2004-03": {
            "month": "2004-03",
            "price": "15.84",
            "revenue": 51298
        },
        "2004-04": {
            "month": "2004-04",
            "price": "16.45",
            "revenue": 50033
        },
        "2004-05": {
            "month": "2004-05",
            "price": "13.96",
            "revenue": 48798
        },
        "2004-06": {
            "month": "2004-06",
            "price": "13.32",
            "revenue": 54068
        },
        "2004-07": {
            "month": "2004-07",
            "price": "12.86",
            "revenue": 55189
        },
        "2004-08": {
            "month": "2004-08",
            "price": "12.08",
            "revenue": 55552
        },
        "2004-09": {
            "month": "2004-09",
            "price": "11.77",
            "revenue": 50797
        },
        "2004-10": {
            "month": "2004-10",
            "price": "11.82",
            "revenue": 63295
        },
        "2004-11": {
            "month": "2004-11",
            "price": "12.32",
            "revenue": 65029
        },
        "2004-12": {
            "month": "2004-12",
            "price": "13.19",
            "revenue": 39075
        },
        "2005-01": {
            "month": "2005-01",
            "price": "12.72",
            "revenue": 41540
        },
        "2005-02": {
            "month": "2005-02",
            "price": "13.09",
            "revenue": 32600
        },
        "2005-03": {
            "month": "2005-03",
            "price": "14.32",
            "revenue": 37481
        },
        "2005-04": {
            "month": "2005-04",
            "price": "13.94",
            "revenue": 39169
        },
        "2005-05": {
            "month": "2005-05",
            "price": "12.34",
            "revenue": 42689
        },
        "2005-06": {
            "month": "2005-06",
            "price": "15.25",
            "revenue": 41774
        },
        "2005-07": {
            "month": "2005-07",
            "price": "27.92",
            "revenue": 44836
        },
        "2005-08": {
            "month": "2005-08",
            "price": "24.60",
            "revenue": 46683
        },
        "2005-09": {
            "month": "2005-09",
            "price": "17.16",
            "revenue": 45263
        },
        "2005-10": {
            "month": "2005-10",
            "price": "17.86",
            "revenue": 51696
        },
        "2005-11": {
            "month": "2005-11",
            "price": "18.48",
            "revenue": 54034
        },
        "2005-12": {
            "month": "2005-12",
            "price": "20.55",
            "revenue": 53792
        },
        "2006-01": {
            "month": "2006-01",
            "price": "21.16",
            "revenue": 48001
        },
        "2006-02": {
            "month": "2006-02",
            "price": "19.83",
            "revenue": 50882
        },
        "2006-03": {
            "month": "2006-03",
            "price": "20.57",
            "revenue": 61860
        },
        "2006-04": {
            "month": "2006-04",
            "price": "30.18",
            "revenue": 61015
        },
        "2006-05": {
            "month": "2006-05",
            "price": "35.05",
            "revenue": 74477
        },
        "2006-06": {
            "month": "2006-06",
            "price": "28.88",
            "revenue": 73128
        },
        "2006-07": {
            "month": "2006-07",
            "price": "33.50",
            "revenue": 75780
        },
        "2006-08": {
            "month": "2006-08",
            "price": "36.01",
            "revenue": 78370
        },
        "2006-09": {
            "month": "2006-09",
            "price": "32.39",
            "revenue": 78993
        },
        "2006-10": {
            "month": "2006-10",
            "price": "33.54",
            "revenue": 76870
        },
        "2006-11": {
            "month": "2006-11",
            "price": "41.15",
            "revenue": 76207
        },
        "2006-12": {
            "month": "2006-12",
            "price": "40.82",
            "revenue": 74029
        },
        "2007-01": {
            "month": "2007-01",
            "price": "44.61",
            "revenue": 72596
        },
        "2007-02": {
            "month": "2007-02",
            "price": "46.43",
            "revenue": 60089
        },
        "2007-03": {
            "month": "2007-03",
            "price": "58.24",
            "revenue": 55633
        },
        "2007-04": {
            "month": "2007-04",
            "price": "83.60",
            "revenue": 63762
        },
        "2007-05": {
            "month": "2007-05",
            "price": "82.28",
            "revenue": 60074
        },
        "2007-06": {
            "month": "2007-06",
            "price": "87.04",
            "revenue": 53925
        },
        "2007-07": {
            "month": "2007-07",
            "price": "122.68",
            "revenue": 51195
        },
        "2007-08": {
            "month": "2007-08",
            "price": "103.07",
            "revenue": 52655
        },
        "2007-09": {
            "month": "2007-09",
            "price": "77.72",
            "revenue": 60344
        },
        "2007-10": {
            "month": "2007-10",
            "price": "79.88",
            "revenue": 60608
        },
        "2007-11": {
            "month": "2007-11",
            "price": "53.82",
            "revenue": 52304
        },
        "2007-12": {
            "month": "2007-12",
            "price": "44.87",
            "revenue": 41151
        },
        "2008-01": {
            "month": "2008-01",
            "price": "31.98",
            "revenue": 42695
        },
        "2008-02": {
            "month": "2008-02",
            "price": "30.88",
            "revenue": 50143
        },
        "2008-03": {
            "month": "2008-03",
            "price": "39.45",
            "revenue": 48113
        },
        "2008-04": {
            "month": "2008-04",
            "price": "42.67",
            "revenue": 55146
        },
        "2008-05": {
            "month": "2008-05",
            "price": "40.46",
            "revenue": 55757
        },
        "2008-06": {
            "month": "2008-06",
            "price": "34.11",
            "revenue": 50042
        },
        "2008-07": {
            "month": "2008-07",
            "price": "29.09",
            "revenue": 51521
        },
        "2008-08": {
            "month": "2008-08",
            "price": "26.70",
            "revenue": 52744
        },
        "2008-09": {
            "month": "2008-09",
            "price": "18.28",
            "revenue": 52123
        },
        "2008-10": {
            "month": "2008-10",
            "price": "17.18",
            "revenue": 50336
        },
        "2008-11": {
            "month": "2008-11",
            "price": "14.32",
            "revenue": 23056
        },
        "2008-12": {
            "month": "2008-12",
            "price": "13.22",
            "revenue": 14610
        },
        "2009-01": {
            "month": "2009-01",
            "price": "13.44",
            "revenue": 17210
        },
        "2009-02": {
            "month": "2009-02",
            "price": "13.47",
            "revenue": 23169
        },
        "2009-03": {
            "month": "2009-03",
            "price": "17.35",
            "revenue": 32538
        },
        "2009-04": {
            "month": "2009-04",
            "price": "30.43",
            "revenue": 36756
        },
        "2009-05": {
            "month": "2009-05",
            "price": "34.12",
            "revenue": 47435
        },
        "2009-06": {
            "month": "2009-06",
            "price": "35.02",
            "revenue": 50626
        },
        "2009-07": {
            "month": "2009-07",
            "price": "35.70",
            "revenue": 44680
        },
        "2009-08": {
            "month": "2009-08",
            "price": "32.54",
            "revenue": 47188
        },
        "2009-09": {
            "month": "2009-09",
            "price": "32.80",
            "revenue": 40309
        },
        "2009-10": {
            "month": "2009-10",
            "price": "33.90",
            "revenue": 36699
        },
        "2009-11": {
            "month": "2009-11",
            "price": "33.35",
            "revenue": 49273
        },
        "2009-12": {
            "month": "2009-12",
            "price": "37.80",
            "revenue": 43676
        },
        "2010-01": {
            "month": "2010-01",
            "price": "34.94",
            "revenue": 64952
        },
        "2010-02": {
            "month": "2010-02",
            "price": "30.75",
            "revenue": 62675
        },
        "2010-03": {
            "month": "2010-03",
            "price": "33.89",
            "revenue": 71485
        },
        "2010-04": {
            "month": "2010-04",
            "price": "36.41",
            "revenue": 87279
        },
        "2010-05": {
            "month": "2010-05",
            "price": "30.50",
            "revenue": 85149
        },
        "2010-06": {
            "month": "2010-06",
            "price": "30.52",
            "revenue": 83387
        },
        "2010-07": {
            "month": "2010-07",
            "price": "34.68",
            "revenue": 83187
        },
        "2010-08": {
            "month": "2010-08",
            "price": "36.43",
            "revenue": 80789
        },
        "2010-09": {
            "month": "2010-09",
            "price": "35.21",
            "revenue": 71424
        },
        "2010-10": {
            "month": "2010-10",
            "price": "31.89",
            "revenue": 64216
        },
        "2010-11": {
            "month": "2010-11",
            "price": "30.97",
            "revenue": 76132
        },
        "2010-12": {
            "month": "2010-12",
            "price": "32.03",
            "revenue": 69595
        },
        "2011-01": {
            "month": "2011-01",
            "price": "33.16",
            "revenue": 81931
        },
        "2011-02": {
            "month": "2011-02",
            "price": "33.50",
            "revenue": 71434
        },
        "2011-03": {
            "month": "2011-03",
            "price": "35.10",
            "revenue": 91753
        },
        "2011-04": {
            "month": "2011-04",
            "price": "34.73",
            "revenue": 94006
        },
        "2011-05": {
            "month": "2011-05",
            "price": "32.41",
            "revenue": 89351
        },
        "2011-06": {
            "month": "2011-06",
            "price": "30.84",
            "revenue": 74700
        },
        "2011-07": {
            "month": "2011-07",
            "price": "27.05",
            "revenue": 64777
        },
        "2011-08": {
            "month": "2011-08",
            "price": "19.83",
            "revenue": 72757
        },
        "2011-09": {
            "month": "2011-09",
            "price": "17.26",
            "revenue": 49603
        },
        "2011-10": {
            "month": "2011-10",
            "price": "17.53",
            "revenue": 41449
        },
        "2011-11": {
            "month": "2011-11",
            "price": "14.43",
            "revenue": 49002
        },
        "2011-12": {
            "month": "2011-12",
            "price": "12.50",
            "revenue": 29088
        },
        "2012-01": {
            "month": "2012-01",
            "price": "13.44",
            "revenue": 48344
        },
        "2012-02": {
            "month": "2012-02",
            "price": "19.12",
            "revenue": 44077
        },
        "2012-03": {
            "month": "2012-03",
            "price": "20.38",
            "revenue": 35230
        },
        "2012-04": {
            "month": "2012-04",
            "price": "17.22",
            "revenue": 50103
        },
        "2012-05": {
            "month": "2012-05",
            "price": "16.18",
            "revenue": 59901
        },
        "2012-06": {
            "month": "2012-06",
            "price": "14.81",
            "revenue": 63731
        },
        "2012-07": {
            "month": "2012-07",
            "price": "13.98",
            "revenue": 70739
        },
        "2012-08": {
            "month": "2012-08",
            "price": "13.19",
            "revenue": 84869
        },
        "2012-09": {
            "month": "2012-09",
            "price": "14.45",
            "revenue": 85799
        },
        "2012-10": {
            "month": "2012-10",
            "price": "12.72",
            "revenue": 64084
        },
        "2012-11": {
            "month": "2012-11",
            "price": "11.38",
            "revenue": 67044
        },
        "2012-12": {
            "month": "2012-12",
            "price": "12.64",
            "revenue": 62658
        },
        "2013-01": {
            "month": "2013-01",
            "price": "13.45",
            "revenue": 73260
        },
        "2013-02": {
            "month": "2013-02",
            "price": "12.68",
            "revenue": 60407
        },
        "2013-03": {
            "month": "2013-03",
            "price": "12.97",
            "revenue": 70946
        },
        "2013-04": {
            "month": "2013-04",
            "price": "12.06",
            "revenue": 71339
        },
        "2013-05": {
            "month": "2013-05",
            "price": "12.79",
            "revenue": 80315
        },
        "2013-06": {
            "month": "2013-06",
            "price": "12.59",
            "revenue": 81307
        },
        "2013-07": {
            "month": "2013-07",
            "price": "12.05",
            "revenue": 78757
        },
        "2013-08": {
            "month": "2013-08",
            "price": "11.35",
            "revenue": 82674
        },
        "2013-09": {
            "month": "2013-09",
            "price": "12.20",
            "revenue": 47118
        },
        "2013-10": {
            "month": "2013-10",
            "price": "13.51",
            "revenue": 65318
        },
        "2013-11": {
            "month": "2013-11",
            "price": "13.50",
            "revenue": 52710
        },
        "2013-12": {
            "month": "2013-12",
            "price": "14.12",
            "revenue": 59303
        },
        "2014-01": {
            "month": "2014-01",
            "price": "19.91",
            "revenue": 50590
        },
        "2014-02": {
            "month": "2014-02",
            "price": "19.15",
            "revenue": 62265
        },
        "2014-03": {
            "month": "2014-03",
            "price": "18.27",
            "revenue": 84636
        },
        "2014-04": {
            "month": "2014-04",
            "price": "17.66",
            "revenue": 76133
        },
        "2014-05": {
            "month": "2014-05",
            "price": "16.80",
            "revenue": 88685
        },
        "2014-06": {
            "month": "2014-06",
            "price": "21.48",
            "revenue": 86029
        },
        "2014-07": {
            "month": "2014-07",
            "price": "20.65",
            "revenue": 69787
        },
        "2014-08": {
            "month": "2014-08",
            "price": "18.99",
            "revenue": 67308
        },
        "2014-09": {
            "month": "2014-09",
            "price": "19.28",
            "revenue": 87767
        },
        "2014-10": {
            "month": "2014-10",
            "price": "18.89",
            "revenue": 82285
        },
        "2014-11": {
            "month": "2014-11",
            "price": "16.20",
            "revenue": 65432
        },
        "2014-12": {
            "month": "2014-12",
            "price": "16.82",
            "revenue": 60611
        },
        "2015-01": {
            "month": "2015-01",
            "price": "17.42",
            "revenue": 70678
        },
        "2015-02": {
            "month": "2015-02",
            "price": "16.97",
            "revenue": 56603
        },
        "2015-03": {
            "month": "2015-03",
            "price": "17.15",
            "revenue": 64167
        },
        "2015-04": {
            "month": "2015-04",
            "price": "16.78",
            "revenue": 72212
        },
        "2015-05": {
            "month": "2015-05",
            "price": "13.96",
            "revenue": 67325
        },
        "2015-06": {
            "month": "2015-06",
            "price": "11.31",
            "revenue": 81995
        },
        "2015-07": {
            "month": "2015-07",
            "price": "11.35",
            "revenue": 84097
        },
        "2015-08": {
            "month": "2015-08",
            "price": "10.58",
            "revenue": 72937
        },
        "2015-09": {
            "month": "2015-09",
            "price": "12.11",
            "revenue": 82830
        },
        "2015-10": {
            "month": "2015-10",
            "price": "13.67",
            "revenue": 48219
        },
        "2015-11": {
            "month": "2015-11",
            "price": "15.09",
            "revenue": 46739
        },
        "2015-12": {
            "month": "2015-12",
            "price": "15.72",
            "revenue": 31471
        },
        "2016-01": {
            "month": "2016-01",
            "price": "13.78",
            "revenue": 215712
        },
        "2016-02": {
            "month": "2016-02",
            "price": "16.11",
            "revenue": 210035
        },
        "2016-03": {
            "month": "2016-03",
            "price": "22.80",
            "revenue": 245573
        },
        "2016-04": {
            "month": "2016-04",
            "price": "24.04",
            "revenue": 247529
        },
        "2016-05": {
            "month": "2016-05",
            "price": "20.54",
            "revenue": 251652
        },
        "2016-06": {
            "month": "2016-06",
            "price": "21.57",
            "revenue": 245409
        },
        "2016-07": {
            "month": "2016-07",
            "price": "21.24",
            "revenue": 240059
        },
        "2016-08": {
            "month": "2016-08",
            "price": "19.57",
            "revenue": 235266
        },
        "2016-09": {
            "month": "2016-09",
            "price": "19.38",
            "revenue": 222781
        },
        "2016-10": {
            "month": "2016-10",
            "price": "18.87",
            "revenue": 217219
        },
        "2016-11": {
            "month": "2016-11",
            "price": "16.34",
            "revenue": 241196
        },
        "2016-12": {
            "month": "2016-12",
            "price": "18.40",
            "revenue": 218559
        },
        "2017-01": {
            "month": "2017-01",
            "price": "21.35",
            "revenue": 257373
        },
        "2017-02": {
            "month": "2017-02",
            "price": "22.61",
            "revenue": 274892
        },
        "2017-03": {
            "month": "2017-03",
            "price": "23.07",
            "revenue": 274455
        },
        "2017-04": {
            "month": "2017-04",
            "price": "24.59",
            "revenue": 267583
        },
        "2017-05": {
            "month": "2017-05",
            "price": "22.40",
            "revenue": 281702
        },
        "2017-06": {
            "month": "2017-06",
            "price": "22.48",
            "revenue": 302025
        },
        "2017-07": {
            "month": "2017-07",
            "price": "22.11",
            "revenue": 279552
        },
        "2017-08": {
            "month": "2017-08",
            "price": "21.98",
            "revenue": 283566
        },
        "2017-09": {
            "month": "2017-09",
            "price": "24.09",
            "revenue": 287754
        },
        "2017-10": {
            "month": "2017-10",
            "price": "27.96",
            "revenue": 290089
        },
        "2017-11": {
            "month": "2017-11",
            "price": "33.46",
            "revenue": 286241
        },
        "2017-12": {
            "month": "2017-12",
            "price": "32.23",
            "revenue": 257707
        },
        "2018-01": {
            "month": "2018-01",
            "price": "34.54",
            "revenue": 306212
        },
        "2018-02": {
            "month": "2018-02",
            "price": "31.00",
            "revenue": 309250
        },
        "2018-03": {
            "month": "2018-03",
            "price": "34.72",
            "revenue": 325884
        },
        "2018-04": {
            "month": "2018-04",
            "price": "36.71",
            "revenue": 358915
        },
        "2018-05": {
            "month": "2018-05",
            "price": "52.36",
            "revenue": 367138
        },
        "2018-06": {
            "month": "2018-06",
            "price": "76.17",
            "revenue": 377524
        },
        "2018-07": {
            "month": "2018-07",
            "price": "69.77",
            "revenue": 414913
        },
        "2018-08": {
            "month": "2018-08",
            "price": "61.78",
            "revenue": 423087
        },
        "2018-09": {
            "month": "2018-09",
            "price": "51.86",
            "revenue": 435411
        },
        "2018-10": {
            "month": "2018-10",
            "price": "38.73",
            "revenue": 445526
        },
        "2018-11": {
            "month": "2018-11",
            "price": "39.84",
            "revenue": 421073
        },
        "2018-12": {
            "month": "2018-12",
            "price": "47.39",
            "revenue": 339093
        },
        "2019-01": {
            "month": "2019-01",
            "price": "42.41",
            "revenue": 352816
        },
        "2019-02": {
            "month": "2019-02",
            "price": "57.27",
            "revenue": 332903
        },
        "2019-03": {
            "month": "2019-03",
            "price": "54.00",
            "revenue": 328441
        },
        "2019-04": {
            "month": "2019-04",
            "price": "52.50",
            "revenue": 335460
        },
        "2019-05": {
            "month": "2019-05",
            "price": "42.85",
            "revenue": 341782
        },
        "2019-06": {
            "month": "2019-06",
            "price": "43.34",
            "revenue": 329588
        },
        "2019-07": {
            "month": "2019-07",
            "price": "45.28",
            "revenue": 288004
        },
        "2019-08": {
            "month": "2019-08",
            "price": "46.62",
            "revenue": 283551
        },
        "2019-09": {
            "month": "2019-09",
            "price": "49.92",
            "revenue": 310851
        },
        "2019-10": {
            "month": "2019-10",
            "price": "52.70",
            "revenue": 314613
        },
        "2019-11": {
            "month": "2019-11",
            "price": "51.32",
            "revenue": 316691
        },
        "2019-12": {
            "month": "2019-12",
            "price": "52.12",
            "revenue": 320030
        },
        "2020-01": {
            "month": "2020-01",
            "price": "51.22",
            "revenue": 326839
        },
        "2020-02": {
            "month": "2020-02",
            "price": "49.06",
            "revenue": 338809
        },
        "2020-03": {
            "month": "2020-03",
            "price": "50.60",
            "revenue": 337465
        },
        "2020-04": {
            "month": "2020-04",
            "price": "50.57",
            "revenue": 353752
        },
        "2020-05": {
            "month": "2020-05",
            "price": "59.47",
            "revenue": 345951
        },
        "2020-06": {
            "month": "2020-06",
            "price": "69.96",
            "revenue": 347603
        },
        "2020-07": {
            "month": "2020-07",
            "price": "70.46",
            "revenue": 304381
        },
        "2020-08": {
            "month": "2020-08",
            "price": "70.53",
            "revenue": 314278
        },
        "2020-09": {
            "month": "2020-09",
            "price": "69.08",
            "revenue": 334075
        },
        "2020-10": {
            "month": "2020-10",
            "price": "64.18",
            "revenue": 333834
        },
        "2020-11": {
            "month": "2020-11",
            "price": "62.43",
            "revenue": 363098
        },
        "2020-12": {
            "month": "2020-12",
            "price": "70.81",
            "revenue": 339095
        },
        "2021-01": {
            "month": "2021-01",
            "price": "72.48",
            "revenue": 367896
        },
        "2021-02": {
            "month": "2021-02",
            "price": "69.57",
            "revenue": 372086
        },
        "2021-03": {
            "month": "2021-03",
            "price": "69.62",
            "revenue": 374638
        },
        "2021-04": {
            "month": "2021-04",
            "price": "77.95",
            "revenue": 395568
        },
        "2021-05": {
            "month": "2021-05",
            "price": "65.11",
            "revenue": 410324
        },
        "2021-06": {
            "month": "2021-06",
            "price": "70.36",
            "revenue": 428990
        },
        "2021-07": {
            "month": "2021-07",
            "price": "86.70",
            "revenue": 440109
        },
        "2021-08": {
            "month": "2021-08",
            "price": "86.16",
            "revenue": 450634
        },
        "2021-09": {
            "month": "2021-09",
            "price": "88.93",
            "revenue": 457383
        },
        "2021-10": {
            "month": "2021-10",
            "price": "89.02",
            "revenue": 461751
        },
        "2021-11": {
            "month": "2021-11",
            "price": "119.85",
            "revenue": 460438
        },
        "2021-12": {
            "month": "2021-12",
            "price": "139.05",
            "revenue": 423516
        },
        "2022-01": {
            "month": "2022-01",
            "price": "122.64",
            "revenue": 483983
        },
        "2022-02": {
            "month": "2022-02",
            "price": "110.87",
            "revenue": 485836
        },
        "2022-03": {
            "month": "2022-03",
            "price": "114.08",
            "revenue": 502752
        },
        "2022-04": {
            "month": "2022-04",
            "price": "103.74",
            "revenue": 506365
        },
        "2022-05": {
            "month": "2022-05",
            "price": "97.09",
            "revenue": 510710
        },
        "2022-06": {
            "month": "2022-06",
            "price": "97.47",
            "revenue": 516616
        },
        "2022-07": {
            "month": "2022-07",
            "price": "80.29",
            "revenue": 520561
        },
        "2022-08": {
            "month": "2022-08",
            "price": "85.60",
            "revenue": 521284
        },
        "2022-09": {
            "month": "2022-09",
            "price": "84.02",
            "revenue": 502194
        },
        "2022-10": {
            "month": "2022-10",
            "price": "70.76",
            "revenue": 451453
        },
        "2022-11": {
            "month": "2022-11",
            "price": "75.58",
            "revenue": 450539
        },
        "2022-12": {
            "month": "2022-12",
            "price": "74.54",
            "revenue": 447295
        },
        "2023-01": {
            "month": "2023-01",
            "price": "72.88",
            "revenue": 380976
        },
        "2023-02": {
            "month": "2023-02",
            "price": "77.11",
            "revenue": 345066
        },
        "2023-03": {
            "month": "2023-03",
            "price": "71.75",
            "revenue": 371118
        },
        "2023-04": {
            "month": "2023-04",
            "price": "67.82",
            "revenue": 351265
        }
    }
}
