{
    "summary": {
        "stock_name": "奇鋐",
        "stock_id": "3017",
        "category": "電腦及週邊設備",
        "main_business": "3C電子產品",
        "website_url": "https://www.avc.co",
        "ceo": "沈慶行",
        "pe_ratio": 40,
        "report_year_from": 2001,
        "report_year_to": 2023,
        "age": 23,
        "eps_negative_percentage": 4,
        "eps_growth_avg": {
            "last_all": 3.85,
            "last_2y": 25.82,
            "last_4y": 42.48,
            "last_8y": 23.67,
            "last_12y": 20.76,
            "last_16y": 21.34,
            "last_20y": 2.65,
            "at_2006_last_3y": -72.1,
            "at_2007_last_3y": -90.93,
            "at_2008_last_3y": -70.12,
            "at_2009_last_3y": -17.97,
            "at_2010_last_3y": 23.86,
            "at_2011_last_3y": 6.87,
            "at_2012_last_3y": -13.48,
            "at_2013_last_3y": -4.41,
            "at_2014_last_3y": 14.21,
            "at_2015_last_3y": 25.6,
            "at_2016_last_3y": 54.41,
            "at_2017_last_3y": 30.13,
            "at_2018_last_3y": 0.15,
            "at_2019_last_3y": 8.62,
            "at_2020_last_3y": 29.48,
            "at_2021_last_3y": 41.56,
            "at_2022_last_3y": 57.41,
            "at_2023_last_3y": 44.27,
            "at_2024_last_3y": 44.27,
            "at_2006_last_all": -52.13,
            "at_2007_last_all": -52.13,
            "at_2008_last_all": -46.38,
            "at_2009_last_all": -30.65,
            "at_2010_last_all": -23.63,
            "at_2011_last_all": -25.91,
            "at_2012_last_all": -33.22,
            "at_2013_last_all": -21.11,
            "at_2014_last_all": -11.02,
            "at_2015_last_all": -10.06,
            "at_2016_last_all": -8.19,
            "at_2017_last_all": -7.45,
            "at_2018_last_all": -8.23,
            "at_2019_last_all": -5.67,
            "at_2020_last_all": 0.18,
            "at_2021_last_all": 2.87,
            "at_2022_last_all": 4.9,
            "at_2023_last_all": 3.85,
            "at_2024_last_all": 3.85
        },
        "latest_eps": 12.3,
        "latest_price": 495,
        "latest_roe": 26.55,
        "latest_gross_margin": 21.66,
        "latest_equity": 22648240,
        "latest_revenue": 15768820,
        "latest_gross_profit": 3415523,
        "latest_net_income": 1585655,
        "latest_debt_ratio": 65.76,
        "latest_current_ratio": 144,
        "latest_account_receivable_turnover_ratio": 2.52,
        "latest_inventory_turnover_ratio": 0.79,
        "latest_reinvestment_rate": 36.76,
        "latest_research_to_sale_ratio": 5.33
    },
    "eps_dividends": {
        "2001": {
            "cash": 0,
            "stock": 0,
            "eps": 2.56
        },
        "2002": {
            "cash": 0,
            "stock": 2.51,
            "eps": 3.27
        },
        "2003": {
            "cash": 2,
            "stock": 0.5,
            "eps": 2.76
        },
        "2004": {
            "cash": 0.5,
            "stock": 1.5,
            "eps": 0.55
        },
        "2005": {
            "cash": 0.5,
            "stock": 0.5,
            "eps": 0.04
        },
        "2006": {
            "cash": 0,
            "stock": 0,
            "eps": -1.51
        },
        "2007": {
            "cash": 0,
            "stock": 0,
            "eps": 2.21
        },
        "2008": {
            "cash": 0.9,
            "stock": 0.1,
            "eps": 1.82
        },
        "2009": {
            "cash": 0.2,
            "stock": 0.8,
            "eps": 2.98
        },
        "2010": {
            "cash": 2,
            "stock": 0,
            "eps": 3.74
        },
        "2011": {
            "cash": 1.75,
            "stock": 1.5,
            "eps": 2.09
        },
        "2012": {
            "cash": 0,
            "stock": 0,
            "eps": 0.02
        },
        "2013": {
            "cash": 0.2,
            "stock": 0,
            "eps": 0.7
        },
        "2014": {
            "cash": 0.4,
            "stock": 0,
            "eps": 2.07
        },
        "2015": {
            "cash": 1,
            "stock": 0,
            "eps": 2.1
        },
        "2016": {
            "cash": 1,
            "stock": 0,
            "eps": 2.44
        },
        "2017": {
            "cash": 1.2,
            "stock": 0,
            "eps": 2.51
        },
        "2018": {
            "cash": 1.3,
            "stock": 0,
            "eps": 2.01
        },
        "2019": {
            "cash": 1,
            "stock": 0,
            "eps": 2.72
        },
        "2020": {
            "cash": 1.3,
            "stock": 0,
            "eps": 5.43
        },
        "2021": {
            "cash": 2.8,
            "stock": 0,
            "eps": 8.21
        },
        "2022": {
            "cash": 4.3,
            "stock": 0,
            "eps": 11.78
        },
        "2023": {
            "cash": 5.42,
            "stock": 0,
            "eps": 9.75
        }
    },
    "dividends": {
        "2002-05-24": {
            "cash": 0,
            "stock": 2.51
        },
        "2003-02-26": {
            "cash": 2,
            "stock": 0.5
        },
        "2004-03-19": {
            "cash": 0.5,
            "stock": 1.5
        },
        "2005-03-25": {
            "cash": 0.5,
            "stock": 0.5
        },
        "2008-04-18": {
            "cash": 0.9,
            "stock": 0.1
        },
        "2009-03-18": {
            "cash": 0.2,
            "stock": 0.8
        },
        "2010-04-28": {
            "cash": 2,
            "stock": 0
        },
        "2011-01-01": {
            "cash": 0.5,
            "stock": 0.5
        },
        "2011-03-23": {
            "cash": 1.25,
            "stock": 1
        },
        "2013-03-25": {
            "cash": 0.2,
            "stock": 0
        },
        "2014-10-22": {
            "cash": 0.4,
            "stock": 0
        },
        "2015-10-23": {
            "cash": 1,
            "stock": 0
        },
        "2016-10-25": {
            "cash": 1,
            "stock": 0
        },
        "2017-10-25": {
            "cash": 1.2,
            "stock": 0
        },
        "2018-10-25": {
            "cash": 1.3,
            "stock": 0
        },
        "2019-10-25": {
            "cash": 1,
            "stock": 0
        },
        "2020-10-23": {
            "cash": 1.3,
            "stock": 0
        },
        "2021-09-24": {
            "cash": 2.8,
            "stock": 0
        },
        "2022-09-20": {
            "cash": 4.3,
            "stock": 0
        },
        "2023-09-20": {
            "cash": 5.42,
            "stock": 0
        }
    },
    "prices": {
        "200101": "無",
        "200102": "無",
        "200103": "無",
        "200104": "無",
        "200105": "無",
        "200106": "無",
        "200107": "無",
        "200108": "無",
        "200109": "無",
        "200110": "無",
        "200111": "無",
        "200112": "無",
        "200201": "無",
        "200202": "無",
        "200203": "無",
        "200204": "無",
        "200205": "無",
        "200206": "無",
        "200207": "無",
        "200208": "無",
        "200209": "39.55",
        "200210": "41.13",
        "200211": "42.90",
        "200212": "40.70",
        "200301": "36.01",
        "200302": "31.02",
        "200303": "30.73",
        "200304": "27.87",
        "200305": "26.08",
        "200306": "33.84",
        "200307": "34.20",
        "200308": "30.74",
        "200309": "29.04",
        "200310": "30.09",
        "200311": "35.66",
        "200312": "41.02",
        "200401": "41.91",
        "200402": "44.96",
        "200403": "44.21",
        "200404": "47.44",
        "200405": "44.75",
        "200406": "41.94",
        "200407": "36.96",
        "200408": "36.72",
        "200409": "33.37",
        "200410": "29.97",
        "200411": "27.37",
        "200412": "26.09",
        "200501": "24.67",
        "200502": "26.32",
        "200503": "27.63",
        "200504": "25.52",
        "200505": "20.15",
        "200506": "24.22",
        "200507": "26.15",
        "200508": "22.75",
        "200509": "18.10",
        "200510": "17.11",
        "200511": "14.44",
        "200512": "17.48",
        "200601": "18.13",
        "200602": "16.76",
        "200603": "15.62",
        "200604": "16.54",
        "200605": "17.79",
        "200606": "16.14",
        "200607": "15.55",
        "200608": "15.06",
        "200609": "15.03",
        "200610": "15.98",
        "200611": "18.21",
        "200612": "18.88",
        "200701": "21.35",
        "200702": "21.04",
        "200703": "25.82",
        "200704": "29.13",
        "200705": "28.73",
        "200706": "30.48",
        "200707": "35.78",
        "200708": "34.94",
        "200709": "35.05",
        "200710": "33.88",
        "200711": "25.34",
        "200712": "22.31",
        "200801": "20.50",
        "200802": "20.84",
        "200803": "21.69",
        "200804": "20.54",
        "200805": "25.53",
        "200806": "22.94",
        "200807": "17.77",
        "200808": "20.92",
        "200809": "16.74",
        "200810": "15.29",
        "200811": "12.23",
        "200812": "13.31",
        "200901": "13.78",
        "200902": "14.85",
        "200903": "17.40",
        "200904": "18.80",
        "200905": "20.87",
        "200906": "18.71",
        "200907": "23.16",
        "200908": "27.73",
        "200909": "33.35",
        "200910": "36.47",
        "200911": "35.77",
        "200912": "39.62",
        "201001": "37.61",
        "201002": "33.41",
        "201003": "35.40",
        "201004": "38.17",
        "201005": "38.74",
        "201006": "38.61",
        "201007": "39.48",
        "201008": "38.04",
        "201009": "35.37",
        "201010": "33.80",
        "201011": "32.68",
        "201012": "35.08",
        "201101": "33.75",
        "201102": "31.20",
        "201103": "33.41",
        "201104": "32.73",
        "201105": "32.25",
        "201106": "31.89",
        "201107": "28.48",
        "201108": "23.36",
        "201109": "22.83",
        "201110": "19.52",
        "201111": "21.17",
        "201112": "19.62",
        "201201": "19.55",
        "201202": "23.00",
        "201203": "22.37",
        "201204": "18.74",
        "201205": "16.77",
        "201206": "15.06",
        "201207": "15.59",
        "201208": "16.56",
        "201209": "16.98",
        "201210": "15.14",
        "201211": "13.25",
        "201212": "13.95",
        "201301": "16.30",
        "201302": "16.11",
        "201303": "15.81",
        "201304": "14.29",
        "201305": "14.69",
        "201306": "14.40",
        "201307": "14.82",
        "201308": "15.89",
        "201309": "16.51",
        "201310": "16.10",
        "201311": "16.97",
        "201312": "19.12",
        "201401": "20.90",
        "201402": "19.93",
        "201403": "22.65",
        "201404": "21.10",
        "201405": "21.68",
        "201406": "23.60",
        "201407": "24.00",
        "201408": "24.05",
        "201409": "22.90",
        "201410": "19.96",
        "201411": "21.20",
        "201412": "23.14",
        "201501": "24.61",
        "201502": "23.76",
        "201503": "25.43",
        "201504": "27.77",
        "201505": "26.08",
        "201506": "26.67",
        "201507": "24.91",
        "201508": "20.86",
        "201509": "23.50",
        "201510": "26.18",
        "201511": "26.45",
        "201512": "30.44",
        "201601": "27.41",
        "201602": "29.63",
        "201603": "29.28",
        "201604": "27.26",
        "201605": "23.92",
        "201606": "23.98",
        "201607": "25.14",
        "201608": "25.32",
        "201609": "24.93",
        "201610": "24.17",
        "201611": "23.33",
        "201612": "25.02",
        "201701": "24.91",
        "201702": "25.83",
        "201703": "26.65",
        "201704": "25.17",
        "201705": "25.53",
        "201706": "26.27",
        "201707": "26.19",
        "201708": "26.36",
        "201709": "27.72",
        "201710": "27.72",
        "201711": "30.38",
        "201712": "31.86",
        "201801": "31.05",
        "201802": "28.53",
        "201803": "29.84",
        "201804": "27.84",
        "201805": "28.33",
        "201806": "30.29",
        "201807": "27.88",
        "201808": "28.03",
        "201809": "27.91",
        "201810": "23.19",
        "201811": "21.63",
        "201812": "24.58",
        "201901": "25.41",
        "201902": "29.98",
        "201903": "33.52",
        "201904": "39.49",
        "201905": "37.76",
        "201906": "36.19",
        "201907": "41.93",
        "201908": "42.48",
        "201909": "41.49",
        "201910": "42.50",
        "201911": "40.67",
        "201912": "40.49",
        "202001": "39.40",
        "202002": "33.92",
        "202003": "30.70",
        "202004": "35.16",
        "202005": "39.39",
        "202006": "40.92",
        "202007": "45.43",
        "202008": "56.67",
        "202009": "66.39",
        "202010": "69.26",
        "202011": "73.18",
        "202012": "68.80",
        "202101": "69.00",
        "202102": "66.54",
        "202103": "64.98",
        "202104": "69.08",
        "202105": "65.65",
        "202106": "75.60",
        "202107": "77.76",
        "202108": "72.35",
        "202109": "77.36",
        "202110": "76.85",
        "202111": "84.55",
        "202112": "87.67",
        "202201": "90.47",
        "202202": "107.23",
        "202203": "113.13",
        "202204": "107.26",
        "202205": "108.45",
        "202206": "102.58",
        "202207": "100.96",
        "202208": "115.09",
        "202209": "110.83",
        "202210": "103.62",
        "202211": "106.66",
        "202212": "114.05",
        "202301": "109.15",
        "202302": "114.53",
        "202303": "125.65",
        "202304": "149.06",
        "202305": "183.52",
        "202306": "228.18",
        "202307": "304.45",
        "202308": "342.98",
        "202309": "313.62",
        "202310": "319.50",
        "202311": "312.57",
        "202312": "305.24"
    },
    "quarters": {
        "20011": {
            "year_quarter": 20011,
            "year": 2001,
            "quarter": 1,
            "eps": 0.22,
            "eps_growth_year": null,
            "eps_4q": null,
            "eps_4q_growth_year": null,
            "roe": 1.32,
            "roe_4q": 1.32,
            "gross_profit": 86944,
            "gross_margin": 18.11,
            "gross_margin_4q_avg": 18.11,
            "net_income": 15223,
            "net_income_4q": null,
            "revenue": 480044,
            "revenue_4q": null,
            "common_shares": 700650,
            "book_valuer_per_share": 16.59,
            "book_valuer_per_share_4q_avg": 16.59,
            "equity": 1162717,
            "current_ratio": 260.83,
            "debt_ratio": 26.09,
            "inventory_turnover_ratio": 3.08,
            "account_receivable_turnover_ratio": null,
            "reinvestment_rate": null,
            "research_to_sale_ratio": null,
            "price_fair": 0,
            "eps_avg_yearly": 0,
            "eps_latest_yearly": 0,
            "eps_growth_yearly": 0
        },
        "20012": {
            "year_quarter": 20012,
            "year": 2001,
            "quarter": 2,
            "eps": 1.02,
            "eps_growth_year": null,
            "eps_4q": null,
            "eps_4q_growth_year": null,
            "roe": 6.23,
            "roe_4q": 7.550000000000001,
            "gross_profit": 123680,
            "gross_margin": 17.67,
            "gross_margin_4q_avg": 17.89,
            "net_income": 71231,
            "net_income_4q": null,
            "revenue": 699929,
            "revenue_4q": null,
            "common_shares": 700650,
            "book_valuer_per_share": 16.02,
            "book_valuer_per_share_4q_avg": 16.31,
            "equity": 1122661,
            "current_ratio": 173.01,
            "debt_ratio": 39.56,
            "inventory_turnover_ratio": 3.92,
            "account_receivable_turnover_ratio": null,
            "reinvestment_rate": null,
            "research_to_sale_ratio": null,
            "price_fair": 0,
            "eps_avg_yearly": 0,
            "eps_latest_yearly": 0,
            "eps_growth_yearly": 0
        },
        "20013": {
            "year_quarter": 20013,
            "year": 2001,
            "quarter": 3,
            "eps": 0.49,
            "eps_growth_year": null,
            "eps_4q": null,
            "eps_4q_growth_year": null,
            "roe": 3.61,
            "roe_4q": 11.16,
            "gross_profit": 129838,
            "gross_margin": 17.27,
            "gross_margin_4q_avg": 17.68,
            "net_income": 43279,
            "net_income_4q": null,
            "revenue": 751722,
            "revenue_4q": null,
            "common_shares": 880000,
            "book_valuer_per_share": 14.49,
            "book_valuer_per_share_4q_avg": 15.7,
            "equity": 1275225,
            "current_ratio": 196.17,
            "debt_ratio": 35.97,
            "inventory_turnover_ratio": 3.4,
            "account_receivable_turnover_ratio": null,
            "reinvestment_rate": null,
            "research_to_sale_ratio": null,
            "price_fair": 0,
            "eps_avg_yearly": 0,
            "eps_latest_yearly": 0,
            "eps_growth_yearly": 0
        },
        "20014": {
            "year_quarter": 20014,
            "year": 2001,
            "quarter": 4,
            "eps": 0.83,
            "eps_growth_year": null,
            "eps_4q": 2.3,
            "eps_4q_growth_year": null,
            "roe": 5.59,
            "roe_4q": 16.75,
            "gross_profit": 161399,
            "gross_margin": 15.69,
            "gross_margin_4q_avg": 17.19,
            "net_income": 73430,
            "net_income_4q": null,
            "revenue": 1028482,
            "revenue_4q": null,
            "common_shares": 880000,
            "book_valuer_per_share": 15.35,
            "book_valuer_per_share_4q_avg": 15.61,
            "equity": 1350952,
            "current_ratio": 159.16,
            "debt_ratio": 45.92,
            "inventory_turnover_ratio": 3.51,
            "account_receivable_turnover_ratio": null,
            "reinvestment_rate": null,
            "research_to_sale_ratio": null,
            "price_fair": 0,
            "eps_avg_yearly": 0,
            "eps_latest_yearly": 0,
            "eps_growth_yearly": 0
        },
        "20021": {
            "year_quarter": 20021,
            "year": 2002,
            "quarter": 1,
            "eps": 0.89,
            "eps_growth_year": 304.55,
            "eps_4q": 3.02,
            "eps_4q_growth_year": null,
            "roe": 5.65,
            "roe_4q": 21.08,
            "gross_profit": 153186,
            "gross_margin": 15.16,
            "gross_margin_4q_avg": 16.45,
            "net_income": 78526,
            "net_income_4q": null,
            "revenue": 1010203,
            "revenue_4q": null,
            "common_shares": 880000,
            "book_valuer_per_share": 16.26,
            "book_valuer_per_share_4q_avg": 15.53,
            "equity": 1430702,
            "current_ratio": 160.62,
            "debt_ratio": 46.19,
            "inventory_turnover_ratio": 2.88,
            "account_receivable_turnover_ratio": null,
            "reinvestment_rate": null,
            "research_to_sale_ratio": null,
            "price_fair": 124.6,
            "eps_avg_yearly": 3.56,
            "eps_latest_yearly": 3.56,
            "eps_growth_yearly": 28.92
        },
        "20022": {
            "year_quarter": 20022,
            "year": 2002,
            "quarter": 2,
            "eps": 0.52,
            "eps_growth_year": -49.02,
            "eps_4q": 2.27,
            "eps_4q_growth_year": null,
            "roe": 4,
            "roe_4q": 18.85,
            "gross_profit": 181223,
            "gross_margin": 17.85,
            "gross_margin_4q_avg": 16.49,
            "net_income": 58125,
            "net_income_4q": null,
            "revenue": 1015244,
            "revenue_4q": null,
            "common_shares": 1120000,
            "book_valuer_per_share": 13.17,
            "book_valuer_per_share_4q_avg": 14.82,
            "equity": 1474503,
            "current_ratio": 152.06,
            "debt_ratio": 44.93,
            "inventory_turnover_ratio": 2.71,
            "account_receivable_turnover_ratio": null,
            "reinvestment_rate": null,
            "research_to_sale_ratio": null,
            "price_fair": 8.46,
            "eps_avg_yearly": 2.82,
            "eps_latest_yearly": 2.08,
            "eps_growth_yearly": -68.69
        },
        "20023": {
            "year_quarter": 20023,
            "year": 2002,
            "quarter": 3,
            "eps": 1.09,
            "eps_growth_year": 122.45,
            "eps_4q": 2.96,
            "eps_4q_growth_year": null,
            "roe": 7.91,
            "roe_4q": 23.150000000000002,
            "gross_profit": 162694,
            "gross_margin": 15.62,
            "gross_margin_4q_avg": 16.08,
            "net_income": 122315,
            "net_income_4q": null,
            "revenue": 1041614,
            "revenue_4q": null,
            "common_shares": 1120000,
            "book_valuer_per_share": 14.46,
            "book_valuer_per_share_4q_avg": 14.81,
            "equity": 1619789,
            "current_ratio": 150.13,
            "debt_ratio": 44.64,
            "inventory_turnover_ratio": 2.62,
            "account_receivable_turnover_ratio": null,
            "reinvestment_rate": null,
            "research_to_sale_ratio": null,
            "price_fair": 116.67,
            "eps_avg_yearly": 3.33,
            "eps_latest_yearly": 4.36,
            "eps_growth_yearly": 100.36
        },
        "20024": {
            "year_quarter": 20024,
            "year": 2002,
            "quarter": 4,
            "eps": 0.77,
            "eps_growth_year": -7.23,
            "eps_4q": 3.09,
            "eps_4q_growth_year": 34.52,
            "roe": 5.17,
            "roe_4q": 22.729999999999997,
            "gross_profit": 212325,
            "gross_margin": 16.15,
            "gross_margin_4q_avg": 16.2,
            "net_income": 85986,
            "net_income_4q": null,
            "revenue": 1315040,
            "revenue_4q": null,
            "common_shares": 1120000,
            "book_valuer_per_share": 15.12,
            "book_valuer_per_share_4q_avg": 14.75,
            "equity": 1708697,
            "current_ratio": 148.73,
            "debt_ratio": 50.76,
            "inventory_turnover_ratio": 2.22,
            "account_receivable_turnover_ratio": null,
            "reinvestment_rate": null,
            "research_to_sale_ratio": null,
            "price_fair": 114.45,
            "eps_avg_yearly": 3.27,
            "eps_latest_yearly": 3.08,
            "eps_growth_yearly": 45.91
        },
        "20031": {
            "year_quarter": 20031,
            "year": 2003,
            "quarter": 1,
            "eps": 0.4,
            "eps_growth_year": -55.06,
            "eps_4q": 2.77,
            "eps_4q_growth_year": -8.39,
            "roe": 2.62,
            "roe_4q": 19.7,
            "gross_profit": 139623,
            "gross_margin": 13.47,
            "gross_margin_4q_avg": 15.77,
            "net_income": 45030,
            "net_income_4q": null,
            "revenue": 1036291,
            "revenue_4q": null,
            "common_shares": 1120000,
            "book_valuer_per_share": 15.49,
            "book_valuer_per_share_4q_avg": 14.56,
            "equity": 1735207,
            "current_ratio": 144.31,
            "debt_ratio": 45.62,
            "inventory_turnover_ratio": 1.6,
            "account_receivable_turnover_ratio": null,
            "reinvestment_rate": null,
            "research_to_sale_ratio": null,
            "price_fair": 8.81,
            "eps_avg_yearly": 2.94,
            "eps_latest_yearly": 1.6,
            "eps_growth_yearly": -1.71
        },
        "20032": {
            "year_quarter": 20032,
            "year": 2003,
            "quarter": 2,
            "eps": 0.57,
            "eps_growth_year": 9.62,
            "eps_4q": 2.67,
            "eps_4q_growth_year": 17.72,
            "roe": 4.16,
            "roe_4q": 19.86,
            "gross_profit": 156198,
            "gross_margin": 14.03,
            "gross_margin_4q_avg": 14.82,
            "net_income": 68817,
            "net_income_4q": null,
            "revenue": 1113697,
            "revenue_4q": null,
            "common_shares": 1120000,
            "book_valuer_per_share": 14.03,
            "book_valuer_per_share_4q_avg": 14.78,
            "equity": 1570875,
            "current_ratio": 145.11,
            "debt_ratio": 62.31,
            "inventory_turnover_ratio": 1.88,
            "account_receivable_turnover_ratio": null,
            "reinvestment_rate": null,
            "research_to_sale_ratio": null,
            "price_fair": 98.93,
            "eps_avg_yearly": 2.83,
            "eps_latest_yearly": 2.28,
            "eps_growth_yearly": 26.91
        },
        "20033": {
            "year_quarter": 20033,
            "year": 2003,
            "quarter": 3,
            "eps": 0.73,
            "eps_growth_year": -33.03,
            "eps_4q": 2.39,
            "eps_4q_growth_year": -19.37,
            "roe": 5.48,
            "roe_4q": 17.43,
            "gross_profit": 192503,
            "gross_margin": 14.03,
            "gross_margin_4q_avg": 14.42,
            "net_income": 87958,
            "net_income_4q": null,
            "revenue": 1372478,
            "revenue_4q": null,
            "common_shares": 1208000,
            "book_valuer_per_share": 13.56,
            "book_valuer_per_share_4q_avg": 14.55,
            "equity": 1637577,
            "current_ratio": 141.92,
            "debt_ratio": 61.59,
            "inventory_turnover_ratio": 2.09,
            "account_receivable_turnover_ratio": null,
            "reinvestment_rate": null,
            "research_to_sale_ratio": null,
            "price_fair": 99.4,
            "eps_avg_yearly": 2.84,
            "eps_latest_yearly": 2.92,
            "eps_growth_yearly": 39.1
        },
        "20034": {
            "year_quarter": 20034,
            "year": 2003,
            "quarter": 4,
            "eps": 1.06,
            "eps_growth_year": 37.66,
            "eps_4q": 2.73,
            "eps_4q_growth_year": -11.61,
            "roe": 6.44,
            "roe_4q": 18.700000000000003,
            "gross_profit": 208333,
            "gross_margin": 11.26,
            "gross_margin_4q_avg": 13.2,
            "net_income": 128055,
            "net_income_4q": null,
            "revenue": 1850854,
            "revenue_4q": null,
            "common_shares": 1242257,
            "book_valuer_per_share": 15.4,
            "book_valuer_per_share_4q_avg": 14.62,
            "equity": 2339136,
            "current_ratio": 134.94,
            "debt_ratio": 68.7,
            "inventory_turnover_ratio": 1.5,
            "account_receivable_turnover_ratio": null,
            "reinvestment_rate": null,
            "research_to_sale_ratio": null,
            "price_fair": 105.53,
            "eps_avg_yearly": 3.02,
            "eps_latest_yearly": 4.24,
            "eps_growth_yearly": 56.82
        },
        "20041": {
            "year_quarter": 20041,
            "year": 2004,
            "quarter": 1,
            "eps": 0.7,
            "eps_growth_year": 75,
            "eps_4q": 2.57,
            "eps_4q_growth_year": -7.05,
            "roe": 3.9,
            "roe_4q": 19.98,
            "gross_profit": 241089,
            "gross_margin": 13.26,
            "gross_margin_4q_avg": 13.15,
            "net_income": 106524,
            "net_income_4q": null,
            "revenue": 1818486,
            "revenue_4q": null,
            "common_shares": 1537737,
            "book_valuer_per_share": 20.34,
            "book_valuer_per_share_4q_avg": 15.83,
            "equity": 3128402,
            "current_ratio": 151.77,
            "debt_ratio": 54.42,
            "inventory_turnover_ratio": 1.32,
            "account_receivable_turnover_ratio": null,
            "reinvestment_rate": null,
            "research_to_sale_ratio": null,
            "price_fair": 104.69,
            "eps_avg_yearly": 2.99,
            "eps_latest_yearly": 2.8,
            "eps_growth_yearly": 35.41
        },
        "20042": {
            "year_quarter": 20042,
            "year": 2004,
            "quarter": 2,
            "eps": 0.94,
            "eps_growth_year": 64.91,
            "eps_4q": 3.05,
            "eps_4q_growth_year": 14.2,
            "roe": 4.53,
            "roe_4q": 20.35,
            "gross_profit": 326871,
            "gross_margin": 14.27,
            "gross_margin_4q_avg": 13.21,
            "net_income": 143882,
            "net_income_4q": null,
            "revenue": 2289956,
            "revenue_4q": null,
            "common_shares": 1537737,
            "book_valuer_per_share": 21.01,
            "book_valuer_per_share_4q_avg": 17.58,
            "equity": 3230707,
            "current_ratio": 157.47,
            "debt_ratio": 52.39,
            "inventory_turnover_ratio": 2.32,
            "account_receivable_turnover_ratio": null,
            "reinvestment_rate": null,
            "research_to_sale_ratio": null,
            "price_fair": 107.38,
            "eps_avg_yearly": 3.07,
            "eps_latest_yearly": 3.76,
            "eps_growth_yearly": 45.58
        },
        "20043": {
            "year_quarter": 20043,
            "year": 2004,
            "quarter": 3,
            "eps": 0.75,
            "eps_growth_year": 2.74,
            "eps_4q": 2.92,
            "eps_4q_growth_year": 22.13,
            "roe": 3.9,
            "roe_4q": 18.77,
            "gross_profit": 387467,
            "gross_margin": 16.67,
            "gross_margin_4q_avg": 13.87,
            "net_income": 130987,
            "net_income_4q": null,
            "revenue": 2324192,
            "revenue_4q": null,
            "common_shares": 1574362,
            "book_valuer_per_share": 22.19,
            "book_valuer_per_share_4q_avg": 19.74,
            "equity": 3493544,
            "current_ratio": 153.69,
            "debt_ratio": 52.37,
            "inventory_turnover_ratio": 2.03,
            "account_receivable_turnover_ratio": null,
            "reinvestment_rate": null,
            "research_to_sale_ratio": null,
            "price_fair": 107.16,
            "eps_avg_yearly": 3.06,
            "eps_latest_yearly": 3,
            "eps_growth_yearly": 34.09
        },
        "20044": {
            "year_quarter": 20044,
            "year": 2004,
            "quarter": 4,
            "eps": -1.84,
            "eps_growth_year": -273.58,
            "eps_4q": 0.13,
            "eps_4q_growth_year": -95.14,
            "roe": -8.87,
            "roe_4q": 3.4600000000000013,
            "gross_profit": 294744,
            "gross_margin": 11.89,
            "gross_margin_4q_avg": 14.02,
            "net_income": -333328,
            "net_income_4q": null,
            "revenue": 2479022,
            "revenue_4q": null,
            "common_shares": 2063669,
            "book_valuer_per_share": 17.41,
            "book_valuer_per_share_4q_avg": 20.24,
            "equity": 4026143,
            "current_ratio": 155.88,
            "debt_ratio": 59.07,
            "inventory_turnover_ratio": 1.28,
            "account_receivable_turnover_ratio": null,
            "reinvestment_rate": 152.64,
            "research_to_sale_ratio": null,
            "price_fair": 107.16,
            "eps_avg_yearly": 3.06,
            "eps_latest_yearly": 3,
            "eps_growth_yearly": 34.09
        },
        "20051": {
            "year_quarter": 20051,
            "year": 2005,
            "quarter": 1,
            "eps": 0.01,
            "eps_growth_year": -98.57,
            "eps_4q": -0.23,
            "eps_4q_growth_year": -108.84,
            "roe": 0.06,
            "roe_4q": -0.3799999999999981,
            "gross_profit": 192378,
            "gross_margin": 9.2,
            "gross_margin_4q_avg": 13.01,
            "net_income": 2463,
            "net_income_4q": null,
            "revenue": 2092130,
            "revenue_4q": null,
            "common_shares": 2072438,
            "book_valuer_per_share": 17.15,
            "book_valuer_per_share_4q_avg": 19.44,
            "equity": 3554299,
            "current_ratio": 159.76,
            "debt_ratio": 51.16,
            "inventory_turnover_ratio": 1.1,
            "account_receivable_turnover_ratio": null,
            "reinvestment_rate": 20.35,
            "research_to_sale_ratio": null,
            "price_fair": 107.16,
            "eps_avg_yearly": 3.06,
            "eps_latest_yearly": 3,
            "eps_growth_yearly": 34.09
        },
        "20052": {
            "year_quarter": 20052,
            "year": 2005,
            "quarter": 2,
            "eps": 0.12,
            "eps_growth_year": -87.23,
            "eps_4q": -0.86,
            "eps_4q_growth_year": -128.37,
            "roe": 0.69,
            "roe_4q": -4.219999999999999,
            "gross_profit": 245038,
            "gross_margin": 10.63,
            "gross_margin_4q_avg": 12.1,
            "net_income": 24363,
            "net_income_4q": null,
            "revenue": 2304796,
            "revenue_4q": null,
            "common_shares": 2075999,
            "book_valuer_per_share": 16.78,
            "book_valuer_per_share_4q_avg": 18.38,
            "equity": 3484106,
            "current_ratio": 146.71,
            "debt_ratio": 55.48,
            "inventory_turnover_ratio": 1.9,
            "account_receivable_turnover_ratio": null,
            "reinvestment_rate": 20.52,
            "research_to_sale_ratio": null,
            "price_fair": 99.63,
            "eps_avg_yearly": 2.85,
            "eps_latest_yearly": 0.48,
            "eps_growth_yearly": 397.92
        },
        "20053": {
            "year_quarter": 20053,
            "year": 2005,
            "quarter": 3,
            "eps": 0.29,
            "eps_growth_year": -61.33,
            "eps_4q": -1.21,
            "eps_4q_growth_year": -141.58,
            "roe": 1.67,
            "roe_4q": -6.449999999999999,
            "gross_profit": 254733,
            "gross_margin": 10.91,
            "gross_margin_4q_avg": 10.66,
            "net_income": 59140,
            "net_income_4q": null,
            "revenue": 2334291,
            "revenue_4q": null,
            "common_shares": 2077499,
            "book_valuer_per_share": 17.29,
            "book_valuer_per_share_4q_avg": 17.16,
            "equity": 3591470,
            "current_ratio": 139.61,
            "debt_ratio": 56.26,
            "inventory_turnover_ratio": 1.81,
            "account_receivable_turnover_ratio": null,
            "reinvestment_rate": 18.1,
            "research_to_sale_ratio": null,
            "price_fair": 95.09,
            "eps_avg_yearly": 2.72,
            "eps_latest_yearly": 1.16,
            "eps_growth_yearly": 410.9
        },
        "20054": {
            "year_quarter": 20054,
            "year": 2005,
            "quarter": 4,
            "eps": -0.38,
            "eps_growth_year": null,
            "eps_4q": 0,
            "eps_4q_growth_year": -97.33,
            "roe": -2.2,
            "roe_4q": 0.2199999999999997,
            "gross_profit": 308310,
            "gross_margin": 11.14,
            "gross_margin_4q_avg": 10.47,
            "net_income": -85183,
            "net_income_4q": null,
            "revenue": 2768789,
            "revenue_4q": null,
            "common_shares": 2211121,
            "book_valuer_per_share": 16.09,
            "book_valuer_per_share_4q_avg": 16.83,
            "equity": 4161756,
            "current_ratio": 145.29,
            "debt_ratio": 62.52,
            "inventory_turnover_ratio": 1.22,
            "account_receivable_turnover_ratio": null,
            "reinvestment_rate": 240.91,
            "research_to_sale_ratio": null,
            "price_fair": 95.09,
            "eps_avg_yearly": 2.72,
            "eps_latest_yearly": 1.16,
            "eps_growth_yearly": 410.9
        },
        "20061": {
            "year_quarter": 20061,
            "year": 2006,
            "quarter": 1,
            "eps": -0.46,
            "eps_growth_year": -4700,
            "eps_4q": -0.47,
            "eps_4q_growth_year": null,
            "roe": -2.69,
            "roe_4q": -2.5300000000000007,
            "gross_profit": 224140,
            "gross_margin": 10.2,
            "gross_margin_4q_avg": 10.72,
            "net_income": -102246,
            "net_income_4q": null,
            "revenue": 2197897,
            "revenue_4q": null,
            "common_shares": 2211121,
            "book_valuer_per_share": 15.54,
            "book_valuer_per_share_4q_avg": 16.43,
            "equity": 3437076,
            "current_ratio": 150.52,
            "debt_ratio": 57.47,
            "inventory_turnover_ratio": 0.93,
            "account_receivable_turnover_ratio": null,
            "reinvestment_rate": 18.16,
            "research_to_sale_ratio": null,
            "price_fair": 92.63,
            "eps_avg_yearly": 2.65,
            "eps_latest_yearly": 1.16,
            "eps_growth_yearly": 442.73
        },
        "20062": {
            "year_quarter": 20062,
            "year": 2006,
            "quarter": 2,
            "eps": -1.15,
            "eps_growth_year": -1058.33,
            "eps_4q": -1.73,
            "eps_4q_growth_year": null,
            "roe": -7.69,
            "roe_4q": -10.910000000000002,
            "gross_profit": 260771,
            "gross_margin": 10.11,
            "gross_margin_4q_avg": 10.59,
            "net_income": -254622,
            "net_income_4q": null,
            "revenue": 2580530,
            "revenue_4q": null,
            "common_shares": 2211121,
            "book_valuer_per_share": 14.39,
            "book_valuer_per_share_4q_avg": 15.83,
            "equity": 3180994,
            "current_ratio": 160.16,
            "debt_ratio": 59.74,
            "inventory_turnover_ratio": 1.81,
            "account_receivable_turnover_ratio": null,
            "reinvestment_rate": 36.74,
            "research_to_sale_ratio": null,
            "price_fair": 94.44,
            "eps_avg_yearly": 2.7,
            "eps_latest_yearly": 1.16,
            "eps_growth_yearly": 498.09
        },
        "20063": {
            "year_quarter": 20063,
            "year": 2006,
            "quarter": 3,
            "eps": 0.1,
            "eps_growth_year": -65.52,
            "eps_4q": -1.8,
            "eps_4q_growth_year": null,
            "roe": 0.68,
            "roe_4q": -11.900000000000002,
            "gross_profit": 285879,
            "gross_margin": 8.9,
            "gross_margin_4q_avg": 10.09,
            "net_income": 23212,
            "net_income_4q": null,
            "revenue": 3213209,
            "revenue_4q": null,
            "common_shares": 2511121,
            "book_valuer_per_share": 14.69,
            "book_valuer_per_share_4q_avg": 15.18,
            "equity": 3687814,
            "current_ratio": 175.97,
            "debt_ratio": 59.18,
            "inventory_turnover_ratio": 2.37,
            "account_receivable_turnover_ratio": null,
            "reinvestment_rate": 38.79,
            "research_to_sale_ratio": null,
            "price_fair": 88.62,
            "eps_avg_yearly": 2.53,
            "eps_latest_yearly": 1.16,
            "eps_growth_yearly": 504.06
        },
        "20064": {
            "year_quarter": 20064,
            "year": 2006,
            "quarter": 4,
            "eps": 0,
            "eps_growth_year": null,
            "eps_4q": -1.78,
            "eps_4q_growth_year": -50296.44,
            "roe": 0.01,
            "roe_4q": -9.69,
            "gross_profit": 425804,
            "gross_margin": 8.89,
            "gross_margin_4q_avg": 9.53,
            "net_income": 562,
            "net_income_4q": null,
            "revenue": 4791607,
            "revenue_4q": null,
            "common_shares": 2512121,
            "book_valuer_per_share": 14.64,
            "book_valuer_per_share_4q_avg": 14.82,
            "equity": 4395632,
            "current_ratio": 127.8,
            "debt_ratio": 67.7,
            "inventory_turnover_ratio": 2.02,
            "account_receivable_turnover_ratio": null,
            "reinvestment_rate": 4271.18,
            "research_to_sale_ratio": null,
            "price_fair": 86.49,
            "eps_avg_yearly": 2.47,
            "eps_latest_yearly": 1.16,
            "eps_growth_yearly": 573.11
        },
        "20071": {
            "year_quarter": 20071,
            "year": 2007,
            "quarter": 1,
            "eps": 0.46,
            "eps_growth_year": null,
            "eps_4q": -0.46,
            "eps_4q_growth_year": null,
            "roe": 2.81,
            "roe_4q": -4.19,
            "gross_profit": 358007,
            "gross_margin": 8.18,
            "gross_margin_4q_avg": 9.02,
            "net_income": 115604,
            "net_income_4q": null,
            "revenue": 4378917,
            "revenue_4q": null,
            "common_shares": 2513021,
            "book_valuer_per_share": 15.25,
            "book_valuer_per_share_4q_avg": 14.74,
            "equity": 3833189,
            "current_ratio": 157.26,
            "debt_ratio": 63.26,
            "inventory_turnover_ratio": 2.05,
            "account_receivable_turnover_ratio": null,
            "reinvestment_rate": -23.15,
            "research_to_sale_ratio": null,
            "price_fair": 90.3,
            "eps_avg_yearly": 2.58,
            "eps_latest_yearly": 1.16,
            "eps_growth_yearly": 668.78
        },
        "20072": {
            "year_quarter": 20072,
            "year": 2007,
            "quarter": 2,
            "eps": 0.41,
            "eps_growth_year": null,
            "eps_4q": 0.97,
            "eps_4q_growth_year": null,
            "roe": 2.62,
            "roe_4q": 6.119999999999999,
            "gross_profit": 475412,
            "gross_margin": 10.81,
            "gross_margin_4q_avg": 9.2,
            "net_income": 101869,
            "net_income_4q": null,
            "revenue": 4397372,
            "revenue_4q": null,
            "common_shares": 2514021,
            "book_valuer_per_share": 15.63,
            "book_valuer_per_share_4q_avg": 15.05,
            "equity": 3930468,
            "current_ratio": 181.44,
            "debt_ratio": 57.44,
            "inventory_turnover_ratio": 5.4,
            "account_receivable_turnover_ratio": null,
            "reinvestment_rate": -118.8,
            "research_to_sale_ratio": null,
            "price_fair": 87.5,
            "eps_avg_yearly": 2.5,
            "eps_latest_yearly": 1.64,
            "eps_growth_yearly": 642.09
        },
        "20073": {
            "year_quarter": 20073,
            "year": 2007,
            "quarter": 3,
            "eps": 0.62,
            "eps_growth_year": 520,
            "eps_4q": 1.49,
            "eps_4q_growth_year": null,
            "roe": 3.88,
            "roe_4q": 9.32,
            "gross_profit": 351257,
            "gross_margin": 7.98,
            "gross_margin_4q_avg": 8.97,
            "net_income": 155691,
            "net_income_4q": null,
            "revenue": 4401028,
            "revenue_4q": null,
            "common_shares": 2519471,
            "book_valuer_per_share": 16.28,
            "book_valuer_per_share_4q_avg": 15.45,
            "equity": 4101012,
            "current_ratio": 144.56,
            "debt_ratio": 60.58,
            "inventory_turnover_ratio": 6.83,
            "account_receivable_turnover_ratio": null,
            "reinvestment_rate": -104.62,
            "research_to_sale_ratio": null,
            "price_fair": 85.58,
            "eps_avg_yearly": 2.45,
            "eps_latest_yearly": 2.48,
            "eps_growth_yearly": 653.67
        },
        "20074": {
            "year_quarter": 20074,
            "year": 2007,
            "quarter": 4,
            "eps": 0.72,
            "eps_growth_year": null,
            "eps_4q": 2.21,
            "eps_4q_growth_year": null,
            "roe": 4.09,
            "roe_4q": 13.4,
            "gross_profit": 162002,
            "gross_margin": 3.59,
            "gross_margin_4q_avg": 7.64,
            "net_income": 180214,
            "net_income_4q": null,
            "revenue": 4506757,
            "revenue_4q": null,
            "common_shares": 2519971,
            "book_valuer_per_share": 18.1,
            "book_valuer_per_share_4q_avg": 16.32,
            "equity": 4719493,
            "current_ratio": 160.46,
            "debt_ratio": 62.18,
            "inventory_turnover_ratio": 3.03,
            "account_receivable_turnover_ratio": null,
            "reinvestment_rate": 308.64,
            "research_to_sale_ratio": null,
            "price_fair": 79.63,
            "eps_avg_yearly": 2.28,
            "eps_latest_yearly": 2.88,
            "eps_growth_yearly": 639.13
        },
        "20081": {
            "year_quarter": 20081,
            "year": 2008,
            "quarter": 1,
            "eps": 0.14,
            "eps_growth_year": -69.57,
            "eps_4q": 1.82,
            "eps_4q_growth_year": null,
            "roe": 0.78,
            "roe_4q": 11.370000000000001,
            "gross_profit": 593465,
            "gross_margin": 15.01,
            "gross_margin_4q_avg": 9.35,
            "net_income": 36503,
            "net_income_4q": null,
            "revenue": 3954621,
            "revenue_4q": null,
            "common_shares": 2519971,
            "book_valuer_per_share": 17.78,
            "book_valuer_per_share_4q_avg": 16.95,
            "equity": 4629633,
            "current_ratio": 168.4,
            "debt_ratio": 59.93,
            "inventory_turnover_ratio": 1.51,
            "account_receivable_turnover_ratio": null,
            "reinvestment_rate": 876.17,
            "research_to_sale_ratio": null,
            "price_fair": 69.83,
            "eps_avg_yearly": 2,
            "eps_latest_yearly": 0.56,
            "eps_growth_yearly": 615.83
        },
        "20082": {
            "year_quarter": 20082,
            "year": 2008,
            "quarter": 2,
            "eps": 0.63,
            "eps_growth_year": 53.66,
            "eps_4q": 2.17,
            "eps_4q_growth_year": 123.2,
            "roe": 3.35,
            "roe_4q": 12.099999999999998,
            "gross_profit": 550560,
            "gross_margin": 14.89,
            "gross_margin_4q_avg": 10.37,
            "net_income": 153913,
            "net_income_4q": null,
            "revenue": 3697080,
            "revenue_4q": null,
            "common_shares": 2519971,
            "book_valuer_per_share": 17.56,
            "book_valuer_per_share_4q_avg": 17.43,
            "equity": 4570331,
            "current_ratio": 143.98,
            "debt_ratio": 59.47,
            "inventory_turnover_ratio": 1.42,
            "account_receivable_turnover_ratio": null,
            "reinvestment_rate": 900.71,
            "research_to_sale_ratio": null,
            "price_fair": 64.4,
            "eps_avg_yearly": 1.84,
            "eps_latest_yearly": 2.52,
            "eps_growth_yearly": 773.69
        },
        "20083": {
            "year_quarter": 20083,
            "year": 2008,
            "quarter": 3,
            "eps": 0.66,
            "eps_growth_year": 6.45,
            "eps_4q": 2.16,
            "eps_4q_growth_year": 45.43,
            "roe": 3.53,
            "roe_4q": 11.75,
            "gross_profit": 671082,
            "gross_margin": 16.38,
            "gross_margin_4q_avg": 12.47,
            "net_income": 166087,
            "net_income_4q": null,
            "revenue": 4095938,
            "revenue_4q": null,
            "common_shares": 2600171,
            "book_valuer_per_share": 18.62,
            "book_valuer_per_share_4q_avg": 18.02,
            "equity": 4841775,
            "current_ratio": 143.33,
            "debt_ratio": 62.37,
            "inventory_turnover_ratio": 1.44,
            "account_receivable_turnover_ratio": null,
            "reinvestment_rate": 899.22,
            "research_to_sale_ratio": null,
            "price_fair": 62.83,
            "eps_avg_yearly": 1.8,
            "eps_latest_yearly": 2.64,
            "eps_growth_yearly": 786.18
        },
        "20084": {
            "year_quarter": 20084,
            "year": 2008,
            "quarter": 4,
            "eps": 0.39,
            "eps_growth_year": -45.83,
            "eps_4q": 1.79,
            "eps_4q_growth_year": -19.2,
            "roe": 2.09,
            "roe_4q": 9.749999999999998,
            "gross_profit": 465713,
            "gross_margin": 12.29,
            "gross_margin_4q_avg": 14.64,
            "net_income": 101800,
            "net_income_4q": null,
            "revenue": 3790060,
            "revenue_4q": null,
            "common_shares": 2600171,
            "book_valuer_per_share": 18.84,
            "book_valuer_per_share_4q_avg": 18.2,
            "equity": 4898572,
            "current_ratio": 164.22,
            "debt_ratio": 58.37,
            "inventory_turnover_ratio": 1.48,
            "account_receivable_turnover_ratio": 1.93,
            "reinvestment_rate": 147.06,
            "research_to_sale_ratio": null,
            "price_fair": 61.91,
            "eps_avg_yearly": 1.77,
            "eps_latest_yearly": 1.56,
            "eps_growth_yearly": 680.64
        },
        "20091": {
            "year_quarter": 20091,
            "year": 2009,
            "quarter": 1,
            "eps": 0.49,
            "eps_growth_year": 250,
            "eps_4q": 2.19,
            "eps_4q_growth_year": 20.54,
            "roe": 2.48,
            "roe_4q": 11.45,
            "gross_profit": 489632,
            "gross_margin": 15.08,
            "gross_margin_4q_avg": 14.66,
            "net_income": 124029,
            "net_income_4q": null,
            "revenue": 3247978,
            "revenue_4q": null,
            "common_shares": 2515001,
            "book_valuer_per_share": 20.37,
            "book_valuer_per_share_4q_avg": 18.85,
            "equity": 5122065,
            "current_ratio": 170.99,
            "debt_ratio": 57.03,
            "inventory_turnover_ratio": 1.45,
            "account_receivable_turnover_ratio": 0.85,
            "reinvestment_rate": 289.14,
            "research_to_sale_ratio": null,
            "price_fair": 62.58,
            "eps_avg_yearly": 1.79,
            "eps_latest_yearly": 1.96,
            "eps_growth_yearly": 622.83
        },
        "20092": {
            "year_quarter": 20092,
            "year": 2009,
            "quarter": 2,
            "eps": 0.8,
            "eps_growth_year": 26.98,
            "eps_4q": 2.38,
            "eps_4q_growth_year": 10.01,
            "roe": 3.9,
            "roe_4q": 11.999999999999998,
            "gross_profit": 669324,
            "gross_margin": 18.76,
            "gross_margin_4q_avg": 15.63,
            "net_income": 200379,
            "net_income_4q": null,
            "revenue": 3568299,
            "revenue_4q": null,
            "common_shares": 2515001,
            "book_valuer_per_share": 20.49,
            "book_valuer_per_share_4q_avg": 19.58,
            "equity": 5153632,
            "current_ratio": 162.45,
            "debt_ratio": 57.85,
            "inventory_turnover_ratio": 1.62,
            "account_receivable_turnover_ratio": 0.92,
            "reinvestment_rate": 227.42,
            "research_to_sale_ratio": null,
            "price_fair": 72.1,
            "eps_avg_yearly": 2.06,
            "eps_latest_yearly": 3.2,
            "eps_growth_yearly": 208.14
        },
        "20093": {
            "year_quarter": 20093,
            "year": 2009,
            "quarter": 3,
            "eps": 0.83,
            "eps_growth_year": 25.76,
            "eps_4q": 2.41,
            "eps_4q_growth_year": 11.26,
            "roe": 4.29,
            "roe_4q": 12.76,
            "gross_profit": 744768,
            "gross_margin": 18.82,
            "gross_margin_4q_avg": 16.24,
            "net_income": 224188,
            "net_income_4q": null,
            "revenue": 3957378,
            "revenue_4q": null,
            "common_shares": 2716201,
            "book_valuer_per_share": 19.53,
            "book_valuer_per_share_4q_avg": 19.81,
            "equity": 5305943,
            "current_ratio": 156.05,
            "debt_ratio": 55.33,
            "inventory_turnover_ratio": 1.91,
            "account_receivable_turnover_ratio": 0.97,
            "reinvestment_rate": 187.86,
            "research_to_sale_ratio": null,
            "price_fair": 79.66,
            "eps_avg_yearly": 2.28,
            "eps_latest_yearly": 3.32,
            "eps_growth_yearly": 152.97
        },
        "20094": {
            "year_quarter": 20094,
            "year": 2009,
            "quarter": 4,
            "eps": 0.86,
            "eps_growth_year": 120.51,
            "eps_4q": 2.88,
            "eps_4q_growth_year": 61.25,
            "roe": 4.32,
            "roe_4q": 14.99,
            "gross_profit": 716442,
            "gross_margin": 16.53,
            "gross_margin_4q_avg": 17.3,
            "net_income": 233901,
            "net_income_4q": null,
            "revenue": 4334857,
            "revenue_4q": null,
            "common_shares": 2716201,
            "book_valuer_per_share": 20.31,
            "book_valuer_per_share_4q_avg": 20.18,
            "equity": 5517779,
            "current_ratio": 147.04,
            "debt_ratio": 55.83,
            "inventory_turnover_ratio": 1.93,
            "account_receivable_turnover_ratio": 1.84,
            "reinvestment_rate": 55.4,
            "research_to_sale_ratio": null,
            "price_fair": 83.36,
            "eps_avg_yearly": 2.38,
            "eps_latest_yearly": 3.44,
            "eps_growth_yearly": 140.38
        },
        "20101": {
            "year_quarter": 20101,
            "year": 2010,
            "quarter": 1,
            "eps": 0.9,
            "eps_growth_year": 83.67,
            "eps_4q": 3.32,
            "eps_4q_growth_year": 51.6,
            "roe": 4.35,
            "roe_4q": 16.86,
            "gross_profit": 742565,
            "gross_margin": 16.82,
            "gross_margin_4q_avg": 17.73,
            "net_income": 244825,
            "net_income_4q": null,
            "revenue": 4413852,
            "revenue_4q": null,
            "common_shares": 2720501,
            "book_valuer_per_share": 21.1,
            "book_valuer_per_share_4q_avg": 20.36,
            "equity": 5739085,
            "current_ratio": 152.12,
            "debt_ratio": 56.75,
            "inventory_turnover_ratio": 1.61,
            "account_receivable_turnover_ratio": 0.9,
            "reinvestment_rate": 131.91,
            "research_to_sale_ratio": 4.28,
            "price_fair": 86.92,
            "eps_avg_yearly": 2.48,
            "eps_latest_yearly": 3.6,
            "eps_growth_yearly": 130.23
        },
        "20102": {
            "year_quarter": 20102,
            "year": 2010,
            "quarter": 2,
            "eps": 1.32,
            "eps_growth_year": 65.29,
            "eps_4q": 3.9,
            "eps_4q_growth_year": 63.72,
            "roe": 6.33,
            "roe_4q": 19.29,
            "gross_profit": 900502,
            "gross_margin": 15.98,
            "gross_margin_4q_avg": 17.04,
            "net_income": 360126,
            "net_income_4q": null,
            "revenue": 5636130,
            "revenue_4q": null,
            "common_shares": 2723001,
            "book_valuer_per_share": 20.7,
            "book_valuer_per_share_4q_avg": 20.41,
            "equity": 5638611,
            "current_ratio": 138.46,
            "debt_ratio": 61.57,
            "inventory_turnover_ratio": 1.74,
            "account_receivable_turnover_ratio": 1.01,
            "reinvestment_rate": 96.64,
            "research_to_sale_ratio": 3.77,
            "price_fair": 94.45,
            "eps_avg_yearly": 2.7,
            "eps_latest_yearly": 5.28,
            "eps_growth_yearly": 134.57
        },
        "20103": {
            "year_quarter": 20103,
            "year": 2010,
            "quarter": 3,
            "eps": 1.01,
            "eps_growth_year": 22.26,
            "eps_4q": 4.09,
            "eps_4q_growth_year": 69.83,
            "roe": 4.83,
            "roe_4q": 19.83,
            "gross_profit": 812756,
            "gross_margin": 15.94,
            "gross_margin_4q_avg": 16.32,
            "net_income": 276836,
            "net_income_4q": null,
            "revenue": 5097396,
            "revenue_4q": null,
            "common_shares": 2726001,
            "book_valuer_per_share": 21.35,
            "book_valuer_per_share_4q_avg": 20.87,
            "equity": 5824362,
            "current_ratio": 139.76,
            "debt_ratio": 63.37,
            "inventory_turnover_ratio": 1.51,
            "account_receivable_turnover_ratio": 0.88,
            "reinvestment_rate": 90.88,
            "research_to_sale_ratio": 4.04,
            "price_fair": 97.8,
            "eps_avg_yearly": 2.79,
            "eps_latest_yearly": 4.04,
            "eps_growth_yearly": 118.25
        },
        "20104": {
            "year_quarter": 20104,
            "year": 2010,
            "quarter": 4,
            "eps": 0.51,
            "eps_growth_year": -40.87,
            "eps_4q": 3.73,
            "eps_4q_growth_year": 29.65,
            "roe": 2.41,
            "roe_4q": 17.92,
            "gross_profit": 783277,
            "gross_margin": 15.27,
            "gross_margin_4q_avg": 16,
            "net_income": 138975,
            "net_income_4q": null,
            "revenue": 5128265,
            "revenue_4q": null,
            "common_shares": 2733121,
            "book_valuer_per_share": 20.91,
            "book_valuer_per_share_4q_avg": 21.02,
            "equity": 5715122,
            "current_ratio": 161.59,
            "debt_ratio": 61.39,
            "inventory_turnover_ratio": 1.6,
            "account_receivable_turnover_ratio": 0.97,
            "reinvestment_rate": 8.99,
            "research_to_sale_ratio": 4.2,
            "price_fair": 96.04,
            "eps_avg_yearly": 2.74,
            "eps_latest_yearly": 2.04,
            "eps_growth_yearly": 97.17
        },
        "20111": {
            "year_quarter": 20111,
            "year": 2011,
            "quarter": 1,
            "eps": 0.71,
            "eps_growth_year": -21.11,
            "eps_4q": 3.23,
            "eps_4q_growth_year": -2.63,
            "roe": 3.26,
            "roe_4q": 16.83,
            "gross_profit": 665020,
            "gross_margin": 13.36,
            "gross_margin_4q_avg": 15.14,
            "net_income": 205473,
            "net_income_4q": null,
            "revenue": 4978606,
            "revenue_4q": null,
            "common_shares": 3035601,
            "book_valuer_per_share": 22.69,
            "book_valuer_per_share_4q_avg": 21.41,
            "equity": 6887139,
            "current_ratio": 176.69,
            "debt_ratio": 55.55,
            "inventory_turnover_ratio": 1.61,
            "account_receivable_turnover_ratio": 0.97,
            "reinvestment_rate": 88.35,
            "research_to_sale_ratio": 4.47,
            "price_fair": 96.25,
            "eps_avg_yearly": 2.75,
            "eps_latest_yearly": 2.84,
            "eps_growth_yearly": 100.9
        },
        "20112": {
            "year_quarter": 20112,
            "year": 2011,
            "quarter": 2,
            "eps": 0.46,
            "eps_growth_year": -65.37,
            "eps_4q": 2.32,
            "eps_4q_growth_year": -40.6,
            "roe": 2.1,
            "roe_4q": 12.6,
            "gross_profit": 598284,
            "gross_margin": 12.4,
            "gross_margin_4q_avg": 14.24,
            "net_income": 142415,
            "net_income_4q": null,
            "revenue": 4823351,
            "revenue_4q": null,
            "common_shares": 3035601,
            "book_valuer_per_share": 21.61,
            "book_valuer_per_share_4q_avg": 21.64,
            "equity": 6666304,
            "current_ratio": 167.87,
            "debt_ratio": 57.57,
            "inventory_turnover_ratio": 1.57,
            "account_receivable_turnover_ratio": 0.91,
            "reinvestment_rate": 91.94,
            "research_to_sale_ratio": 4.64,
            "price_fair": 96.69,
            "eps_avg_yearly": 2.76,
            "eps_latest_yearly": 1.84,
            "eps_growth_yearly": 94.81
        },
        "20113": {
            "year_quarter": 20113,
            "year": 2011,
            "quarter": 3,
            "eps": 0.64,
            "eps_growth_year": -37.35,
            "eps_4q": 2.13,
            "eps_4q_growth_year": -48.04,
            "roe": 2.91,
            "roe_4q": 10.68,
            "gross_profit": 675564,
            "gross_margin": 14.12,
            "gross_margin_4q_avg": 13.79,
            "net_income": 202886,
            "net_income_4q": null,
            "revenue": 4784497,
            "revenue_4q": null,
            "common_shares": 3035951,
            "book_valuer_per_share": 23.62,
            "book_valuer_per_share_4q_avg": 22.21,
            "equity": 7266524,
            "current_ratio": 173.43,
            "debt_ratio": 55.4,
            "inventory_turnover_ratio": 1.56,
            "account_receivable_turnover_ratio": 0.88,
            "reinvestment_rate": 104.23,
            "research_to_sale_ratio": 5.2,
            "price_fair": 96.86,
            "eps_avg_yearly": 2.77,
            "eps_latest_yearly": 2.56,
            "eps_growth_yearly": 91.79
        },
        "20114": {
            "year_quarter": 20114,
            "year": 2011,
            "quarter": 4,
            "eps": 0.28,
            "eps_growth_year": -44.17,
            "eps_4q": 1.99,
            "eps_4q_growth_year": -46.77,
            "roe": 0.98,
            "roe_4q": 9.25,
            "gross_profit": 645431,
            "gross_margin": 13.85,
            "gross_margin_4q_avg": 13.43,
            "net_income": 71488,
            "net_income_4q": null,
            "revenue": 4661734,
            "revenue_4q": null,
            "common_shares": 3347711,
            "book_valuer_per_share": 21.49,
            "book_valuer_per_share_4q_avg": 22.35,
            "equity": 7256421,
            "current_ratio": 148.98,
            "debt_ratio": 54.85,
            "inventory_turnover_ratio": 1.52,
            "account_receivable_turnover_ratio": 0.88,
            "reinvestment_rate": 41.67,
            "research_to_sale_ratio": 5.14,
            "price_fair": 93.01,
            "eps_avg_yearly": 2.66,
            "eps_latest_yearly": 1.12,
            "eps_growth_yearly": 73.7
        },
        "20121": {
            "year_quarter": 20121,
            "year": 2012,
            "quarter": 1,
            "eps": -0.07,
            "eps_growth_year": -109.86,
            "eps_4q": 1.39,
            "eps_4q_growth_year": -57.03,
            "roe": -0.34,
            "roe_4q": 5.65,
            "gross_profit": 477891,
            "gross_margin": 11.84,
            "gross_margin_4q_avg": 13.05,
            "net_income": -24600,
            "net_income_4q": null,
            "revenue": 4036023,
            "revenue_4q": null,
            "common_shares": 3349211,
            "book_valuer_per_share": 21.12,
            "book_valuer_per_share_4q_avg": 21.96,
            "equity": 7233684,
            "current_ratio": 155.86,
            "debt_ratio": 54.66,
            "inventory_turnover_ratio": 1.31,
            "account_receivable_turnover_ratio": 0.84,
            "reinvestment_rate": 47.05,
            "research_to_sale_ratio": 5.58,
            "price_fair": 97.91,
            "eps_avg_yearly": 2.8,
            "eps_latest_yearly": 1.12,
            "eps_growth_yearly": 100.09
        },
        "20122": {
            "year_quarter": 20122,
            "year": 2012,
            "quarter": 2,
            "eps": 0.03,
            "eps_growth_year": -93.83,
            "eps_4q": 0.92,
            "eps_4q_growth_year": -60.47,
            "roe": -0.16,
            "roe_4q": 3.39,
            "gross_profit": 540841,
            "gross_margin": 12.11,
            "gross_margin_4q_avg": 12.98,
            "net_income": -11146,
            "net_income_4q": null,
            "revenue": 4466072,
            "revenue_4q": null,
            "common_shares": 3350441,
            "book_valuer_per_share": 20.74,
            "book_valuer_per_share_4q_avg": 21.74,
            "equity": 7086508,
            "current_ratio": 152.03,
            "debt_ratio": 57.51,
            "inventory_turnover_ratio": 1.44,
            "account_receivable_turnover_ratio": 0.93,
            "reinvestment_rate": 46.68,
            "research_to_sale_ratio": 6.65,
            "price_fair": 48.56,
            "eps_avg_yearly": 2.82,
            "eps_latest_yearly": 1.12,
            "eps_growth_yearly": 7.24
        },
        "20123": {
            "year_quarter": 20123,
            "year": 2012,
            "quarter": 3,
            "eps": 0.02,
            "eps_growth_year": -97.62,
            "eps_4q": 0.33,
            "eps_4q_growth_year": -84.62,
            "roe": -0.17,
            "roe_4q": 0.30999999999999994,
            "gross_profit": 529120,
            "gross_margin": 11.51,
            "gross_margin_4q_avg": 12.33,
            "net_income": -12215,
            "net_income_4q": null,
            "revenue": 4597963,
            "revenue_4q": null,
            "common_shares": 3365641,
            "book_valuer_per_share": 20.53,
            "book_valuer_per_share_4q_avg": 20.97,
            "equity": 7031147,
            "current_ratio": 147.11,
            "debt_ratio": 58.32,
            "inventory_turnover_ratio": 1.55,
            "account_receivable_turnover_ratio": 0.88,
            "reinvestment_rate": 42.42,
            "research_to_sale_ratio": 5.9,
            "price_fair": 7.9,
            "eps_avg_yearly": 2.63,
            "eps_latest_yearly": 0.08,
            "eps_growth_yearly": -3.65
        },
        "20124": {
            "year_quarter": 20124,
            "year": 2012,
            "quarter": 4,
            "eps": 0.04,
            "eps_growth_year": -86.55,
            "eps_4q": 0.1,
            "eps_4q_growth_year": -95.18,
            "roe": -0.11,
            "roe_4q": -0.78,
            "gross_profit": 612720,
            "gross_margin": 12.89,
            "gross_margin_4q_avg": 12.09,
            "net_income": -7488,
            "net_income_4q": null,
            "revenue": 4754991,
            "revenue_4q": null,
            "common_shares": 3533101,
            "book_valuer_per_share": 19.55,
            "book_valuer_per_share_4q_avg": 20.49,
            "equity": 7006666,
            "current_ratio": 156.97,
            "debt_ratio": 58.64,
            "inventory_turnover_ratio": 1.6,
            "account_receivable_turnover_ratio": 0.88,
            "reinvestment_rate": 44.73,
            "research_to_sale_ratio": 6.11,
            "price_fair": 88.7,
            "eps_avg_yearly": 2.53,
            "eps_latest_yearly": 0.16,
            "eps_growth_yearly": 36.61
        },
        "20131": {
            "year_quarter": 20131,
            "year": 2013,
            "quarter": 1,
            "eps": 0.08,
            "eps_growth_year": null,
            "eps_4q": 0.16,
            "eps_4q_growth_year": -88.39,
            "roe": 0.28,
            "roe_4q": -0.15999999999999998,
            "gross_profit": 479264,
            "gross_margin": 11.43,
            "gross_margin_4q_avg": 11.99,
            "net_income": 20199,
            "net_income_4q": null,
            "revenue": 4191345,
            "revenue_4q": null,
            "common_shares": 3533101,
            "book_valuer_per_share": 20.06,
            "book_valuer_per_share_4q_avg": 20.22,
            "equity": 7177938,
            "current_ratio": 151.33,
            "debt_ratio": 59.79,
            "inventory_turnover_ratio": 1.4,
            "account_receivable_turnover_ratio": 0.78,
            "reinvestment_rate": 43.55,
            "research_to_sale_ratio": 5.68,
            "price_fair": 84.6,
            "eps_avg_yearly": 2.42,
            "eps_latest_yearly": 0.32,
            "eps_growth_yearly": 57.86
        },
        "20132": {
            "year_quarter": 20132,
            "year": 2013,
            "quarter": 2,
            "eps": 0.22,
            "eps_growth_year": 679.09,
            "eps_4q": 0.35,
            "eps_4q_growth_year": -61.7,
            "roe": 1.01,
            "roe_4q": 1.01,
            "gross_profit": 647455,
            "gross_margin": 13.29,
            "gross_margin_4q_avg": 12.28,
            "net_income": 72987,
            "net_income_4q": null,
            "revenue": 4870615,
            "revenue_4q": null,
            "common_shares": 3533101,
            "book_valuer_per_share": 20.24,
            "book_valuer_per_share_4q_avg": 20.1,
            "equity": 7237419,
            "current_ratio": 143.37,
            "debt_ratio": 62.92,
            "inventory_turnover_ratio": 1.44,
            "account_receivable_turnover_ratio": 0.96,
            "reinvestment_rate": 57.75,
            "research_to_sale_ratio": 5.74,
            "price_fair": 78.8,
            "eps_avg_yearly": 2.25,
            "eps_latest_yearly": 0.88,
            "eps_growth_yearly": 89.78
        },
        "20133": {
            "year_quarter": 20133,
            "year": 2013,
            "quarter": 3,
            "eps": 0.21,
            "eps_growth_year": 1287.33,
            "eps_4q": 0.55,
            "eps_4q_growth_year": 67.78,
            "roe": 1.09,
            "roe_4q": 2.27,
            "gross_profit": 658649,
            "gross_margin": 12.77,
            "gross_margin_4q_avg": 12.6,
            "net_income": 78605,
            "net_income_4q": null,
            "revenue": 5159016,
            "revenue_4q": null,
            "common_shares": 3533101,
            "book_valuer_per_share": 20.21,
            "book_valuer_per_share_4q_avg": 20.02,
            "equity": 7233116,
            "current_ratio": 143.09,
            "debt_ratio": 63.79,
            "inventory_turnover_ratio": 1.42,
            "account_receivable_turnover_ratio": 1.01,
            "reinvestment_rate": 71.76,
            "research_to_sale_ratio": 5.03,
            "price_fair": 72.6,
            "eps_avg_yearly": 2.07,
            "eps_latest_yearly": 0.84,
            "eps_growth_yearly": 87.41
        },
        "20134": {
            "year_quarter": 20134,
            "year": 2013,
            "quarter": 4,
            "eps": 0.19,
            "eps_growth_year": 386.83,
            "eps_4q": 0.7,
            "eps_4q_growth_year": 625.9,
            "roe": 0.91,
            "roe_4q": 3.29,
            "gross_profit": 590339,
            "gross_margin": 10.23,
            "gross_margin_4q_avg": 11.93,
            "net_income": 66451,
            "net_income_4q": null,
            "revenue": 5768656,
            "revenue_4q": null,
            "common_shares": 3533101,
            "book_valuer_per_share": 20.73,
            "book_valuer_per_share_4q_avg": 20.31,
            "equity": 7417805,
            "current_ratio": 135.94,
            "debt_ratio": 66.12,
            "inventory_turnover_ratio": 1.56,
            "account_receivable_turnover_ratio": 1.02,
            "reinvestment_rate": 72.85,
            "research_to_sale_ratio": 5.07,
            "price_fair": 65.9,
            "eps_avg_yearly": 1.88,
            "eps_latest_yearly": 0.76,
            "eps_growth_yearly": 83.66
        },
        "20141": {
            "year_quarter": 20141,
            "year": 2014,
            "quarter": 1,
            "eps": 0.18,
            "eps_growth_year": 125,
            "eps_4q": 0.8,
            "eps_4q_growth_year": 394.16,
            "roe": 0.83,
            "roe_4q": 3.84,
            "gross_profit": 587404,
            "gross_margin": 10.49,
            "gross_margin_4q_avg": 11.7,
            "net_income": 61755,
            "net_income_4q": null,
            "revenue": 5598418,
            "revenue_4q": null,
            "common_shares": 3533101,
            "book_valuer_per_share": 20.96,
            "book_valuer_per_share_4q_avg": 20.54,
            "equity": 7494790,
            "current_ratio": 132.66,
            "debt_ratio": 65.71,
            "inventory_turnover_ratio": 1.45,
            "account_receivable_turnover_ratio": 0.98,
            "reinvestment_rate": 94.17,
            "research_to_sale_ratio": 5.02,
            "price_fair": 58.7,
            "eps_avg_yearly": 1.68,
            "eps_latest_yearly": 0.72,
            "eps_growth_yearly": 80.83
        },
        "20142": {
            "year_quarter": 20142,
            "year": 2014,
            "quarter": 2,
            "eps": 0.42,
            "eps_growth_year": 90.91,
            "eps_4q": 1,
            "eps_4q_growth_year": 186.11,
            "roe": 1.85,
            "roe_4q": 4.680000000000001,
            "gross_profit": 819163,
            "gross_margin": 13.13,
            "gross_margin_4q_avg": 11.66,
            "net_income": 137483,
            "net_income_4q": null,
            "revenue": 6240418,
            "revenue_4q": null,
            "common_shares": 3533101,
            "book_valuer_per_share": 20.59,
            "book_valuer_per_share_4q_avg": 20.62,
            "equity": 7350438,
            "current_ratio": 132.29,
            "debt_ratio": 66.19,
            "inventory_turnover_ratio": 1.57,
            "account_receivable_turnover_ratio": 1.1,
            "reinvestment_rate": 102.96,
            "research_to_sale_ratio": 5.18,
            "price_fair": 49.7,
            "eps_avg_yearly": 1.42,
            "eps_latest_yearly": 1.68,
            "eps_growth_yearly": 105.59
        },
        "20143": {
            "year_quarter": 20143,
            "year": 2014,
            "quarter": 3,
            "eps": 1.03,
            "eps_growth_year": 390.48,
            "eps_4q": 1.81,
            "eps_4q_growth_year": 230.48,
            "roe": 4.58,
            "roe_4q": 8.17,
            "gross_profit": 748083,
            "gross_margin": 12.2,
            "gross_margin_4q_avg": 11.51,
            "net_income": 351400,
            "net_income_4q": null,
            "revenue": 6131373,
            "revenue_4q": null,
            "common_shares": 3533101,
            "book_valuer_per_share": 22.16,
            "book_valuer_per_share_4q_avg": 21.11,
            "equity": 7983849,
            "current_ratio": 132.4,
            "debt_ratio": 65.37,
            "inventory_turnover_ratio": 1.47,
            "account_receivable_turnover_ratio": 1.05,
            "reinvestment_rate": 97.12,
            "research_to_sale_ratio": 5.37,
            "price_fair": 49.9,
            "eps_avg_yearly": 1.43,
            "eps_latest_yearly": 4.12,
            "eps_growth_yearly": 153.8
        },
        "20144": {
            "year_quarter": 20144,
            "year": 2014,
            "quarter": 4,
            "eps": 0.44,
            "eps_growth_year": 135.15,
            "eps_4q": 2.06,
            "eps_4q_growth_year": 196.44,
            "roe": 2.34,
            "roe_4q": 9.6,
            "gross_profit": 775159,
            "gross_margin": 12.76,
            "gross_margin_4q_avg": 12.15,
            "net_income": 192556,
            "net_income_4q": null,
            "revenue": 6076504,
            "revenue_4q": null,
            "common_shares": 3533101,
            "book_valuer_per_share": 23.45,
            "book_valuer_per_share_4q_avg": 21.79,
            "equity": 8482352,
            "current_ratio": 135.33,
            "debt_ratio": 64.06,
            "inventory_turnover_ratio": 1.33,
            "account_receivable_turnover_ratio": 1.05,
            "reinvestment_rate": 131.27,
            "research_to_sale_ratio": 6.26,
            "price_fair": 49.2,
            "eps_avg_yearly": 1.41,
            "eps_latest_yearly": 1.76,
            "eps_growth_yearly": 151.57
        },
        "20151": {
            "year_quarter": 20151,
            "year": 2015,
            "quarter": 1,
            "eps": 0.44,
            "eps_growth_year": 144.44,
            "eps_4q": 2.32,
            "eps_4q_growth_year": 191.26,
            "roe": 1.99,
            "roe_4q": 10.76,
            "gross_profit": 725633,
            "gross_margin": 12.32,
            "gross_margin_4q_avg": 12.6,
            "net_income": 169221,
            "net_income_4q": null,
            "revenue": 5887466,
            "revenue_4q": null,
            "common_shares": 3533101,
            "book_valuer_per_share": 23.64,
            "book_valuer_per_share_4q_avg": 22.46,
            "equity": 8562053,
            "current_ratio": 138.34,
            "debt_ratio": 64.5,
            "inventory_turnover_ratio": 1.25,
            "account_receivable_turnover_ratio": 1.06,
            "reinvestment_rate": 141.28,
            "research_to_sale_ratio": 5.08,
            "price_fair": 46.5,
            "eps_avg_yearly": 1.33,
            "eps_latest_yearly": 1.76,
            "eps_growth_yearly": 140.37
        },
        "20152": {
            "year_quarter": 20152,
            "year": 2015,
            "quarter": 2,
            "eps": 0.43,
            "eps_growth_year": 2.38,
            "eps_4q": 2.33,
            "eps_4q_growth_year": 131.81,
            "roe": 1.58,
            "roe_4q": 10.49,
            "gross_profit": 672465,
            "gross_margin": 10.81,
            "gross_margin_4q_avg": 12.02,
            "net_income": 132133,
            "net_income_4q": null,
            "revenue": 6221854,
            "revenue_4q": null,
            "common_shares": 3533101,
            "book_valuer_per_share": 22.69,
            "book_valuer_per_share_4q_avg": 22.99,
            "equity": 8204957,
            "current_ratio": 134.4,
            "debt_ratio": 65.33,
            "inventory_turnover_ratio": 1.44,
            "account_receivable_turnover_ratio": 1.1,
            "reinvestment_rate": 140.93,
            "research_to_sale_ratio": 4.84,
            "price_fair": 46.2,
            "eps_avg_yearly": 1.32,
            "eps_latest_yearly": 1.72,
            "eps_growth_yearly": 149.78
        },
        "20153": {
            "year_quarter": 20153,
            "year": 2015,
            "quarter": 3,
            "eps": 0.62,
            "eps_growth_year": -39.81,
            "eps_4q": 1.93,
            "eps_4q_growth_year": 6.33,
            "roe": 2.62,
            "roe_4q": 8.530000000000001,
            "gross_profit": 875531,
            "gross_margin": 12.8,
            "gross_margin_4q_avg": 12.17,
            "net_income": 223768,
            "net_income_4q": null,
            "revenue": 6837581,
            "revenue_4q": null,
            "common_shares": 3533101,
            "book_valuer_per_share": 24.57,
            "book_valuer_per_share_4q_avg": 23.59,
            "equity": 8866597,
            "current_ratio": 137.36,
            "debt_ratio": 65.81,
            "inventory_turnover_ratio": 1.66,
            "account_receivable_turnover_ratio": 1.07,
            "reinvestment_rate": 135.99,
            "research_to_sale_ratio": 4.42,
            "price_fair": 46,
            "eps_avg_yearly": 1.31,
            "eps_latest_yearly": 2.48,
            "eps_growth_yearly": 151.22
        },
        "20154": {
            "year_quarter": 20154,
            "year": 2015,
            "quarter": 4,
            "eps": 0.61,
            "eps_growth_year": 39.25,
            "eps_4q": 2.1,
            "eps_4q_growth_year": 1.69,
            "roe": 2.52,
            "roe_4q": 8.71,
            "gross_profit": 961699,
            "gross_margin": 14.29,
            "gross_margin_4q_avg": 12.56,
            "net_income": 221546,
            "net_income_4q": null,
            "revenue": 6727658,
            "revenue_4q": null,
            "common_shares": 3533101,
            "book_valuer_per_share": 24.34,
            "book_valuer_per_share_4q_avg": 23.81,
            "equity": 8739447,
            "current_ratio": 142.68,
            "debt_ratio": 67.6,
            "inventory_turnover_ratio": 1.42,
            "account_receivable_turnover_ratio": 1.05,
            "reinvestment_rate": 110.53,
            "research_to_sale_ratio": 4.11,
            "price_fair": 49.3,
            "eps_avg_yearly": 1.41,
            "eps_latest_yearly": 2.44,
            "eps_growth_yearly": 166.84
        },
        "20161": {
            "year_quarter": 20161,
            "year": 2016,
            "quarter": 1,
            "eps": 0.6,
            "eps_growth_year": 36.36,
            "eps_4q": 2.26,
            "eps_4q_growth_year": -2.86,
            "roe": 2.38,
            "roe_4q": 9.100000000000001,
            "gross_profit": 845737,
            "gross_margin": 13.2,
            "gross_margin_4q_avg": 12.78,
            "net_income": 209425,
            "net_income_4q": null,
            "revenue": 6407103,
            "revenue_4q": null,
            "common_shares": 3533101,
            "book_valuer_per_share": 24.69,
            "book_valuer_per_share_4q_avg": 24.07,
            "equity": 8863045,
            "current_ratio": 143.6,
            "debt_ratio": 65.53,
            "inventory_turnover_ratio": 1.32,
            "account_receivable_turnover_ratio": 1.16,
            "reinvestment_rate": 95.6,
            "research_to_sale_ratio": 4.16,
            "price_fair": 51.61,
            "eps_avg_yearly": 1.47,
            "eps_latest_yearly": 2.4,
            "eps_growth_yearly": 155.28
        },
        "20162": {
            "year_quarter": 20162,
            "year": 2016,
            "quarter": 2,
            "eps": 0.52,
            "eps_growth_year": 20.93,
            "eps_4q": 2.35,
            "eps_4q_growth_year": 0.78,
            "roe": 2.13,
            "roe_4q": 9.649999999999999,
            "gross_profit": 814383,
            "gross_margin": 12.84,
            "gross_margin_4q_avg": 13.28,
            "net_income": 184746,
            "net_income_4q": null,
            "revenue": 6340132,
            "revenue_4q": null,
            "common_shares": 3533101,
            "book_valuer_per_share": 23.62,
            "book_valuer_per_share_4q_avg": 24.31,
            "equity": 8481554,
            "current_ratio": 141.55,
            "debt_ratio": 67.04,
            "inventory_turnover_ratio": 1.5,
            "account_receivable_turnover_ratio": 1.19,
            "reinvestment_rate": 98.37,
            "research_to_sale_ratio": 4.44,
            "price_fair": 52.94,
            "eps_avg_yearly": 1.51,
            "eps_latest_yearly": 2.08,
            "eps_growth_yearly": 142.24
        },
        "20163": {
            "year_quarter": 20163,
            "year": 2016,
            "quarter": 3,
            "eps": 0.61,
            "eps_growth_year": -1.61,
            "eps_4q": 2.34,
            "eps_4q_growth_year": 21.33,
            "roe": 2.95,
            "roe_4q": 9.98,
            "gross_profit": 937726,
            "gross_margin": 14.28,
            "gross_margin_4q_avg": 13.65,
            "net_income": 248595,
            "net_income_4q": null,
            "revenue": 6565014,
            "revenue_4q": null,
            "common_shares": 3533101,
            "book_valuer_per_share": 23.26,
            "book_valuer_per_share_4q_avg": 23.98,
            "equity": 8380244,
            "current_ratio": 137.4,
            "debt_ratio": 68.69,
            "inventory_turnover_ratio": 1.52,
            "account_receivable_turnover_ratio": 1.15,
            "reinvestment_rate": 91.71,
            "research_to_sale_ratio": 4.82,
            "price_fair": 58.1,
            "eps_avg_yearly": 1.66,
            "eps_latest_yearly": 2.44,
            "eps_growth_yearly": 154.9
        },
        "20164": {
            "year_quarter": 20164,
            "year": 2016,
            "quarter": 4,
            "eps": 0.71,
            "eps_growth_year": 15.91,
            "eps_4q": 2.43,
            "eps_4q_growth_year": 16.02,
            "roe": 3.51,
            "roe_4q": 10.969999999999999,
            "gross_profit": 1097203,
            "gross_margin": 15.26,
            "gross_margin_4q_avg": 13.9,
            "net_income": 297764,
            "net_income_4q": null,
            "revenue": 7192214,
            "revenue_4q": null,
            "common_shares": 3533101,
            "book_valuer_per_share": 23.77,
            "book_valuer_per_share_4q_avg": 23.84,
            "equity": 8605673,
            "current_ratio": 137.44,
            "debt_ratio": 68.85,
            "inventory_turnover_ratio": 1.44,
            "account_receivable_turnover_ratio": 1.16,
            "reinvestment_rate": 78.42,
            "research_to_sale_ratio": 5.36,
            "price_fair": 63.96,
            "eps_avg_yearly": 1.83,
            "eps_latest_yearly": 2.84,
            "eps_growth_yearly": 134
        },
        "20171": {
            "year_quarter": 20171,
            "year": 2017,
            "quarter": 1,
            "eps": 0.62,
            "eps_growth_year": 3.33,
            "eps_4q": 2.46,
            "eps_4q_growth_year": 9.1,
            "roe": 2.6,
            "roe_4q": 11.189999999999998,
            "gross_profit": 780082,
            "gross_margin": 12.13,
            "gross_margin_4q_avg": 13.63,
            "net_income": 219039,
            "net_income_4q": null,
            "revenue": 6430297,
            "revenue_4q": null,
            "common_shares": 3533101,
            "book_valuer_per_share": 22.84,
            "book_valuer_per_share_4q_avg": 23.37,
            "equity": 8270115,
            "current_ratio": 136.73,
            "debt_ratio": 68.67,
            "inventory_turnover_ratio": 1.3,
            "account_receivable_turnover_ratio": 1.04,
            "reinvestment_rate": 64.25,
            "research_to_sale_ratio": 4.47,
            "price_fair": 68.69,
            "eps_avg_yearly": 1.96,
            "eps_latest_yearly": 2.48,
            "eps_growth_yearly": 105.83
        },
        "20172": {
            "year_quarter": 20172,
            "year": 2017,
            "quarter": 2,
            "eps": 0.6,
            "eps_growth_year": 15.38,
            "eps_4q": 2.54,
            "eps_4q_growth_year": 8.35,
            "roe": 2.71,
            "roe_4q": 11.77,
            "gross_profit": 740355,
            "gross_margin": 11.74,
            "gross_margin_4q_avg": 13.35,
            "net_income": 223711,
            "net_income_4q": null,
            "revenue": 6308833,
            "revenue_4q": null,
            "common_shares": 3533101,
            "book_valuer_per_share": 22.71,
            "book_valuer_per_share_4q_avg": 23.15,
            "equity": 8215083,
            "current_ratio": 131,
            "debt_ratio": 68.78,
            "inventory_turnover_ratio": 1.35,
            "account_receivable_turnover_ratio": 1.17,
            "reinvestment_rate": 61.46,
            "research_to_sale_ratio": 4.42,
            "price_fair": 72.01,
            "eps_avg_yearly": 2.06,
            "eps_latest_yearly": 2.4,
            "eps_growth_yearly": 61.27
        },
        "20173": {
            "year_quarter": 20173,
            "year": 2017,
            "quarter": 3,
            "eps": 0.71,
            "eps_growth_year": 16.39,
            "eps_4q": 2.63,
            "eps_4q_growth_year": 12.54,
            "roe": 3.21,
            "roe_4q": 12.03,
            "gross_profit": 899576,
            "gross_margin": 13.19,
            "gross_margin_4q_avg": 13.08,
            "net_income": 270157,
            "net_income_4q": null,
            "revenue": 6818955,
            "revenue_4q": null,
            "common_shares": 3533101,
            "book_valuer_per_share": 23.75,
            "book_valuer_per_share_4q_avg": 23.27,
            "equity": 8606440,
            "current_ratio": 127.45,
            "debt_ratio": 69.49,
            "inventory_turnover_ratio": 1.32,
            "account_receivable_turnover_ratio": 1.26,
            "reinvestment_rate": 56.81,
            "research_to_sale_ratio": 4.07,
            "price_fair": 76.39,
            "eps_avg_yearly": 2.18,
            "eps_latest_yearly": 2.84,
            "eps_growth_yearly": 66.99
        },
        "20174": {
            "year_quarter": 20174,
            "year": 2017,
            "quarter": 4,
            "eps": 0.58,
            "eps_growth_year": -17.18,
            "eps_4q": 2.51,
            "eps_4q_growth_year": 3.09,
            "roe": 2.6,
            "roe_4q": 11.12,
            "gross_profit": 911199,
            "gross_margin": 12.07,
            "gross_margin_4q_avg": 12.28,
            "net_income": 226431,
            "net_income_4q": null,
            "revenue": 7551257,
            "revenue_4q": null,
            "common_shares": 3533101,
            "book_valuer_per_share": 24.32,
            "book_valuer_per_share_4q_avg": 23.41,
            "equity": 8826684,
            "current_ratio": 132.32,
            "debt_ratio": 68.72,
            "inventory_turnover_ratio": 1.34,
            "account_receivable_turnover_ratio": 1.23,
            "reinvestment_rate": 50.95,
            "research_to_sale_ratio": 5.32,
            "price_fair": 79.8,
            "eps_avg_yearly": 2.28,
            "eps_latest_yearly": 2.32,
            "eps_growth_yearly": 64.79
        },
        "20181": {
            "year_quarter": 20181,
            "year": 2018,
            "quarter": 1,
            "eps": 0.41,
            "eps_growth_year": -33.87,
            "eps_4q": 2.3,
            "eps_4q_growth_year": -6.72,
            "roe": 1.64,
            "roe_4q": 10.16,
            "gross_profit": 731423,
            "gross_margin": 11.25,
            "gross_margin_4q_avg": 12.06,
            "net_income": 147441,
            "net_income_4q": null,
            "revenue": 6498887,
            "revenue_4q": null,
            "common_shares": 3533101,
            "book_valuer_per_share": 25.29,
            "book_valuer_per_share_4q_avg": 24.02,
            "equity": 9176810,
            "current_ratio": 138.6,
            "debt_ratio": 66.79,
            "inventory_turnover_ratio": 1.13,
            "account_receivable_turnover_ratio": 1.14,
            "reinvestment_rate": 54.75,
            "research_to_sale_ratio": 4.98,
            "price_fair": 81.81,
            "eps_avg_yearly": 2.34,
            "eps_latest_yearly": 1.64,
            "eps_growth_yearly": 58.78
        },
        "20182": {
            "year_quarter": 20182,
            "year": 2018,
            "quarter": 2,
            "eps": 0.5,
            "eps_growth_year": -16.67,
            "eps_4q": 2.2,
            "eps_4q_growth_year": -13.56,
            "roe": 2.14,
            "roe_4q": 9.59,
            "gross_profit": 790417,
            "gross_margin": 11.29,
            "gross_margin_4q_avg": 11.95,
            "net_income": 192953,
            "net_income_4q": null,
            "revenue": 7003555,
            "revenue_4q": null,
            "common_shares": 3533101,
            "book_valuer_per_share": 24.4,
            "book_valuer_per_share_4q_avg": 24.44,
            "equity": 8875966,
            "current_ratio": 136.4,
            "debt_ratio": 69.72,
            "inventory_turnover_ratio": 1.14,
            "account_receivable_turnover_ratio": 1.35,
            "reinvestment_rate": 55.3,
            "research_to_sale_ratio": 5.37,
            "price_fair": 82.51,
            "eps_avg_yearly": 2.36,
            "eps_latest_yearly": 2,
            "eps_growth_yearly": 30.94
        },
        "20183": {
            "year_quarter": 20183,
            "year": 2018,
            "quarter": 3,
            "eps": 0.53,
            "eps_growth_year": -25.35,
            "eps_4q": 2.03,
            "eps_4q_growth_year": -22.85,
            "roe": 2.34,
            "roe_4q": 8.72,
            "gross_profit": 933765,
            "gross_margin": 12.26,
            "gross_margin_4q_avg": 11.72,
            "net_income": 206291,
            "net_income_4q": null,
            "revenue": 7619115,
            "revenue_4q": null,
            "common_shares": 3533101,
            "book_valuer_per_share": 24.01,
            "book_valuer_per_share_4q_avg": 24.51,
            "equity": 8735837,
            "current_ratio": 134.63,
            "debt_ratio": 70.57,
            "inventory_turnover_ratio": 1.11,
            "account_receivable_turnover_ratio": 1.47,
            "reinvestment_rate": 56.54,
            "research_to_sale_ratio": 5.35,
            "price_fair": 6.7,
            "eps_avg_yearly": 2.23,
            "eps_latest_yearly": 2.12,
            "eps_growth_yearly": -3.87
        },
        "20184": {
            "year_quarter": 20184,
            "year": 2018,
            "quarter": 4,
            "eps": 0.57,
            "eps_growth_year": -2.82,
            "eps_4q": 2.01,
            "eps_4q_growth_year": -19.78,
            "roe": 2.06,
            "roe_4q": 8.180000000000001,
            "gross_profit": 991673,
            "gross_margin": 12.48,
            "gross_margin_4q_avg": 11.82,
            "net_income": 183162,
            "net_income_4q": null,
            "revenue": 7945034,
            "revenue_4q": null,
            "common_shares": 3533101,
            "book_valuer_per_share": 24.82,
            "book_valuer_per_share_4q_avg": 24.63,
            "equity": 9008570,
            "current_ratio": 132.31,
            "debt_ratio": 70.36,
            "inventory_turnover_ratio": 1,
            "account_receivable_turnover_ratio": 1.53,
            "reinvestment_rate": 48.52,
            "research_to_sale_ratio": 6.06,
            "price_fair": 50.59,
            "eps_avg_yearly": 2.27,
            "eps_latest_yearly": 2.28,
            "eps_growth_yearly": 12.33
        },
        "20191": {
            "year_quarter": 20191,
            "year": 2019,
            "quarter": 1,
            "eps": 0.51,
            "eps_growth_year": 24.39,
            "eps_4q": 2.11,
            "eps_4q_growth_year": -7.85,
            "roe": 1.84,
            "roe_4q": 8.38,
            "gross_profit": 843718,
            "gross_margin": 12.2,
            "gross_margin_4q_avg": 12.06,
            "net_income": 169108,
            "net_income_4q": null,
            "revenue": 6914223,
            "revenue_4q": null,
            "common_shares": 3533101,
            "book_valuer_per_share": 25.99,
            "book_valuer_per_share_4q_avg": 24.81,
            "equity": 9415086,
            "current_ratio": 133.34,
            "debt_ratio": 69.43,
            "inventory_turnover_ratio": 0.77,
            "account_receivable_turnover_ratio": 1.43,
            "reinvestment_rate": 46.3,
            "research_to_sale_ratio": 5.84,
            "price_fair": 44.97,
            "eps_avg_yearly": 2.28,
            "eps_latest_yearly": 2.04,
            "eps_growth_yearly": 9.7
        },
        "20192": {
            "year_quarter": 20192,
            "year": 2019,
            "quarter": 2,
            "eps": 0.65,
            "eps_growth_year": 30,
            "eps_4q": 2.26,
            "eps_4q_growth_year": 3.01,
            "roe": 2.48,
            "roe_4q": 8.72,
            "gross_profit": 957797,
            "gross_margin": 10.1,
            "gross_margin_4q_avg": 11.76,
            "net_income": 230968,
            "net_income_4q": null,
            "revenue": 9484025,
            "revenue_4q": null,
            "common_shares": 3533101,
            "book_valuer_per_share": 25.33,
            "book_valuer_per_share_4q_avg": 25.04,
            "equity": 9179511,
            "current_ratio": 130.01,
            "debt_ratio": 70.41,
            "inventory_turnover_ratio": 1.11,
            "account_receivable_turnover_ratio": 2.01,
            "reinvestment_rate": 44.84,
            "research_to_sale_ratio": 5.06,
            "price_fair": 63.43,
            "eps_avg_yearly": 2.34,
            "eps_latest_yearly": 2.6,
            "eps_growth_yearly": 17.13
        },
        "20193": {
            "year_quarter": 20193,
            "year": 2019,
            "quarter": 3,
            "eps": 0.74,
            "eps_growth_year": 39.62,
            "eps_4q": 2.46,
            "eps_4q_growth_year": 21.4,
            "roe": 2.97,
            "roe_4q": 9.35,
            "gross_profit": 1107180,
            "gross_margin": 11.17,
            "gross_margin_4q_avg": 11.49,
            "net_income": 271138,
            "net_income_4q": null,
            "revenue": 9914834,
            "revenue_4q": null,
            "common_shares": 3533101,
            "book_valuer_per_share": 25.02,
            "book_valuer_per_share_4q_avg": 25.29,
            "equity": 9074861,
            "current_ratio": 128.91,
            "debt_ratio": 71.4,
            "inventory_turnover_ratio": 1.26,
            "account_receivable_turnover_ratio": 1.67,
            "reinvestment_rate": 34.36,
            "research_to_sale_ratio": 4.98,
            "price_fair": 46.28,
            "eps_avg_yearly": 2.37,
            "eps_latest_yearly": 2.96,
            "eps_growth_yearly": 9.55
        },
        "20194": {
            "year_quarter": 20194,
            "year": 2019,
            "quarter": 4,
            "eps": 0.82,
            "eps_growth_year": 43.55,
            "eps_4q": 2.71,
            "eps_4q_growth_year": 34.69,
            "roe": 3.28,
            "roe_4q": 10.57,
            "gross_profit": 1405604,
            "gross_margin": 13.75,
            "gross_margin_4q_avg": 11.81,
            "net_income": 301879,
            "net_income_4q": null,
            "revenue": 10221363,
            "revenue_4q": null,
            "common_shares": 3533101,
            "book_valuer_per_share": 25.41,
            "book_valuer_per_share_4q_avg": 25.44,
            "equity": 9333910,
            "current_ratio": 125.85,
            "debt_ratio": 73.75,
            "inventory_turnover_ratio": 1.18,
            "account_receivable_turnover_ratio": 1.45,
            "reinvestment_rate": 39.04,
            "research_to_sale_ratio": 5.48,
            "price_fair": 54.82,
            "eps_avg_yearly": 2.42,
            "eps_latest_yearly": 3.28,
            "eps_growth_yearly": 12.65
        },
        "20201": {
            "year_quarter": 20201,
            "year": 2020,
            "quarter": 1,
            "eps": 0.55,
            "eps_growth_year": 7.84,
            "eps_4q": 2.75,
            "eps_4q_growth_year": 30.13,
            "roe": 2.14,
            "roe_4q": 10.870000000000001,
            "gross_profit": 889135,
            "gross_margin": 11.88,
            "gross_margin_4q_avg": 11.73,
            "net_income": 200626,
            "net_income_4q": null,
            "revenue": 7486551,
            "revenue_4q": null,
            "common_shares": 3533101,
            "book_valuer_per_share": 25.67,
            "book_valuer_per_share_4q_avg": 25.36,
            "equity": 9441967,
            "current_ratio": 124.1,
            "debt_ratio": 73.84,
            "inventory_turnover_ratio": 0.73,
            "account_receivable_turnover_ratio": 1.38,
            "reinvestment_rate": 36.29,
            "research_to_sale_ratio": 5.34,
            "price_fair": 35.71,
            "eps_avg_yearly": 2.41,
            "eps_latest_yearly": 2.2,
            "eps_growth_yearly": 4.83
        },
        "20202": {
            "year_quarter": 20202,
            "year": 2020,
            "quarter": 2,
            "eps": 1.61,
            "eps_growth_year": 147.69,
            "eps_4q": 3.7,
            "eps_4q_growth_year": 63.61,
            "roe": 6.52,
            "roe_4q": 14.91,
            "gross_profit": 1662361,
            "gross_margin": 14.32,
            "gross_margin_4q_avg": 12.78,
            "net_income": 620232,
            "net_income_4q": null,
            "revenue": 11604824,
            "revenue_4q": null,
            "common_shares": 3533101,
            "book_valuer_per_share": 25.46,
            "book_valuer_per_share_4q_avg": 25.39,
            "equity": 9570122,
            "current_ratio": 121.55,
            "debt_ratio": 74.42,
            "inventory_turnover_ratio": 1.04,
            "account_receivable_turnover_ratio": 2.56,
            "reinvestment_rate": 26.98,
            "research_to_sale_ratio": 4.01,
            "price_fair": 93.8,
            "eps_avg_yearly": 2.68,
            "eps_latest_yearly": 6.44,
            "eps_growth_yearly": 56.35
        },
        "20203": {
            "year_quarter": 20203,
            "year": 2020,
            "quarter": 3,
            "eps": 1.81,
            "eps_growth_year": 144.59,
            "eps_4q": 4.78,
            "eps_4q_growth_year": 94.07,
            "roe": 6.64,
            "roe_4q": 18.580000000000002,
            "gross_profit": 1812527,
            "gross_margin": 18.04,
            "gross_margin_4q_avg": 14.5,
            "net_income": 662533,
            "net_income_4q": null,
            "revenue": 10048192,
            "revenue_4q": null,
            "common_shares": 3533101,
            "book_valuer_per_share": 27.7,
            "book_valuer_per_share_4q_avg": 26.06,
            "equity": 10386428,
            "current_ratio": 132.06,
            "debt_ratio": 73.05,
            "inventory_turnover_ratio": 0.87,
            "account_receivable_turnover_ratio": 1.84,
            "reinvestment_rate": 28.53,
            "research_to_sale_ratio": 5.58,
            "price_fair": 104.3,
            "eps_avg_yearly": 2.98,
            "eps_latest_yearly": 7.24,
            "eps_growth_yearly": 55.13
        },
        "20204": {
            "year_quarter": 20204,
            "year": 2020,
            "quarter": 4,
            "eps": 1.46,
            "eps_growth_year": 78.56,
            "eps_4q": 5.42,
            "eps_4q_growth_year": 99.99,
            "roe": 5.46,
            "roe_4q": 20.759999999999998,
            "gross_profit": 1867700,
            "gross_margin": 17.74,
            "gross_margin_4q_avg": 15.5,
            "net_income": 591309,
            "net_income_4q": null,
            "revenue": 10525967,
            "revenue_4q": null,
            "common_shares": 3533101,
            "book_valuer_per_share": 29.94,
            "book_valuer_per_share_4q_avg": 27.19,
            "equity": 11288338,
            "current_ratio": 135.76,
            "debt_ratio": 72.25,
            "inventory_turnover_ratio": 0.82,
            "account_receivable_turnover_ratio": 2.21,
            "reinvestment_rate": 42.23,
            "research_to_sale_ratio": 4.77,
            "price_fair": 110.86,
            "eps_avg_yearly": 3.17,
            "eps_latest_yearly": 5.84,
            "eps_growth_yearly": 46.19
        },
        "20211": {
            "year_quarter": 20211,
            "year": 2021,
            "quarter": 1,
            "eps": 1.53,
            "eps_growth_year": 178.18,
            "eps_4q": 6.4,
            "eps_4q_growth_year": 132.69,
            "roe": 5.73,
            "roe_4q": 24.35,
            "gross_profit": 1667191,
            "gross_margin": 15.73,
            "gross_margin_4q_avg": 16.46,
            "net_income": 634256,
            "net_income_4q": null,
            "revenue": 10598796,
            "revenue_4q": null,
            "common_shares": 3533101,
            "book_valuer_per_share": 28.43,
            "book_valuer_per_share_4q_avg": 27.88,
            "equity": 10848966,
            "current_ratio": 130.3,
            "debt_ratio": 73.56,
            "inventory_turnover_ratio": 0.75,
            "account_receivable_turnover_ratio": 2.69,
            "reinvestment_rate": 42.8,
            "research_to_sale_ratio": 5.19,
            "price_fair": 118.83,
            "eps_avg_yearly": 3.4,
            "eps_latest_yearly": 6.12,
            "eps_growth_yearly": 50.56
        },
        "20212": {
            "year_quarter": 20212,
            "year": 2021,
            "quarter": 2,
            "eps": 2.25,
            "eps_growth_year": 39.75,
            "eps_4q": 7.05,
            "eps_4q_growth_year": 90.31,
            "roe": 8.25,
            "roe_4q": 26.080000000000002,
            "gross_profit": 2309848,
            "gross_margin": 18.12,
            "gross_margin_4q_avg": 17.41,
            "net_income": 952159,
            "net_income_4q": null,
            "revenue": 12748781,
            "revenue_4q": null,
            "common_shares": 3533101,
            "book_valuer_per_share": 30.41,
            "book_valuer_per_share_4q_avg": 29.12,
            "equity": 12228341,
            "current_ratio": 136.78,
            "debt_ratio": 71.76,
            "inventory_turnover_ratio": 0.85,
            "account_receivable_turnover_ratio": 3.3,
            "reinvestment_rate": 32.83,
            "research_to_sale_ratio": 5.06,
            "price_fair": 133.26,
            "eps_avg_yearly": 3.81,
            "eps_latest_yearly": 9,
            "eps_growth_yearly": 63.13
        },
        "20213": {
            "year_quarter": 20213,
            "year": 2021,
            "quarter": 3,
            "eps": 2.42,
            "eps_growth_year": 33.7,
            "eps_4q": 7.65,
            "eps_4q_growth_year": 60.05,
            "roe": 7.47,
            "roe_4q": 26.91,
            "gross_profit": 2135941,
            "gross_margin": 18.14,
            "gross_margin_4q_avg": 17.43,
            "net_income": 949196,
            "net_income_4q": null,
            "revenue": 11772620,
            "revenue_4q": null,
            "common_shares": 3533101,
            "book_valuer_per_share": 32.81,
            "book_valuer_per_share_4q_avg": 30.4,
            "equity": 13170613,
            "current_ratio": 139.44,
            "debt_ratio": 71.19,
            "inventory_turnover_ratio": 0.77,
            "account_receivable_turnover_ratio": 2.82,
            "reinvestment_rate": 28.93,
            "research_to_sale_ratio": 5.24,
            "price_fair": 148.23,
            "eps_avg_yearly": 4.24,
            "eps_latest_yearly": 9.68,
            "eps_growth_yearly": 60.44
        },
        "20214": {
            "year_quarter": 20214,
            "year": 2021,
            "quarter": 4,
            "eps": 2.01,
            "eps_growth_year": 38.2,
            "eps_4q": 8.21,
            "eps_4q_growth_year": 51.4,
            "roe": 5.83,
            "roe_4q": 27.28,
            "gross_profit": 2272701,
            "gross_margin": 18.61,
            "gross_margin_4q_avg": 17.65,
            "net_income": 794283,
            "net_income_4q": null,
            "revenue": 12212542,
            "revenue_4q": null,
            "common_shares": 3533101,
            "book_valuer_per_share": 35.13,
            "book_valuer_per_share_4q_avg": 31.7,
            "equity": 14084926,
            "current_ratio": 138.09,
            "debt_ratio": 72.31,
            "inventory_turnover_ratio": 0.7,
            "account_receivable_turnover_ratio": 2.32,
            "reinvestment_rate": 27.51,
            "research_to_sale_ratio": 4.53,
            "price_fair": 160.74,
            "eps_avg_yearly": 4.59,
            "eps_latest_yearly": 8.04,
            "eps_growth_yearly": 60.78
        },
        "20221": {
            "year_quarter": 20221,
            "year": 2022,
            "quarter": 1,
            "eps": 2.11,
            "eps_growth_year": 37.91,
            "eps_4q": 8.79,
            "eps_4q_growth_year": 37.27,
            "roe": 6.26,
            "roe_4q": 27.81,
            "gross_profit": 2268952,
            "gross_margin": 18.02,
            "gross_margin_4q_avg": 18.22,
            "net_income": 880304,
            "net_income_4q": null,
            "revenue": 12592841,
            "revenue_4q": null,
            "common_shares": 3533101,
            "book_valuer_per_share": 34.48,
            "book_valuer_per_share_4q_avg": 33.21,
            "equity": 14037599,
            "current_ratio": 129.72,
            "debt_ratio": 74.43,
            "inventory_turnover_ratio": 0.63,
            "account_receivable_turnover_ratio": 2.08,
            "reinvestment_rate": 26.81,
            "research_to_sale_ratio": 4.8,
            "price_fair": 175.61,
            "eps_avg_yearly": 5.02,
            "eps_latest_yearly": 8.44,
            "eps_growth_yearly": 69.35
        },
        "20222": {
            "year_quarter": 20222,
            "year": 2022,
            "quarter": 2,
            "eps": 3.1,
            "eps_growth_year": 37.78,
            "eps_4q": 9.64,
            "eps_4q_growth_year": 36.81,
            "roe": 8.31,
            "roe_4q": 27.869999999999997,
            "gross_profit": 2766336,
            "gross_margin": 20.1,
            "gross_margin_4q_avg": 18.72,
            "net_income": 1199057,
            "net_income_4q": null,
            "revenue": 13764052,
            "revenue_4q": null,
            "common_shares": 3533101,
            "book_valuer_per_share": 37.11,
            "book_valuer_per_share_4q_avg": 34.88,
            "equity": 14830402,
            "current_ratio": 129.48,
            "debt_ratio": 74.99,
            "inventory_turnover_ratio": 0.59,
            "account_receivable_turnover_ratio": 2.35,
            "reinvestment_rate": 28.01,
            "research_to_sale_ratio": 5.85,
            "price_fair": 198.36,
            "eps_avg_yearly": 5.67,
            "eps_latest_yearly": 12.4,
            "eps_growth_yearly": 75.59
        },
        "20223": {
            "year_quarter": 20223,
            "year": 2022,
            "quarter": 3,
            "eps": 3.51,
            "eps_growth_year": 45.04,
            "eps_4q": 10.73,
            "eps_4q_growth_year": 40.22,
            "roe": 8.52,
            "roe_4q": 28.919999999999995,
            "gross_profit": 3020007,
            "gross_margin": 20.29,
            "gross_margin_4q_avg": 19.26,
            "net_income": 1335978,
            "net_income_4q": null,
            "revenue": 14882645,
            "revenue_4q": null,
            "common_shares": 3533101,
            "book_valuer_per_share": 41.62,
            "book_valuer_per_share_4q_avg": 37.09,
            "equity": 16534137,
            "current_ratio": 133.66,
            "debt_ratio": 73,
            "inventory_turnover_ratio": 0.6,
            "account_receivable_turnover_ratio": 2.69,
            "reinvestment_rate": 31.99,
            "research_to_sale_ratio": 5.48,
            "price_fair": 224.44,
            "eps_avg_yearly": 6.41,
            "eps_latest_yearly": 14.04,
            "eps_growth_yearly": 77.4
        },
        "20224": {
            "year_quarter": 20224,
            "year": 2022,
            "quarter": 4,
            "eps": 3.06,
            "eps_growth_year": 52.12,
            "eps_4q": 11.78,
            "eps_4q_growth_year": 43.5,
            "roe": 7.08,
            "roe_4q": 30.17,
            "gross_profit": 2794322,
            "gross_margin": 18.91,
            "gross_margin_4q_avg": 19.33,
            "net_income": 1202450,
            "net_income_4q": null,
            "revenue": 14777016,
            "revenue_4q": null,
            "common_shares": 3533101,
            "book_valuer_per_share": 43.86,
            "book_valuer_per_share_4q_avg": 39.27,
            "equity": 17423084,
            "current_ratio": 138.34,
            "debt_ratio": 71.19,
            "inventory_turnover_ratio": 0.65,
            "account_receivable_turnover_ratio": 2.98,
            "reinvestment_rate": 32.68,
            "research_to_sale_ratio": 4.46,
            "price_fair": 246.23,
            "eps_avg_yearly": 7.04,
            "eps_latest_yearly": 12.24,
            "eps_growth_yearly": 72.31
        },
        "20231": {
            "year_quarter": 20231,
            "year": 2023,
            "quarter": 1,
            "eps": 2.85,
            "eps_growth_year": 35.07,
            "eps_4q": 9.34,
            "eps_4q_growth_year": 6.24,
            "roe": 6.05,
            "roe_4q": 29.96,
            "gross_profit": 2336103,
            "gross_margin": 19.74,
            "gross_margin_4q_avg": 19.76,
            "net_income": 1068074,
            "net_income_4q": null,
            "revenue": 11834538,
            "revenue_4q": null,
            "common_shares": 3533101,
            "book_valuer_per_share": 43.9,
            "book_valuer_per_share_4q_avg": 41.62,
            "equity": 17867330,
            "current_ratio": 140.01,
            "debt_ratio": 70.43,
            "inventory_turnover_ratio": 0.56,
            "account_receivable_turnover_ratio": 2.69,
            "reinvestment_rate": 36.39,
            "research_to_sale_ratio": 5.31,
            "price_fair": 266.7,
            "eps_avg_yearly": 7.62,
            "eps_latest_yearly": 11.4,
            "eps_growth_yearly": 73.22
        },
        "20232": {
            "year_quarter": 20232,
            "year": 2023,
            "quarter": 2,
            "eps": 3.18,
            "eps_growth_year": 2.58,
            "eps_4q": 11.81,
            "eps_4q_growth_year": 22.52,
            "roe": 7.01,
            "roe_4q": 28.66,
            "gross_profit": 2991004,
            "gross_margin": 20.11,
            "gross_margin_4q_avg": 19.76,
            "net_income": 1345412,
            "net_income_4q": null,
            "revenue": 14870889,
            "revenue_4q": null,
            "common_shares": 3833101,
            "book_valuer_per_share": 48.57,
            "book_valuer_per_share_4q_avg": 44.49,
            "equity": 20503774,
            "current_ratio": 143.99,
            "debt_ratio": 66.37,
            "inventory_turnover_ratio": 0.74,
            "account_receivable_turnover_ratio": 3.33,
            "reinvestment_rate": 36.85,
            "research_to_sale_ratio": 5.88,
            "price_fair": 288.84,
            "eps_avg_yearly": 8.25,
            "eps_latest_yearly": 12.72,
            "eps_growth_yearly": 69.26
        },
        "20233": {
            "year_quarter": 20233,
            "year": 2023,
            "quarter": 3,
            "eps": 3.72,
            "eps_growth_year": 5.98,
            "eps_4q": 12.3,
            "eps_4q_growth_year": 14.62,
            "roe": 7.35,
            "roe_4q": 27.490000000000002,
            "gross_profit": 3415523,
            "gross_margin": 21.66,
            "gross_margin_4q_avg": 20.11,
            "net_income": 1585655,
            "net_income_4q": null,
            "revenue": 15768820,
            "revenue_4q": null,
            "common_shares": 3833101,
            "book_valuer_per_share": 53.6,
            "book_valuer_per_share_4q_avg": 47.48,
            "equity": 22648240,
            "current_ratio": 144,
            "debt_ratio": 65.76,
            "inventory_turnover_ratio": 0.79,
            "account_receivable_turnover_ratio": 2.52,
            "reinvestment_rate": 36.76,
            "research_to_sale_ratio": 5.33,
            "price_fair": 314.91,
            "eps_avg_yearly": 9,
            "eps_latest_yearly": 14.88,
            "eps_growth_yearly": 70.04
        }
    },
    "months": {
        "2002-09": {
            "month": "2002-09",
            "price": "39.55",
            "revenue": 430161
        },
        "2002-10": {
            "month": "2002-10",
            "price": "41.13",
            "revenue": 471329
        },
        "2002-11": {
            "month": "2002-11",
            "price": "42.90",
            "revenue": 456170
        },
        "2002-12": {
            "month": "2002-12",
            "price": "40.70",
            "revenue": 387541
        },
        "2003-01": {
            "month": "2003-01",
            "price": "36.01",
            "revenue": 343017
        },
        "2003-02": {
            "month": "2003-02",
            "price": "31.02",
            "revenue": 291321
        },
        "2003-03": {
            "month": "2003-03",
            "price": "30.73",
            "revenue": 401953
        },
        "2003-04": {
            "month": "2003-04",
            "price": "27.87",
            "revenue": 380891
        },
        "2003-05": {
            "month": "2003-05",
            "price": "26.08",
            "revenue": 331475
        },
        "2003-06": {
            "month": "2003-06",
            "price": "33.84",
            "revenue": 401332
        },
        "2003-07": {
            "month": "2003-07",
            "price": "34.20",
            "revenue": 413468
        },
        "2003-08": {
            "month": "2003-08",
            "price": "30.74",
            "revenue": 452725
        },
        "2003-09": {
            "month": "2003-09",
            "price": "29.04",
            "revenue": 506286
        },
        "2003-10": {
            "month": "2003-10",
            "price": "30.09",
            "revenue": 605907
        },
        "2003-11": {
            "month": "2003-11",
            "price": "35.66",
            "revenue": 627551
        },
        "2003-12": {
            "month": "2003-12",
            "price": "41.02",
            "revenue": 617396
        },
        "2004-01": {
            "month": "2004-01",
            "price": "41.91",
            "revenue": 527418
        },
        "2004-02": {
            "month": "2004-02",
            "price": "44.96",
            "revenue": 512968
        },
        "2004-03": {
            "month": "2004-03",
            "price": "44.21",
            "revenue": 565719
        },
        "2004-04": {
            "month": "2004-04",
            "price": "47.44",
            "revenue": 643449
        },
        "2004-05": {
            "month": "2004-05",
            "price": "44.75",
            "revenue": 586406
        },
        "2004-06": {
            "month": "2004-06",
            "price": "41.94",
            "revenue": 686446
        },
        "2004-07": {
            "month": "2004-07",
            "price": "36.96",
            "revenue": 576496
        },
        "2004-08": {
            "month": "2004-08",
            "price": "36.72",
            "revenue": 626843
        },
        "2004-09": {
            "month": "2004-09",
            "price": "33.37",
            "revenue": 703574
        },
        "2004-10": {
            "month": "2004-10",
            "price": "29.97",
            "revenue": 684803
        },
        "2004-11": {
            "month": "2004-11",
            "price": "27.37",
            "revenue": 755825
        },
        "2004-12": {
            "month": "2004-12",
            "price": "26.09",
            "revenue": 755371
        },
        "2005-01": {
            "month": "2005-01",
            "price": "24.67",
            "revenue": 736472
        },
        "2005-02": {
            "month": "2005-02",
            "price": "26.32",
            "revenue": 558886
        },
        "2005-03": {
            "month": "2005-03",
            "price": "27.63",
            "revenue": 796772
        },
        "2005-04": {
            "month": "2005-04",
            "price": "25.52",
            "revenue": 760209
        },
        "2005-05": {
            "month": "2005-05",
            "price": "20.15",
            "revenue": 717694
        },
        "2005-06": {
            "month": "2005-06",
            "price": "24.22",
            "revenue": 826893
        },
        "2005-07": {
            "month": "2005-07",
            "price": "26.15",
            "revenue": 741377
        },
        "2005-08": {
            "month": "2005-08",
            "price": "22.75",
            "revenue": 744200
        },
        "2005-09": {
            "month": "2005-09",
            "price": "18.10",
            "revenue": 848714
        },
        "2005-10": {
            "month": "2005-10",
            "price": "17.11",
            "revenue": 906671
        },
        "2005-11": {
            "month": "2005-11",
            "price": "14.44",
            "revenue": 890550
        },
        "2005-12": {
            "month": "2005-12",
            "price": "17.48",
            "revenue": 971568
        },
        "2006-01": {
            "month": "2006-01",
            "price": "18.13",
            "revenue": 593754
        },
        "2006-02": {
            "month": "2006-02",
            "price": "16.76",
            "revenue": 610244
        },
        "2006-03": {
            "month": "2006-03",
            "price": "15.62",
            "revenue": 993899
        },
        "2006-04": {
            "month": "2006-04",
            "price": "16.54",
            "revenue": 929892
        },
        "2006-05": {
            "month": "2006-05",
            "price": "17.79",
            "revenue": 784435
        },
        "2006-06": {
            "month": "2006-06",
            "price": "16.14",
            "revenue": 866204
        },
        "2006-07": {
            "month": "2006-07",
            "price": "15.55",
            "revenue": 946500
        },
        "2006-08": {
            "month": "2006-08",
            "price": "15.06",
            "revenue": 1011514
        },
        "2006-09": {
            "month": "2006-09",
            "price": "15.03",
            "revenue": 1255194
        },
        "2006-10": {
            "month": "2006-10",
            "price": "15.98",
            "revenue": 1533139
        },
        "2006-11": {
            "month": "2006-11",
            "price": "18.21",
            "revenue": 1620278
        },
        "2006-12": {
            "month": "2006-12",
            "price": "18.88",
            "revenue": 1638190
        },
        "2007-01": {
            "month": "2007-01",
            "price": "21.35",
            "revenue": 1651158
        },
        "2007-02": {
            "month": "2007-02",
            "price": "21.04",
            "revenue": 985847
        },
        "2007-03": {
            "month": "2007-03",
            "price": "25.82",
            "revenue": 1741913
        },
        "2007-04": {
            "month": "2007-04",
            "price": "29.13",
            "revenue": 1751081
        },
        "2007-05": {
            "month": "2007-05",
            "price": "28.73",
            "revenue": 1321842
        },
        "2007-06": {
            "month": "2007-06",
            "price": "30.48",
            "revenue": 1324448
        },
        "2007-07": {
            "month": "2007-07",
            "price": "35.78",
            "revenue": 1408647
        },
        "2007-08": {
            "month": "2007-08",
            "price": "34.94",
            "revenue": 1276942
        },
        "2007-09": {
            "month": "2007-09",
            "price": "35.05",
            "revenue": 1715439
        },
        "2007-10": {
            "month": "2007-10",
            "price": "33.88",
            "revenue": 1451477
        },
        "2007-11": {
            "month": "2007-11",
            "price": "25.34",
            "revenue": 1525564
        },
        "2007-12": {
            "month": "2007-12",
            "price": "22.31",
            "revenue": 1529716
        },
        "2008-01": {
            "month": "2008-01",
            "price": "20.50",
            "revenue": 1126251
        },
        "2008-02": {
            "month": "2008-02",
            "price": "20.84",
            "revenue": 1022640
        },
        "2008-03": {
            "month": "2008-03",
            "price": "21.69",
            "revenue": 1122935
        },
        "2008-04": {
            "month": "2008-04",
            "price": "20.54",
            "revenue": 956335
        },
        "2008-05": {
            "month": "2008-05",
            "price": "25.53",
            "revenue": 1135600
        },
        "2008-06": {
            "month": "2008-06",
            "price": "22.94",
            "revenue": 1250594
        },
        "2008-07": {
            "month": "2008-07",
            "price": "17.77",
            "revenue": 1297426
        },
        "2008-08": {
            "month": "2008-08",
            "price": "20.92",
            "revenue": 1363738
        },
        "2008-09": {
            "month": "2008-09",
            "price": "16.74",
            "revenue": 1394775
        },
        "2008-10": {
            "month": "2008-10",
            "price": "15.29",
            "revenue": 1357401
        },
        "2008-11": {
            "month": "2008-11",
            "price": "12.23",
            "revenue": 1162101
        },
        "2008-12": {
            "month": "2008-12",
            "price": "13.31",
            "revenue": 1120723
        },
        "2009-01": {
            "month": "2009-01",
            "price": "13.78",
            "revenue": 783780
        },
        "2009-02": {
            "month": "2009-02",
            "price": "14.85",
            "revenue": 1160390
        },
        "2009-03": {
            "month": "2009-03",
            "price": "17.40",
            "revenue": 1291628
        },
        "2009-04": {
            "month": "2009-04",
            "price": "18.80",
            "revenue": 1227651
        },
        "2009-05": {
            "month": "2009-05",
            "price": "20.87",
            "revenue": 1113747
        },
        "2009-06": {
            "month": "2009-06",
            "price": "18.71",
            "revenue": 1243245
        },
        "2009-07": {
            "month": "2009-07",
            "price": "23.16",
            "revenue": 1190147
        },
        "2009-08": {
            "month": "2009-08",
            "price": "27.73",
            "revenue": 1268634
        },
        "2009-09": {
            "month": "2009-09",
            "price": "33.35",
            "revenue": 1503356
        },
        "2009-10": {
            "month": "2009-10",
            "price": "36.47",
            "revenue": 1302449
        },
        "2009-11": {
            "month": "2009-11",
            "price": "35.77",
            "revenue": 1440993
        },
        "2009-12": {
            "month": "2009-12",
            "price": "39.62",
            "revenue": 1611295
        },
        "2010-01": {
            "month": "2010-01",
            "price": "37.61",
            "revenue": 1564250
        },
        "2010-02": {
            "month": "2010-02",
            "price": "33.41",
            "revenue": 1165367
        },
        "2010-03": {
            "month": "2010-03",
            "price": "35.40",
            "revenue": 1658371
        },
        "2010-04": {
            "month": "2010-04",
            "price": "38.17",
            "revenue": 1825108
        },
        "2010-05": {
            "month": "2010-05",
            "price": "38.74",
            "revenue": 1880126
        },
        "2010-06": {
            "month": "2010-06",
            "price": "38.61",
            "revenue": 1911448
        },
        "2010-07": {
            "month": "2010-07",
            "price": "39.48",
            "revenue": 1700925
        },
        "2010-08": {
            "month": "2010-08",
            "price": "38.04",
            "revenue": 1666489
        },
        "2010-09": {
            "month": "2010-09",
            "price": "35.37",
            "revenue": 1713233
        },
        "2010-10": {
            "month": "2010-10",
            "price": "33.80",
            "revenue": 1660098
        },
        "2010-11": {
            "month": "2010-11",
            "price": "32.68",
            "revenue": 1768358
        },
        "2010-12": {
            "month": "2010-12",
            "price": "35.08",
            "revenue": 1732149
        },
        "2011-01": {
            "month": "2011-01",
            "price": "33.75",
            "revenue": 1605010
        },
        "2011-02": {
            "month": "2011-02",
            "price": "31.20",
            "revenue": 1413116
        },
        "2011-03": {
            "month": "2011-03",
            "price": "33.41",
            "revenue": 1957910
        },
        "2011-04": {
            "month": "2011-04",
            "price": "32.73",
            "revenue": 1809112
        },
        "2011-05": {
            "month": "2011-05",
            "price": "32.25",
            "revenue": 1475220
        },
        "2011-06": {
            "month": "2011-06",
            "price": "31.89",
            "revenue": 1532930
        },
        "2011-07": {
            "month": "2011-07",
            "price": "28.48",
            "revenue": 1599528
        },
        "2011-08": {
            "month": "2011-08",
            "price": "23.36",
            "revenue": 1560315
        },
        "2011-09": {
            "month": "2011-09",
            "price": "22.83",
            "revenue": 1573653
        },
        "2011-10": {
            "month": "2011-10",
            "price": "19.52",
            "revenue": 1452908
        },
        "2011-11": {
            "month": "2011-11",
            "price": "21.17",
            "revenue": 1565523
        },
        "2011-12": {
            "month": "2011-12",
            "price": "19.62",
            "revenue": 1543393
        },
        "2012-01": {
            "month": "2012-01",
            "price": "19.55",
            "revenue": 1154630
        },
        "2012-02": {
            "month": "2012-02",
            "price": "23.00",
            "revenue": 1409616
        },
        "2012-03": {
            "month": "2012-03",
            "price": "22.37",
            "revenue": 1470877
        },
        "2012-04": {
            "month": "2012-04",
            "price": "18.74",
            "revenue": 1443440
        },
        "2012-05": {
            "month": "2012-05",
            "price": "16.77",
            "revenue": 1536451
        },
        "2012-06": {
            "month": "2012-06",
            "price": "15.06",
            "revenue": 1488303
        },
        "2012-07": {
            "month": "2012-07",
            "price": "15.59",
            "revenue": 1524307
        },
        "2012-08": {
            "month": "2012-08",
            "price": "16.56",
            "revenue": 1529552
        },
        "2012-09": {
            "month": "2012-09",
            "price": "16.98",
            "revenue": 1548835
        },
        "2012-10": {
            "month": "2012-10",
            "price": "15.14",
            "revenue": 1508764
        },
        "2012-11": {
            "month": "2012-11",
            "price": "13.25",
            "revenue": 1584715
        },
        "2012-12": {
            "month": "2012-12",
            "price": "13.95",
            "revenue": 1582757
        },
        "2013-01": {
            "month": "2013-01",
            "price": "16.30",
            "revenue": 1442678
        },
        "2013-02": {
            "month": "2013-02",
            "price": "16.11",
            "revenue": 1215921
        },
        "2013-03": {
            "month": "2013-03",
            "price": "15.81",
            "revenue": 1532800
        },
        "2013-04": {
            "month": "2013-04",
            "price": "14.29",
            "revenue": 1563259
        },
        "2013-05": {
            "month": "2013-05",
            "price": "14.69",
            "revenue": 1662267
        },
        "2013-06": {
            "month": "2013-06",
            "price": "14.40",
            "revenue": 1645035
        },
        "2013-07": {
            "month": "2013-07",
            "price": "14.82",
            "revenue": 1737538
        },
        "2013-08": {
            "month": "2013-08",
            "price": "15.89",
            "revenue": 1737505
        },
        "2013-09": {
            "month": "2013-09",
            "price": "16.51",
            "revenue": 1683973
        },
        "2013-10": {
            "month": "2013-10",
            "price": "16.10",
            "revenue": 1815053
        },
        "2013-11": {
            "month": "2013-11",
            "price": "16.97",
            "revenue": 1919666
        },
        "2013-12": {
            "month": "2013-12",
            "price": "19.12",
            "revenue": 2033937
        },
        "2014-01": {
            "month": "2014-01",
            "price": "20.90",
            "revenue": 1719446
        },
        "2014-02": {
            "month": "2014-02",
            "price": "19.93",
            "revenue": 1737852
        },
        "2014-03": {
            "month": "2014-03",
            "price": "22.65",
            "revenue": 2141120
        },
        "2014-04": {
            "month": "2014-04",
            "price": "21.10",
            "revenue": 2201305
        },
        "2014-05": {
            "month": "2014-05",
            "price": "21.68",
            "revenue": 2046321
        },
        "2014-06": {
            "month": "2014-06",
            "price": "23.60",
            "revenue": 1992792
        },
        "2014-07": {
            "month": "2014-07",
            "price": "24.00",
            "revenue": 2079991
        },
        "2014-08": {
            "month": "2014-08",
            "price": "24.05",
            "revenue": 2018310
        },
        "2014-09": {
            "month": "2014-09",
            "price": "22.90",
            "revenue": 2033072
        },
        "2014-10": {
            "month": "2014-10",
            "price": "19.96",
            "revenue": 2001871
        },
        "2014-11": {
            "month": "2014-11",
            "price": "21.20",
            "revenue": 1990375
        },
        "2014-12": {
            "month": "2014-12",
            "price": "23.14",
            "revenue": 2084258
        },
        "2015-01": {
            "month": "2015-01",
            "price": "24.61",
            "revenue": 2117932
        },
        "2015-02": {
            "month": "2015-02",
            "price": "23.76",
            "revenue": 1755197
        },
        "2015-03": {
            "month": "2015-03",
            "price": "25.43",
            "revenue": 2014337
        },
        "2015-04": {
            "month": "2015-04",
            "price": "27.77",
            "revenue": 2152121
        },
        "2015-05": {
            "month": "2015-05",
            "price": "26.08",
            "revenue": 2005548
        },
        "2015-06": {
            "month": "2015-06",
            "price": "26.67",
            "revenue": 2064185
        },
        "2015-07": {
            "month": "2015-07",
            "price": "24.91",
            "revenue": 2209575
        },
        "2015-08": {
            "month": "2015-08",
            "price": "20.86",
            "revenue": 2233259
        },
        "2015-09": {
            "month": "2015-09",
            "price": "23.50",
            "revenue": 2394747
        },
        "2015-10": {
            "month": "2015-10",
            "price": "26.18",
            "revenue": 2309684
        },
        "2015-11": {
            "month": "2015-11",
            "price": "26.45",
            "revenue": 2269878
        },
        "2015-12": {
            "month": "2015-12",
            "price": "30.44",
            "revenue": 2148096
        },
        "2016-01": {
            "month": "2016-01",
            "price": "27.41",
            "revenue": 2263334
        },
        "2016-02": {
            "month": "2016-02",
            "price": "29.63",
            "revenue": 1851509
        },
        "2016-03": {
            "month": "2016-03",
            "price": "29.28",
            "revenue": 2292260
        },
        "2016-04": {
            "month": "2016-04",
            "price": "27.26",
            "revenue": 2035756
        },
        "2016-05": {
            "month": "2016-05",
            "price": "23.92",
            "revenue": 2038537
        },
        "2016-06": {
            "month": "2016-06",
            "price": "23.98",
            "revenue": 2265839
        },
        "2016-07": {
            "month": "2016-07",
            "price": "25.14",
            "revenue": 2003850
        },
        "2016-08": {
            "month": "2016-08",
            "price": "25.32",
            "revenue": 2208400
        },
        "2016-09": {
            "month": "2016-09",
            "price": "24.93",
            "revenue": 2352764
        },
        "2016-10": {
            "month": "2016-10",
            "price": "24.17",
            "revenue": 2217682
        },
        "2016-11": {
            "month": "2016-11",
            "price": "23.33",
            "revenue": 2519377
        },
        "2016-12": {
            "month": "2016-12",
            "price": "25.02",
            "revenue": 2455155
        },
        "2017-01": {
            "month": "2017-01",
            "price": "24.91",
            "revenue": 2060607
        },
        "2017-02": {
            "month": "2017-02",
            "price": "25.83",
            "revenue": 2062171
        },
        "2017-03": {
            "month": "2017-03",
            "price": "26.65",
            "revenue": 2307519
        },
        "2017-04": {
            "month": "2017-04",
            "price": "25.17",
            "revenue": 2039953
        },
        "2017-05": {
            "month": "2017-05",
            "price": "25.53",
            "revenue": 2000555
        },
        "2017-06": {
            "month": "2017-06",
            "price": "26.27",
            "revenue": 2268325
        },
        "2017-07": {
            "month": "2017-07",
            "price": "26.19",
            "revenue": 2016477
        },
        "2017-08": {
            "month": "2017-08",
            "price": "26.36",
            "revenue": 2308410
        },
        "2017-09": {
            "month": "2017-09",
            "price": "27.72",
            "revenue": 2494068
        },
        "2017-10": {
            "month": "2017-10",
            "price": "27.72",
            "revenue": 2495987
        },
        "2017-11": {
            "month": "2017-11",
            "price": "30.38",
            "revenue": 2630468
        },
        "2017-12": {
            "month": "2017-12",
            "price": "31.86",
            "revenue": 2424802
        },
        "2018-01": {
            "month": "2018-01",
            "price": "31.05",
            "revenue": 2218499
        },
        "2018-02": {
            "month": "2018-02",
            "price": "28.53",
            "revenue": 1933028
        },
        "2018-03": {
            "month": "2018-03",
            "price": "29.84",
            "revenue": 2347360
        },
        "2018-04": {
            "month": "2018-04",
            "price": "27.84",
            "revenue": 2344134
        },
        "2018-05": {
            "month": "2018-05",
            "price": "28.33",
            "revenue": 2354022
        },
        "2018-06": {
            "month": "2018-06",
            "price": "30.29",
            "revenue": 2305399
        },
        "2018-07": {
            "month": "2018-07",
            "price": "27.88",
            "revenue": 2458636
        },
        "2018-08": {
            "month": "2018-08",
            "price": "28.03",
            "revenue": 2648048
        },
        "2018-09": {
            "month": "2018-09",
            "price": "27.91",
            "revenue": 2512431
        },
        "2018-10": {
            "month": "2018-10",
            "price": "23.19",
            "revenue": 2581955
        },
        "2018-11": {
            "month": "2018-11",
            "price": "21.63",
            "revenue": 2743732
        },
        "2018-12": {
            "month": "2018-12",
            "price": "24.58",
            "revenue": 2619347
        },
        "2019-01": {
            "month": "2019-01",
            "price": "25.41",
            "revenue": 2440604
        },
        "2019-02": {
            "month": "2019-02",
            "price": "29.98",
            "revenue": 2001941
        },
        "2019-03": {
            "month": "2019-03",
            "price": "33.52",
            "revenue": 2471678
        },
        "2019-04": {
            "month": "2019-04",
            "price": "39.49",
            "revenue": 3251798
        },
        "2019-05": {
            "month": "2019-05",
            "price": "37.76",
            "revenue": 3282094
        },
        "2019-06": {
            "month": "2019-06",
            "price": "36.19",
            "revenue": 2950133
        },
        "2019-07": {
            "month": "2019-07",
            "price": "41.93",
            "revenue": 2980160
        },
        "2019-08": {
            "month": "2019-08",
            "price": "42.48",
            "revenue": 3014089
        },
        "2019-09": {
            "month": "2019-09",
            "price": "41.49",
            "revenue": 3920585
        },
        "2019-10": {
            "month": "2019-10",
            "price": "42.50",
            "revenue": 3341663
        },
        "2019-11": {
            "month": "2019-11",
            "price": "40.67",
            "revenue": 3351189
        },
        "2019-12": {
            "month": "2019-12",
            "price": "40.49",
            "revenue": 3528511
        },
        "2020-01": {
            "month": "2020-01",
            "price": "39.40",
            "revenue": 3157840
        },
        "2020-02": {
            "month": "2020-02",
            "price": "33.92",
            "revenue": 2112601
        },
        "2020-03": {
            "month": "2020-03",
            "price": "30.70",
            "revenue": 2216110
        },
        "2020-04": {
            "month": "2020-04",
            "price": "35.16",
            "revenue": 4219346
        },
        "2020-05": {
            "month": "2020-05",
            "price": "39.39",
            "revenue": 4302681
        },
        "2020-06": {
            "month": "2020-06",
            "price": "40.92",
            "revenue": 3082797
        },
        "2020-07": {
            "month": "2020-07",
            "price": "45.43",
            "revenue": 3263265
        },
        "2020-08": {
            "month": "2020-08",
            "price": "56.67",
            "revenue": 3302723
        },
        "2020-09": {
            "month": "2020-09",
            "price": "66.39",
            "revenue": 3482204
        },
        "2020-10": {
            "month": "2020-10",
            "price": "69.26",
            "revenue": 3491096
        },
        "2020-11": {
            "month": "2020-11",
            "price": "73.18",
            "revenue": 3501131
        },
        "2020-12": {
            "month": "2020-12",
            "price": "68.80",
            "revenue": 3533740
        },
        "2021-01": {
            "month": "2021-01",
            "price": "69.00",
            "revenue": 3551772
        },
        "2021-02": {
            "month": "2021-02",
            "price": "66.54",
            "revenue": 2713182
        },
        "2021-03": {
            "month": "2021-03",
            "price": "64.98",
            "revenue": 4333842
        },
        "2021-04": {
            "month": "2021-04",
            "price": "69.08",
            "revenue": 4484334
        },
        "2021-05": {
            "month": "2021-05",
            "price": "65.65",
            "revenue": 4550590
        },
        "2021-06": {
            "month": "2021-06",
            "price": "75.60",
            "revenue": 3713857
        },
        "2021-07": {
            "month": "2021-07",
            "price": "77.76",
            "revenue": 3840049
        },
        "2021-08": {
            "month": "2021-08",
            "price": "72.35",
            "revenue": 3912085
        },
        "2021-09": {
            "month": "2021-09",
            "price": "77.36",
            "revenue": 4020486
        },
        "2021-10": {
            "month": "2021-10",
            "price": "76.85",
            "revenue": 4031968
        },
        "2021-11": {
            "month": "2021-11",
            "price": "84.55",
            "revenue": 4130517
        },
        "2021-12": {
            "month": "2021-12",
            "price": "87.67",
            "revenue": 4050057
        },
        "2022-01": {
            "month": "2022-01",
            "price": "90.47",
            "revenue": 4352507
        },
        "2022-02": {
            "month": "2022-02",
            "price": "107.23",
            "revenue": 4048175
        },
        "2022-03": {
            "month": "2022-03",
            "price": "113.13",
            "revenue": 4192159
        },
        "2022-04": {
            "month": "2022-04",
            "price": "107.26",
            "revenue": 4514840
        },
        "2022-05": {
            "month": "2022-05",
            "price": "108.45",
            "revenue": 4532939
        },
        "2022-06": {
            "month": "2022-06",
            "price": "102.58",
            "revenue": 4716273
        },
        "2022-07": {
            "month": "2022-07",
            "price": "100.96",
            "revenue": 4852129
        },
        "2022-08": {
            "month": "2022-08",
            "price": "115.09",
            "revenue": 4978025
        },
        "2022-09": {
            "month": "2022-09",
            "price": "110.83",
            "revenue": 5052491
        },
        "2022-10": {
            "month": "2022-10",
            "price": "103.62",
            "revenue": 5070419
        },
        "2022-11": {
            "month": "2022-11",
            "price": "106.66",
            "revenue": 5141934
        },
        "2022-12": {
            "month": "2022-12",
            "price": "114.05",
            "revenue": 4564663
        },
        "2023-01": {
            "month": "2023-01",
            "price": "109.15",
            "revenue": 2810770
        },
        "2023-02": {
            "month": "2023-02",
            "price": "114.53",
            "revenue": 4257923
        },
        "2023-03": {
            "month": "2023-03",
            "price": "125.65",
            "revenue": 4765845
        },
        "2023-04": {
            "month": "2023-04",
            "price": "149.06",
            "revenue": 4814286
        },
        "2023-05": {
            "month": "2023-05",
            "price": "183.52",
            "revenue": 4989301
        },
        "2023-06": {
            "month": "2023-06",
            "price": "228.18",
            "revenue": 5067302
        },
        "2023-07": {
            "month": "2023-07",
            "price": "304.45",
            "revenue": 5153183
        },
        "2023-08": {
            "month": "2023-08",
            "price": "342.98",
            "revenue": 5251705
        },
        "2023-09": {
            "month": "2023-09",
            "price": "313.62",
            "revenue": 5363932
        },
        "2023-10": {
            "month": "2023-10",
            "price": "319.50",
            "revenue": 5513752
        },
        "2023-11": {
            "month": "2023-11",
            "price": "312.57",
            "revenue": 5588259
        },
        "2023-12": {
            "month": "2023-12",
            "price": "305.24",
            "revenue": 5618098
        }
    }
}
