{
    "summary": {
        "stock_name": "隆銘綠能",
        "stock_id": "3018",
        "category": "其他電子",
        "main_business": "機電系統整合工程<br>事業廢棄物處理",
        "website_url": "http://www.lmgte.com.tw",
        "ceo": "無",
        "pe_ratio": -2,
        "report_year_from": 2001,
        "report_year_to": 2022,
        "age": 22,
        "eps_negative_percentage": 55,
        "eps_growth_avg": {
            "last_all": -18.72,
            "last_2y": null,
            "last_4y": -100,
            "last_8y": -33.33,
            "last_12y": -22.41,
            "last_16y": -8.28,
            "last_20y": -18.72,
            "at_2006_last_3y": -48.25,
            "at_2007_last_3y": -48.37,
            "at_2008_last_3y": -58.82,
            "at_2009_last_3y": 41.18,
            "at_2010_last_3y": 45.06,
            "at_2011_last_3y": 51.08,
            "at_2012_last_3y": 35.78,
            "at_2013_last_3y": -14.22,
            "at_2014_last_3y": -36.57,
            "at_2015_last_3y": -92.94,
            "at_2016_last_3y": -100,
            "at_2017_last_3y": 0,
            "at_2018_last_3y": -33.33,
            "at_2019_last_3y": 0,
            "at_2020_last_3y": 0,
            "at_2021_last_3y": -100,
            "at_2022_last_3y": null,
            "at_2023_last_3y": null,
            "at_2006_last_all": -42.2,
            "at_2007_last_all": -42.2,
            "at_2008_last_all": -37.29,
            "at_2009_last_all": -14.41,
            "at_2010_last_all": -4.8,
            "at_2011_last_all": 4.44,
            "at_2012_last_all": -4.81,
            "at_2013_last_all": -14.33,
            "at_2014_last_all": -14.33,
            "at_2015_last_all": -22.12,
            "at_2016_last_all": -22.12,
            "at_2017_last_all": -11.94,
            "at_2018_last_all": -18.72,
            "at_2019_last_all": -18.72,
            "at_2020_last_all": -18.72,
            "at_2021_last_all": -18.72,
            "at_2022_last_all": -18.72,
            "at_2023_last_all": -18.72
        },
        "latest_eps": -3.38,
        "latest_price": 7.38,
        "latest_roe": -62.16,
        "latest_gross_margin": 9.09,
        "latest_equity": 362235,
        "latest_revenue": 386642,
        "latest_gross_profit": 35139,
        "latest_net_income": 1876,
        "latest_debt_ratio": 74.47,
        "latest_current_ratio": 150.27,
        "latest_account_receivable_turnover_ratio": 0.99,
        "latest_inventory_turnover_ratio": 657.01,
        "latest_reinvestment_rate": null,
        "latest_research_to_sale_ratio": null
    },
    "eps_dividends": {
        "1999": {
            "cash": 1,
            "stock": 2,
            "eps": 0
        },
        "2000": {
            "cash": 1,
            "stock": 2,
            "eps": 0
        },
        "2001": {
            "cash": 2,
            "stock": 2,
            "eps": 2.33
        },
        "2002": {
            "cash": 0,
            "stock": 2,
            "eps": 1.77
        },
        "2003": {
            "cash": 1,
            "stock": 0,
            "eps": 0.92
        },
        "2004": {
            "cash": 1,
            "stock": 1,
            "eps": 0.95
        },
        "2005": {
            "cash": 1,
            "stock": 0,
            "eps": -1.34
        },
        "2006": {
            "cash": 0,
            "stock": 0,
            "eps": -10.35
        },
        "2007": {
            "cash": 0,
            "stock": 0,
            "eps": 0.17
        },
        "2008": {
            "cash": 0,
            "stock": 0,
            "eps": 0.14
        },
        "2009": {
            "cash": 0,
            "stock": 0,
            "eps": 0.53
        },
        "2010": {
            "cash": 0,
            "stock": 0,
            "eps": 0.81
        },
        "2011": {
            "cash": 0,
            "stock": 0,
            "eps": 1.37
        },
        "2012": {
            "cash": 0,
            "stock": 0,
            "eps": 0.29
        },
        "2013": {
            "cash": 0,
            "stock": 0,
            "eps": -0.21
        },
        "2014": {
            "cash": 0,
            "stock": 0,
            "eps": 0.7
        },
        "2015": {
            "cash": 1,
            "stock": 0,
            "eps": -1.03
        },
        "2016": {
            "cash": 0,
            "stock": 0,
            "eps": 0.24
        },
        "2017": {
            "cash": 0,
            "stock": 0,
            "eps": 0.85
        },
        "2018": {
            "cash": 0,
            "stock": 1,
            "eps": -2.16
        },
        "2019": {
            "cash": 0,
            "stock": 0,
            "eps": -2.71
        },
        "2020": {
            "cash": 0,
            "stock": 0,
            "eps": -0.8
        },
        "2021": {
            "cash": 0,
            "stock": 0,
            "eps": -4.18
        },
        "2022": {
            "cash": 0,
            "stock": 0,
            "eps": 0.22
        }
    },
    "dividends": {
        "1999-06-01": {
            "cash": 0.5,
            "stock": 2
        },
        "2000-05-06": {
            "cash": 0.5,
            "stock": 2
        },
        "2001-05-15": {
            "cash": 1.9,
            "stock": 1.8
        },
        "2002-05-06": {
            "cash": 0,
            "stock": 1.5
        },
        "2003-03-21": {
            "cash": 1.4,
            "stock": 0
        },
        "2004-03-16": {
            "cash": 0.7,
            "stock": 0.7
        },
        "2005-04-11": {
            "cash": 0.8,
            "stock": 0
        },
        "2011-01-01": {
            "cash": 0.4,
            "stock": 0.4
        },
        "2011-03-25": {
            "cash": 0.4,
            "stock": 0
        },
        "2013-05-09": {
            "cash": 0.4,
            "stock": 0
        },
        "2015-12-10": {
            "cash": 0.5,
            "stock": 0
        },
        "2017-05-09": {
            "cash": 0,
            "stock": 0.21
        },
        "2018-04-26": {
            "cash": 0,
            "stock": 0.79
        }
    },
    "prices": {
        "200101": "無",
        "200102": "無",
        "200103": "無",
        "200104": "無",
        "200105": "無",
        "200106": "無",
        "200107": "無",
        "200108": "無",
        "200109": "無",
        "200110": "無",
        "200111": "無",
        "200112": "無",
        "200201": "無",
        "200202": "無",
        "200203": "無",
        "200204": "無",
        "200205": "無",
        "200206": "無",
        "200207": "無",
        "200208": "23.72",
        "200209": "18.69",
        "200210": "18.05",
        "200211": "21.94",
        "200212": "19.00",
        "200301": "18.57",
        "200302": "17.36",
        "200303": "16.99",
        "200304": "15.62",
        "200305": "13.40",
        "200306": "15.16",
        "200307": "14.44",
        "200308": "13.75",
        "200309": "13.27",
        "200310": "13.23",
        "200311": "13.87",
        "200312": "16.07",
        "200401": "16.77",
        "200402": "17.02",
        "200403": "17.23",
        "200404": "17.66",
        "200405": "15.96",
        "200406": "15.40",
        "200407": "14.32",
        "200408": "13.02",
        "200409": "13.75",
        "200410": "13.20",
        "200411": "12.08",
        "200412": "11.12",
        "200501": "10.88",
        "200502": "10.70",
        "200503": "12.39",
        "200504": "14.54",
        "200505": "15.35",
        "200506": "14.44",
        "200507": "16.27",
        "200508": "14.70",
        "200509": "11.72",
        "200510": "10.15",
        "200511": "9.28",
        "200512": "10.39",
        "200601": "11.09",
        "200602": "10.32",
        "200603": "9.25",
        "200604": "9.28",
        "200605": "9.32",
        "200606": "7.90",
        "200607": "7.27",
        "200608": "6.93",
        "200609": "6.77",
        "200610": "8.12",
        "200611": "6.90",
        "200612": "6.44",
        "200701": "5.91",
        "200702": "3.74",
        "200703": "3.03",
        "200704": "3.23",
        "200705": "2.83",
        "200706": "2.73",
        "200707": "3.95",
        "200708": "4.10",
        "200709": "4.03",
        "200710": "3.78",
        "200711": "3.57",
        "200712": "3.03",
        "200801": "3.15",
        "200802": "2.86",
        "200803": "2.75",
        "200804": "2.74",
        "200805": "2.04",
        "200806": "1.82",
        "200807": "1.36",
        "200808": "1.58",
        "200809": "1.52",
        "200810": "1.56",
        "200811": "1.11",
        "200812": "4.56",
        "200901": "4.53",
        "200902": "6.13",
        "200903": "6.03",
        "200904": "7.16",
        "200905": "10.79",
        "200906": "10.46",
        "200907": "9.04",
        "200908": "10.06",
        "200909": "10.76",
        "200910": "13.65",
        "200911": "12.70",
        "200912": "17.03",
        "201001": "16.21",
        "201002": "15.31",
        "201003": "16.87",
        "201004": "18.27",
        "201005": "16.41",
        "201006": "16.66",
        "201007": "17.42",
        "201008": "18.67",
        "201009": "18.01",
        "201010": "17.91",
        "201011": "16.87",
        "201012": "17.20",
        "201101": "17.96",
        "201102": "19.63",
        "201103": "18.93",
        "201104": "18.44",
        "201105": "17.56",
        "201106": "17.35",
        "201107": "16.70",
        "201108": "15.81",
        "201109": "15.85",
        "201110": "13.76",
        "201111": "13.39",
        "201112": "11.45",
        "201201": "11.97",
        "201202": "13.12",
        "201203": "14.44",
        "201204": "15.14",
        "201205": "13.20",
        "201206": "12.63",
        "201207": "12.78",
        "201208": "13.62",
        "201209": "13.25",
        "201210": "14.27",
        "201211": "13.14",
        "201212": "13.35",
        "201301": "14.59",
        "201302": "14.25",
        "201303": "14.38",
        "201304": "14.31",
        "201305": "14.66",
        "201306": "14.39",
        "201307": "13.51",
        "201308": "12.80",
        "201309": "12.22",
        "201310": "12.05",
        "201311": "12.52",
        "201312": "12.21",
        "201401": "14.17",
        "201402": "14.91",
        "201403": "15.86",
        "201404": "17.37",
        "201405": "18.45",
        "201406": "23.81",
        "201407": "25.89",
        "201408": "23.11",
        "201409": "21.34",
        "201410": "21.22",
        "201411": "21.85",
        "201412": "24.19",
        "201501": "21.05",
        "201502": "20.56",
        "201503": "20.92",
        "201504": "21.03",
        "201505": "18.50",
        "201506": "15.72",
        "201507": "15.61",
        "201508": "16.33",
        "201509": "18.04",
        "201510": "17.04",
        "201511": "17.77",
        "201512": "16.02",
        "201601": "15.29",
        "201602": "15.57",
        "201603": "16.39",
        "201604": "16.08",
        "201605": "15.83",
        "201606": "15.48",
        "201607": "17.84",
        "201608": "18.99",
        "201609": "16.95",
        "201610": "17.63",
        "201611": "17.10",
        "201612": "18.04",
        "201701": "18.08",
        "201702": "19.74",
        "201703": "24.86",
        "201704": "33.18",
        "201705": "40.24",
        "201706": "43.63",
        "201707": "46.75",
        "201708": "56.04",
        "201709": "70.23",
        "201710": "65.78",
        "201711": "71.91",
        "201712": "73.77",
        "201801": "83.61",
        "201802": "81.44",
        "201803": "83.71",
        "201804": "82.87",
        "201805": "80.76",
        "201806": "79.28",
        "201807": "76.97",
        "201808": "52.47",
        "201809": "33.94",
        "201810": "28.92",
        "201811": "28.00",
        "201812": "32.70",
        "201901": "31.87",
        "201902": "33.05",
        "201903": "30.97",
        "201904": "29.78",
        "201905": "28.48",
        "201906": "27.48",
        "201907": "26.23",
        "201908": "23.72",
        "201909": "25.21",
        "201910": "23.10",
        "201911": "23.37",
        "201912": "22.74",
        "202001": "22.12",
        "202002": "25.72",
        "202003": "18.56",
        "202004": "16.80",
        "202005": "18.69",
        "202006": "18.56",
        "202007": "20.60",
        "202008": "20.59",
        "202009": "21.40",
        "202010": "20.63",
        "202011": "19.64",
        "202012": "18.44",
        "202101": "16.77",
        "202102": "15.94",
        "202103": "17.13",
        "202104": "18.25",
        "202105": "16.63",
        "202106": "16.05",
        "202107": "16.67",
        "202108": "16.49",
        "202109": "17.62",
        "202110": "16.81",
        "202111": "16.48",
        "202112": "17.88",
        "202201": "17.61",
        "202202": "17.34",
        "202203": "20.10",
        "202204": "17.87",
        "202205": "14.20",
        "202206": "12.61",
        "202207": "10.49",
        "202208": "10.60",
        "202209": "9.92",
        "202210": "8.78",
        "202211": "8.18",
        "202212": "無",
        "202301": "無",
        "202302": "無",
        "202303": "無",
        "202304": "無",
        "202305": "無"
    },
    "quarters": {
        "20011": {
            "year_quarter": 20011,
            "year": 2001,
            "quarter": 1,
            "eps": 1.18,
            "eps_growth_year": 2850,
            "eps_4q": 3.32,
            "eps_4q_growth_year": 53.49,
            "roe": 6.62,
            "gross_profit": 69941,
            "gross_margin": 26.84,
            "net_income": 51556,
            "revenue": 260551,
            "common_shares": 436000,
            "equity": 805121,
            "current_ratio": 276.86,
            "debt_ratio": 29.68,
            "inventory_turnover_ratio": 3.03,
            "account_receivable_turnover_ratio": null,
            "reinvestment_rate": null,
            "research_to_sale_ratio": null,
            "price_fair": 0,
            "eps_avg_yearly": 0,
            "eps_latest_yearly": 0,
            "eps_growth_yearly": 0
        },
        "20012": {
            "year_quarter": 20012,
            "year": 2001,
            "quarter": 2,
            "eps": 0.48,
            "eps_growth_year": -22.58,
            "eps_4q": 3.19,
            "eps_4q_growth_year": 11.19,
            "roe": 2.6,
            "gross_profit": 47323,
            "gross_margin": 14.77,
            "net_income": 20900,
            "revenue": 320455,
            "common_shares": 436000,
            "equity": 799873,
            "current_ratio": 287.82,
            "debt_ratio": 28.52,
            "inventory_turnover_ratio": 2.26,
            "account_receivable_turnover_ratio": null,
            "reinvestment_rate": null,
            "research_to_sale_ratio": null,
            "price_fair": 0,
            "eps_avg_yearly": 0,
            "eps_latest_yearly": 0,
            "eps_growth_yearly": 0
        },
        "20013": {
            "year_quarter": 20013,
            "year": 2001,
            "quarter": 3,
            "eps": 0.12,
            "eps_growth_year": -55.56,
            "eps_4q": 2.59,
            "eps_4q_growth_year": 17.75,
            "roe": 0.77,
            "gross_profit": 24186,
            "gross_margin": 14.31,
            "net_income": 6167,
            "revenue": 168990,
            "common_shares": 518700,
            "equity": 806039,
            "current_ratio": 274.77,
            "debt_ratio": 30.1,
            "inventory_turnover_ratio": 1.18,
            "account_receivable_turnover_ratio": null,
            "reinvestment_rate": null,
            "research_to_sale_ratio": null,
            "price_fair": 0,
            "eps_avg_yearly": 0,
            "eps_latest_yearly": 0,
            "eps_growth_yearly": 0
        },
        "20014": {
            "year_quarter": 20014,
            "year": 2001,
            "quarter": 4,
            "eps": 0.55,
            "eps_growth_year": -56,
            "eps_4q": 2.05,
            "eps_4q_growth_year": -5.85,
            "roe": 3.5,
            "gross_profit": 58254,
            "gross_margin": 14.61,
            "net_income": 28740,
            "revenue": 398700,
            "common_shares": 518700,
            "equity": 834779,
            "current_ratio": 299.97,
            "debt_ratio": 27.73,
            "inventory_turnover_ratio": 3.98,
            "account_receivable_turnover_ratio": null,
            "reinvestment_rate": null,
            "research_to_sale_ratio": null,
            "price_fair": 0,
            "eps_avg_yearly": 0,
            "eps_latest_yearly": 0,
            "eps_growth_yearly": 0
        },
        "20021": {
            "year_quarter": 20021,
            "year": 2002,
            "quarter": 1,
            "eps": 0.7,
            "eps_growth_year": -40.68,
            "eps_4q": 1.78,
            "eps_4q_growth_year": -46.47,
            "roe": 4.26,
            "gross_profit": 70488,
            "gross_margin": 20.86,
            "net_income": 36313,
            "revenue": 337922,
            "common_shares": 518700,
            "equity": 871093,
            "current_ratio": 312,
            "debt_ratio": 26.95,
            "inventory_turnover_ratio": 3.81,
            "account_receivable_turnover_ratio": null,
            "reinvestment_rate": null,
            "research_to_sale_ratio": null,
            "price_fair": 98,
            "eps_avg_yearly": 2.8,
            "eps_latest_yearly": 2.8,
            "eps_growth_yearly": 109.09
        },
        "20022": {
            "year_quarter": 20022,
            "year": 2002,
            "quarter": 2,
            "eps": 0.33,
            "eps_growth_year": -31.25,
            "eps_4q": 1.52,
            "eps_4q_growth_year": -52.23,
            "roe": 2.24,
            "gross_profit": 44366,
            "gross_margin": 19.69,
            "net_income": 19692,
            "revenue": 225342,
            "common_shares": 602505,
            "equity": 884223,
            "current_ratio": 370.51,
            "debt_ratio": 22.62,
            "inventory_turnover_ratio": 4.33,
            "account_receivable_turnover_ratio": null,
            "reinvestment_rate": null,
            "research_to_sale_ratio": null,
            "price_fair": 6.18,
            "eps_avg_yearly": 2.06,
            "eps_latest_yearly": 1.32,
            "eps_growth_yearly": -51.17
        },
        "20023": {
            "year_quarter": 20023,
            "year": 2002,
            "quarter": 3,
            "eps": 0.74,
            "eps_growth_year": 516.67,
            "eps_4q": 2.14,
            "eps_4q_growth_year": -17.23,
            "roe": 4.93,
            "gross_profit": 74351,
            "gross_margin": 31.02,
            "net_income": 44648,
            "revenue": 239717,
            "common_shares": 602505,
            "equity": 928871,
            "current_ratio": 321.35,
            "debt_ratio": 26.31,
            "inventory_turnover_ratio": 4.94,
            "account_receivable_turnover_ratio": null,
            "reinvestment_rate": null,
            "research_to_sale_ratio": null,
            "price_fair": 82.6,
            "eps_avg_yearly": 2.36,
            "eps_latest_yearly": 2.96,
            "eps_growth_yearly": 131.54
        },
        "20024": {
            "year_quarter": 20024,
            "year": 2002,
            "quarter": 4,
            "eps": 0,
            "eps_growth_year": -100,
            "eps_4q": 1.67,
            "eps_4q_growth_year": -18.72,
            "roe": -0.01,
            "gross_profit": 21138,
            "gross_margin": 7.01,
            "net_income": -105,
            "revenue": 301547,
            "common_shares": 602505,
            "equity": 928766,
            "current_ratio": 379.17,
            "debt_ratio": 22.3,
            "inventory_turnover_ratio": 6.5,
            "account_receivable_turnover_ratio": null,
            "reinvestment_rate": 23.04,
            "research_to_sale_ratio": null,
            "price_fair": 82.6,
            "eps_avg_yearly": 2.36,
            "eps_latest_yearly": 2.96,
            "eps_growth_yearly": 131.54
        },
        "20031": {
            "year_quarter": 20031,
            "year": 2003,
            "quarter": 1,
            "eps": 0.1,
            "eps_growth_year": -85.71,
            "eps_4q": 1.16,
            "eps_4q_growth_year": -34.75,
            "roe": 0.65,
            "gross_profit": 22967,
            "gross_margin": 23.77,
            "net_income": 6067,
            "revenue": 96615,
            "common_shares": 602505,
            "equity": 934833,
            "current_ratio": 537.91,
            "debt_ratio": 15.98,
            "inventory_turnover_ratio": 2.25,
            "account_receivable_turnover_ratio": null,
            "reinvestment_rate": 22.34,
            "research_to_sale_ratio": null,
            "price_fair": 82.6,
            "eps_avg_yearly": 2.36,
            "eps_latest_yearly": 2.96,
            "eps_growth_yearly": 131.54
        },
        "20032": {
            "year_quarter": 20032,
            "year": 2003,
            "quarter": 2,
            "eps": -0.06,
            "eps_growth_year": -118.18,
            "eps_4q": 0.78,
            "eps_4q_growth_year": -48.95,
            "roe": -0.42,
            "gross_profit": 9348,
            "gross_margin": 8.53,
            "net_income": -3752,
            "revenue": 109634,
            "common_shares": 602505,
            "equity": 834966,
            "current_ratio": 301.34,
            "debt_ratio": 27.89,
            "inventory_turnover_ratio": 3.7,
            "account_receivable_turnover_ratio": null,
            "reinvestment_rate": 9.9,
            "research_to_sale_ratio": null,
            "price_fair": 82.6,
            "eps_avg_yearly": 2.36,
            "eps_latest_yearly": 2.96,
            "eps_growth_yearly": 131.54
        },
        "20033": {
            "year_quarter": 20033,
            "year": 2003,
            "quarter": 3,
            "eps": 0.36,
            "eps_growth_year": -51.35,
            "eps_4q": 0.4,
            "eps_4q_growth_year": -81.52,
            "roe": 2.59,
            "gross_profit": 27921,
            "gross_margin": 8.18,
            "net_income": 21924,
            "revenue": 341360,
            "common_shares": 602505,
            "equity": 856890,
            "current_ratio": 286.61,
            "debt_ratio": 29.47,
            "inventory_turnover_ratio": 6.16,
            "account_receivable_turnover_ratio": null,
            "reinvestment_rate": 10.45,
            "research_to_sale_ratio": null,
            "price_fair": 82.6,
            "eps_avg_yearly": 2.36,
            "eps_latest_yearly": 2.96,
            "eps_growth_yearly": 131.54
        },
        "20034": {
            "year_quarter": 20034,
            "year": 2003,
            "quarter": 4,
            "eps": 0.52,
            "eps_growth_year": null,
            "eps_4q": 0.92,
            "eps_4q_growth_year": -44.88,
            "roe": 3.61,
            "gross_profit": 58094,
            "gross_margin": 10.08,
            "net_income": 31471,
            "revenue": 576209,
            "common_shares": 602505,
            "equity": 888361,
            "current_ratio": 267.55,
            "debt_ratio": 31.65,
            "inventory_turnover_ratio": 7.45,
            "account_receivable_turnover_ratio": null,
            "reinvestment_rate": 12,
            "research_to_sale_ratio": null,
            "price_fair": 80.15,
            "eps_avg_yearly": 2.29,
            "eps_latest_yearly": 2.08,
            "eps_growth_yearly": 143.1
        },
        "20041": {
            "year_quarter": 20041,
            "year": 2004,
            "quarter": 1,
            "eps": 0.1,
            "eps_growth_year": 0,
            "eps_4q": 0.92,
            "eps_4q_growth_year": -20.19,
            "roe": 0.68,
            "gross_profit": 13443,
            "gross_margin": 17.18,
            "net_income": 6019,
            "revenue": 78228,
            "common_shares": 602505,
            "equity": 894380,
            "current_ratio": 312.19,
            "debt_ratio": 26.8,
            "inventory_turnover_ratio": 0.63,
            "account_receivable_turnover_ratio": null,
            "reinvestment_rate": 11.68,
            "research_to_sale_ratio": null,
            "price_fair": 66.92,
            "eps_avg_yearly": 1.91,
            "eps_latest_yearly": 0.4,
            "eps_growth_yearly": 49.87
        },
        "20042": {
            "year_quarter": 20042,
            "year": 2004,
            "quarter": 2,
            "eps": -0.09,
            "eps_growth_year": null,
            "eps_4q": 0.89,
            "eps_4q_growth_year": 14.72,
            "roe": -0.65,
            "gross_profit": 27636,
            "gross_margin": 11.23,
            "net_income": -5658,
            "revenue": 245985,
            "common_shares": 602505,
            "equity": 844039,
            "current_ratio": 234.93,
            "debt_ratio": 35.76,
            "inventory_turnover_ratio": 1.28,
            "account_receivable_turnover_ratio": null,
            "reinvestment_rate": 12.22,
            "research_to_sale_ratio": null,
            "price_fair": 66.92,
            "eps_avg_yearly": 1.91,
            "eps_latest_yearly": 0.4,
            "eps_growth_yearly": 49.87
        },
        "20043": {
            "year_quarter": 20043,
            "year": 2004,
            "quarter": 3,
            "eps": 0.42,
            "eps_growth_year": 16.67,
            "eps_4q": 0.92,
            "eps_4q_growth_year": 131.16,
            "roe": 3.14,
            "gross_profit": 56607,
            "gross_margin": 11.94,
            "net_income": 26952,
            "revenue": 473897,
            "common_shares": 648690,
            "equity": 870991,
            "current_ratio": 199.14,
            "debt_ratio": 43.16,
            "inventory_turnover_ratio": 1.28,
            "account_receivable_turnover_ratio": null,
            "reinvestment_rate": 11.88,
            "research_to_sale_ratio": null,
            "price_fair": 66.92,
            "eps_avg_yearly": 1.91,
            "eps_latest_yearly": 0.4,
            "eps_growth_yearly": 49.87
        },
        "20044": {
            "year_quarter": 20044,
            "year": 2004,
            "quarter": 4,
            "eps": 0.52,
            "eps_growth_year": 0,
            "eps_4q": 0.94,
            "eps_4q_growth_year": 2.03,
            "roe": 3.82,
            "gross_profit": 65530,
            "gross_margin": 12.57,
            "net_income": 33883,
            "revenue": 521355,
            "common_shares": 648690,
            "equity": 904874,
            "current_ratio": 190.63,
            "debt_ratio": 45.69,
            "inventory_turnover_ratio": 0.75,
            "account_receivable_turnover_ratio": null,
            "reinvestment_rate": 11.35,
            "research_to_sale_ratio": null,
            "price_fair": 67.9,
            "eps_avg_yearly": 1.94,
            "eps_latest_yearly": 2.08,
            "eps_growth_yearly": 57.43
        },
        "20051": {
            "year_quarter": 20051,
            "year": 2005,
            "quarter": 1,
            "eps": 0.43,
            "eps_growth_year": 330,
            "eps_4q": 1.28,
            "eps_4q_growth_year": 38.37,
            "roe": 3.04,
            "gross_profit": 68058,
            "gross_margin": 9.74,
            "net_income": 27926,
            "revenue": 698569,
            "common_shares": 648690,
            "equity": 932800,
            "current_ratio": 218.49,
            "debt_ratio": 39.72,
            "inventory_turnover_ratio": 1.14,
            "account_receivable_turnover_ratio": null,
            "reinvestment_rate": 12.3,
            "research_to_sale_ratio": null,
            "price_fair": 66.8,
            "eps_avg_yearly": 1.91,
            "eps_latest_yearly": 1.72,
            "eps_growth_yearly": 39.33
        },
        "20052": {
            "year_quarter": 20052,
            "year": 2005,
            "quarter": 2,
            "eps": -0.05,
            "eps_growth_year": null,
            "eps_4q": 1.32,
            "eps_4q_growth_year": 47.73,
            "roe": -0.36,
            "gross_profit": 21278,
            "gross_margin": 3.35,
            "net_income": -3257,
            "revenue": 634367,
            "common_shares": 648690,
            "equity": 870487,
            "current_ratio": 227.77,
            "debt_ratio": 36.97,
            "inventory_turnover_ratio": 2.16,
            "account_receivable_turnover_ratio": null,
            "reinvestment_rate": 31.16,
            "research_to_sale_ratio": null,
            "price_fair": 66.8,
            "eps_avg_yearly": 1.91,
            "eps_latest_yearly": 1.72,
            "eps_growth_yearly": 39.33
        },
        "20053": {
            "year_quarter": 20053,
            "year": 2005,
            "quarter": 3,
            "eps": -0.18,
            "eps_growth_year": -142.86,
            "eps_4q": 0.73,
            "eps_4q_growth_year": -20.69,
            "roe": -1.32,
            "gross_profit": 6897,
            "gross_margin": 7.83,
            "net_income": -11426,
            "revenue": 88098,
            "common_shares": 648690,
            "equity": 859061,
            "current_ratio": 185.87,
            "debt_ratio": 36.53,
            "inventory_turnover_ratio": 0.33,
            "account_receivable_turnover_ratio": null,
            "reinvestment_rate": 34.78,
            "research_to_sale_ratio": null,
            "price_fair": 66.8,
            "eps_avg_yearly": 1.91,
            "eps_latest_yearly": 1.72,
            "eps_growth_yearly": 39.33
        },
        "20054": {
            "year_quarter": 20054,
            "year": 2005,
            "quarter": 4,
            "eps": -1.54,
            "eps_growth_year": -396.15,
            "eps_4q": -1.34,
            "eps_4q_growth_year": -242.68,
            "roe": -12.35,
            "gross_profit": -92832,
            "gross_margin": -7.65,
            "net_income": -99884,
            "revenue": 1213218,
            "common_shares": 648690,
            "equity": 758648,
            "current_ratio": 134.82,
            "debt_ratio": 55.96,
            "inventory_turnover_ratio": 5.79,
            "account_receivable_turnover_ratio": null,
            "reinvestment_rate": 71.18,
            "research_to_sale_ratio": null,
            "price_fair": 66.8,
            "eps_avg_yearly": 1.91,
            "eps_latest_yearly": 1.72,
            "eps_growth_yearly": 39.33
        },
        "20061": {
            "year_quarter": 20061,
            "year": 2006,
            "quarter": 1,
            "eps": 0.16,
            "eps_growth_year": -62.79,
            "eps_4q": -1.58,
            "eps_4q_growth_year": -223.73,
            "roe": 1.38,
            "gross_profit": 39462,
            "gross_margin": 7.01,
            "net_income": 10515,
            "revenue": 562652,
            "common_shares": 648690,
            "equity": 769204,
            "current_ratio": 132.04,
            "debt_ratio": 54.84,
            "inventory_turnover_ratio": 2.36,
            "account_receivable_turnover_ratio": null,
            "reinvestment_rate": 87.32,
            "research_to_sale_ratio": null,
            "price_fair": 61.6,
            "eps_avg_yearly": 1.76,
            "eps_latest_yearly": 1.72,
            "eps_growth_yearly": 27.71
        },
        "20062": {
            "year_quarter": 20062,
            "year": 2006,
            "quarter": 2,
            "eps": 0.71,
            "eps_growth_year": null,
            "eps_4q": -0.84,
            "eps_4q_growth_year": -163.9,
            "roe": 5.81,
            "gross_profit": 65675,
            "gross_margin": 13.36,
            "net_income": 46102,
            "revenue": 491452,
            "common_shares": 648690,
            "equity": 817520,
            "current_ratio": 127.58,
            "debt_ratio": 53.61,
            "inventory_turnover_ratio": 1.2,
            "account_receivable_turnover_ratio": null,
            "reinvestment_rate": 69.12,
            "research_to_sale_ratio": null,
            "price_fair": 70.47,
            "eps_avg_yearly": 2.01,
            "eps_latest_yearly": 2.84,
            "eps_growth_yearly": 292.11
        },
        "20063": {
            "year_quarter": 20063,
            "year": 2006,
            "quarter": 3,
            "eps": -1.77,
            "eps_growth_year": null,
            "eps_4q": -2.44,
            "eps_4q_growth_year": -435.92,
            "roe": -15.16,
            "gross_profit": -9864,
            "gross_margin": -1.22,
            "net_income": -115041,
            "revenue": 808694,
            "common_shares": 648690,
            "equity": 700535,
            "current_ratio": 112.82,
            "debt_ratio": 63.49,
            "inventory_turnover_ratio": 1.7,
            "account_receivable_turnover_ratio": null,
            "reinvestment_rate": null,
            "research_to_sale_ratio": null,
            "price_fair": 63.84,
            "eps_avg_yearly": 1.82,
            "eps_latest_yearly": 2.84,
            "eps_growth_yearly": 251.14
        },
        "20064": {
            "year_quarter": 20064,
            "year": 2006,
            "quarter": 4,
            "eps": -9.45,
            "eps_growth_year": null,
            "eps_4q": -10.35,
            "eps_4q_growth_year": null,
            "roe": -155.67,
            "gross_profit": -161656,
            "gross_margin": -59.81,
            "net_income": -613169,
            "revenue": 270301,
            "common_shares": 648690,
            "equity": 87257,
            "current_ratio": 101.14,
            "debt_ratio": 91.05,
            "inventory_turnover_ratio": 1.09,
            "account_receivable_turnover_ratio": null,
            "reinvestment_rate": null,
            "research_to_sale_ratio": null,
            "price_fair": 63.84,
            "eps_avg_yearly": 1.82,
            "eps_latest_yearly": 2.84,
            "eps_growth_yearly": 251.14
        },
        "20071": {
            "year_quarter": 20071,
            "year": 2007,
            "quarter": 1,
            "eps": 0.35,
            "eps_growth_year": 118.75,
            "eps_4q": -10.08,
            "eps_4q_growth_year": null,
            "roe": 23.18,
            "gross_profit": 58801,
            "gross_margin": 9.98,
            "net_income": 22882,
            "revenue": 589285,
            "common_shares": 648690,
            "equity": 110139,
            "current_ratio": 98.27,
            "debt_ratio": 87.41,
            "inventory_turnover_ratio": 2.09,
            "account_receivable_turnover_ratio": null,
            "reinvestment_rate": null,
            "research_to_sale_ratio": null,
            "price_fair": 63.84,
            "eps_avg_yearly": 1.82,
            "eps_latest_yearly": 2.84,
            "eps_growth_yearly": 251.14
        },
        "20072": {
            "year_quarter": 20072,
            "year": 2007,
            "quarter": 2,
            "eps": -0.03,
            "eps_growth_year": -104.23,
            "eps_4q": -10.91,
            "eps_4q_growth_year": null,
            "roe": -2.03,
            "gross_profit": 12554,
            "gross_margin": 62.9,
            "net_income": -2215,
            "revenue": 19960,
            "common_shares": 648690,
            "equity": 108051,
            "current_ratio": 94.26,
            "debt_ratio": 83.95,
            "inventory_turnover_ratio": 0.04,
            "account_receivable_turnover_ratio": null,
            "reinvestment_rate": null,
            "research_to_sale_ratio": null,
            "price_fair": 63.84,
            "eps_avg_yearly": 1.82,
            "eps_latest_yearly": 2.84,
            "eps_growth_yearly": 251.14
        },
        "20073": {
            "year_quarter": 20073,
            "year": 2007,
            "quarter": 3,
            "eps": -0.15,
            "eps_growth_year": null,
            "eps_4q": -1.86,
            "eps_4q_growth_year": null,
            "roe": -8.84,
            "gross_profit": -1893,
            "gross_margin": -3.86,
            "net_income": -20361,
            "revenue": 49011,
            "common_shares": 3298690,
            "equity": 352690,
            "current_ratio": 154.54,
            "debt_ratio": 54.93,
            "inventory_turnover_ratio": 0.36,
            "account_receivable_turnover_ratio": null,
            "reinvestment_rate": null,
            "research_to_sale_ratio": null,
            "price_fair": 63.84,
            "eps_avg_yearly": 1.82,
            "eps_latest_yearly": 2.84,
            "eps_growth_yearly": 251.14
        },
        "20074": {
            "year_quarter": 20074,
            "year": 2007,
            "quarter": 4,
            "eps": 0,
            "eps_growth_year": null,
            "eps_4q": 0,
            "eps_4q_growth_year": null,
            "roe": 0.12,
            "gross_profit": 15706,
            "gross_margin": 2.99,
            "net_income": 425,
            "revenue": 525073,
            "common_shares": 3298690,
            "equity": 353130,
            "current_ratio": 164.3,
            "debt_ratio": 52.15,
            "inventory_turnover_ratio": 8.47,
            "account_receivable_turnover_ratio": null,
            "reinvestment_rate": null,
            "research_to_sale_ratio": null,
            "price_fair": 61.6,
            "eps_avg_yearly": 1.76,
            "eps_latest_yearly": 2.84,
            "eps_growth_yearly": 269.48
        },
        "20081": {
            "year_quarter": 20081,
            "year": 2008,
            "quarter": 1,
            "eps": -0.01,
            "eps_growth_year": -102.86,
            "eps_4q": -0.07,
            "eps_4q_growth_year": null,
            "roe": -1.04,
            "gross_profit": 11415,
            "gross_margin": 7.39,
            "net_income": -3896,
            "revenue": 154505,
            "common_shares": 3648690,
            "equity": 399221,
            "current_ratio": 161.03,
            "debt_ratio": 52.46,
            "inventory_turnover_ratio": 4.92,
            "account_receivable_turnover_ratio": null,
            "reinvestment_rate": null,
            "research_to_sale_ratio": null,
            "price_fair": 77.47,
            "eps_avg_yearly": 2.21,
            "eps_latest_yearly": 2.84,
            "eps_growth_yearly": 467
        },
        "20082": {
            "year_quarter": 20082,
            "year": 2008,
            "quarter": 2,
            "eps": -0.01,
            "eps_growth_year": null,
            "eps_4q": -0.08,
            "eps_4q_growth_year": null,
            "roe": -1.23,
            "gross_profit": 7338,
            "gross_margin": 2.58,
            "net_income": -4871,
            "revenue": 284285,
            "common_shares": 3648690,
            "equity": 394381,
            "current_ratio": 156.07,
            "debt_ratio": 51.67,
            "inventory_turnover_ratio": 5.85,
            "account_receivable_turnover_ratio": null,
            "reinvestment_rate": null,
            "research_to_sale_ratio": null,
            "price_fair": 77.47,
            "eps_avg_yearly": 2.21,
            "eps_latest_yearly": 2.84,
            "eps_growth_yearly": 467
        },
        "20083": {
            "year_quarter": 20083,
            "year": 2008,
            "quarter": 3,
            "eps": 0.02,
            "eps_growth_year": null,
            "eps_4q": 0,
            "eps_4q_growth_year": null,
            "roe": 2.12,
            "gross_profit": 25677,
            "gross_margin": 8.88,
            "net_income": 8466,
            "revenue": 289092,
            "common_shares": 500000,
            "equity": 402701,
            "current_ratio": 166.22,
            "debt_ratio": 54.55,
            "inventory_turnover_ratio": 4.77,
            "account_receivable_turnover_ratio": null,
            "reinvestment_rate": null,
            "research_to_sale_ratio": null,
            "price_fair": 77.47,
            "eps_avg_yearly": 2.21,
            "eps_latest_yearly": 2.84,
            "eps_growth_yearly": 467
        },
        "20084": {
            "year_quarter": 20084,
            "year": 2008,
            "quarter": 4,
            "eps": 0.14,
            "eps_growth_year": null,
            "eps_4q": 0.13,
            "eps_4q_growth_year": 5939.17,
            "roe": 1.68,
            "gross_profit": 52292,
            "gross_margin": 13.27,
            "net_income": 6828,
            "revenue": 394098,
            "common_shares": 500500,
            "equity": 409916,
            "current_ratio": 209.1,
            "debt_ratio": 43.3,
            "inventory_turnover_ratio": 6.3,
            "account_receivable_turnover_ratio": 4.7,
            "reinvestment_rate": null,
            "research_to_sale_ratio": null,
            "price_fair": 59.73,
            "eps_avg_yearly": 1.71,
            "eps_latest_yearly": 0.56,
            "eps_growth_yearly": 1235.26
        },
        "20091": {
            "year_quarter": 20091,
            "year": 2009,
            "quarter": 1,
            "eps": 0.03,
            "eps_growth_year": null,
            "eps_4q": 0.26,
            "eps_4q_growth_year": null,
            "roe": 0.33,
            "gross_profit": 13301,
            "gross_margin": 12.53,
            "net_income": 1367,
            "revenue": 106129,
            "common_shares": 500500,
            "equity": 411162,
            "current_ratio": 304.36,
            "debt_ratio": 32.38,
            "inventory_turnover_ratio": 1.63,
            "account_receivable_turnover_ratio": 0.64,
            "reinvestment_rate": null,
            "research_to_sale_ratio": null,
            "price_fair": 41.07,
            "eps_avg_yearly": 1.17,
            "eps_latest_yearly": 0.12,
            "eps_growth_yearly": 1153.57
        },
        "20092": {
            "year_quarter": 20092,
            "year": 2009,
            "quarter": 2,
            "eps": 0.2,
            "eps_growth_year": null,
            "eps_4q": 0.54,
            "eps_4q_growth_year": null,
            "roe": 2.38,
            "gross_profit": 25455,
            "gross_margin": 31.13,
            "net_income": 9888,
            "revenue": 81757,
            "common_shares": 500500,
            "equity": 421287,
            "current_ratio": 304.96,
            "debt_ratio": 32.53,
            "inventory_turnover_ratio": 1.11,
            "account_receivable_turnover_ratio": 0.55,
            "reinvestment_rate": null,
            "research_to_sale_ratio": null,
            "price_fair": 37.8,
            "eps_avg_yearly": 1.08,
            "eps_latest_yearly": 0.8,
            "eps_growth_yearly": 1431.85
        },
        "20093": {
            "year_quarter": 20093,
            "year": 2009,
            "quarter": 3,
            "eps": 0.02,
            "eps_growth_year": 0,
            "eps_4q": 0.47,
            "eps_4q_growth_year": 159869.28,
            "roe": 0.19,
            "gross_profit": 9491,
            "gross_margin": 19.76,
            "net_income": 806,
            "revenue": 48039,
            "common_shares": 500500,
            "equity": 422254,
            "current_ratio": 297.24,
            "debt_ratio": 33.14,
            "inventory_turnover_ratio": 0.61,
            "account_receivable_turnover_ratio": 0.5,
            "reinvestment_rate": null,
            "research_to_sale_ratio": null,
            "price_fair": 30.8,
            "eps_avg_yearly": 0.88,
            "eps_latest_yearly": 0.08,
            "eps_growth_yearly": 1073.48
        },
        "20094": {
            "year_quarter": 20094,
            "year": 2009,
            "quarter": 4,
            "eps": 0.28,
            "eps_growth_year": 100,
            "eps_4q": 0.52,
            "eps_4q_growth_year": 288.77,
            "roe": 3.26,
            "gross_profit": 43772,
            "gross_margin": 32.02,
            "net_income": 13979,
            "revenue": 136706,
            "common_shares": 500500,
            "equity": 436288,
            "current_ratio": 370.97,
            "debt_ratio": 27.11,
            "inventory_turnover_ratio": 2.04,
            "account_receivable_turnover_ratio": 2.68,
            "reinvestment_rate": null,
            "research_to_sale_ratio": null,
            "price_fair": 32.2,
            "eps_avg_yearly": 0.92,
            "eps_latest_yearly": 1.12,
            "eps_growth_yearly": 1761.23
        },
        "20101": {
            "year_quarter": 20101,
            "year": 2010,
            "quarter": 1,
            "eps": 0.35,
            "eps_growth_year": 1066.67,
            "eps_4q": 0.84,
            "eps_4q_growth_year": 224.38,
            "roe": 3.9,
            "gross_profit": 29555,
            "gross_margin": 20.23,
            "net_income": 17334,
            "revenue": 146071,
            "common_shares": 500500,
            "equity": 453644,
            "current_ratio": 275.17,
            "debt_ratio": 36.02,
            "inventory_turnover_ratio": 2.2,
            "account_receivable_turnover_ratio": 1.02,
            "reinvestment_rate": null,
            "research_to_sale_ratio": null,
            "price_fair": 34.6,
            "eps_avg_yearly": 0.99,
            "eps_latest_yearly": 1.4,
            "eps_growth_yearly": 1523.91
        },
        "20102": {
            "year_quarter": 20102,
            "year": 2010,
            "quarter": 2,
            "eps": -0,
            "eps_growth_year": -100.49,
            "eps_4q": 0.64,
            "eps_4q_growth_year": 19.32,
            "roe": -0.01,
            "gross_profit": 9068,
            "gross_margin": 4.83,
            "net_income": -49,
            "revenue": 187577,
            "common_shares": 500500,
            "equity": 453256,
            "current_ratio": 284.89,
            "debt_ratio": 35.06,
            "inventory_turnover_ratio": 2.38,
            "account_receivable_turnover_ratio": 0.96,
            "reinvestment_rate": null,
            "research_to_sale_ratio": null,
            "price_fair": 23.8,
            "eps_avg_yearly": 0.68,
            "eps_latest_yearly": 1.4,
            "eps_growth_yearly": 1548.73
        },
        "20103": {
            "year_quarter": 20103,
            "year": 2010,
            "quarter": 3,
            "eps": 0.32,
            "eps_growth_year": 1487.12,
            "eps_4q": 0.94,
            "eps_4q_growth_year": 100.99,
            "roe": 3.44,
            "gross_profit": 28813,
            "gross_margin": 11.91,
            "net_income": 15887,
            "revenue": 241909,
            "common_shares": 500500,
            "equity": 469286,
            "current_ratio": 217.73,
            "debt_ratio": 45.8,
            "inventory_turnover_ratio": 2.82,
            "account_receivable_turnover_ratio": 0.8,
            "reinvestment_rate": null,
            "research_to_sale_ratio": null,
            "price_fair": 23.8,
            "eps_avg_yearly": 0.68,
            "eps_latest_yearly": 1.4,
            "eps_growth_yearly": 1548.73
        },
        "20104": {
            "year_quarter": 20104,
            "year": 2010,
            "quarter": 4,
            "eps": 0.14,
            "eps_growth_year": -51.18,
            "eps_4q": 0.89,
            "eps_4q_growth_year": 71.84,
            "roe": 1.27,
            "gross_profit": 31881,
            "gross_margin": 10.07,
            "net_income": 5987,
            "revenue": 316516,
            "common_shares": 438000,
            "equity": 475668,
            "current_ratio": 190.16,
            "debt_ratio": 48.87,
            "inventory_turnover_ratio": 3.22,
            "account_receivable_turnover_ratio": 0.9,
            "reinvestment_rate": -88.9,
            "research_to_sale_ratio": null,
            "price_fair": 23.2,
            "eps_avg_yearly": 0.66,
            "eps_latest_yearly": 0.56,
            "eps_growth_yearly": 1295.34
        },
        "20111": {
            "year_quarter": 20111,
            "year": 2011,
            "quarter": 1,
            "eps": 0.21,
            "eps_growth_year": -40,
            "eps_4q": 0.71,
            "eps_4q_growth_year": -15.55,
            "roe": 1.92,
            "gross_profit": 27649,
            "gross_margin": 9.14,
            "net_income": 9220,
            "revenue": 302660,
            "common_shares": 438000,
            "equity": 484803,
            "current_ratio": 215.07,
            "debt_ratio": 48.35,
            "inventory_turnover_ratio": 2.83,
            "account_receivable_turnover_ratio": 0.94,
            "reinvestment_rate": -106.79,
            "research_to_sale_ratio": null,
            "price_fair": 23.98,
            "eps_avg_yearly": 0.69,
            "eps_latest_yearly": 0.84,
            "eps_growth_yearly": 1158.42
        },
        "20112": {
            "year_quarter": 20112,
            "year": 2011,
            "quarter": 2,
            "eps": 0.5,
            "eps_growth_year": null,
            "eps_4q": 1.21,
            "eps_4q_growth_year": 88.65,
            "roe": 4.49,
            "gross_profit": 51441,
            "gross_margin": 13.79,
            "net_income": 21851,
            "revenue": 373108,
            "common_shares": 438000,
            "equity": 489214,
            "current_ratio": 176.02,
            "debt_ratio": 57.47,
            "inventory_turnover_ratio": 1.69,
            "account_receivable_turnover_ratio": 0.97,
            "reinvestment_rate": -75.35,
            "research_to_sale_ratio": null,
            "price_fair": 29.09,
            "eps_avg_yearly": 0.83,
            "eps_latest_yearly": 2,
            "eps_growth_yearly": 1091.08
        },
        "20113": {
            "year_quarter": 20113,
            "year": 2011,
            "quarter": 3,
            "eps": 0.22,
            "eps_growth_year": -30.44,
            "eps_4q": 1.07,
            "eps_4q_growth_year": 13.25,
            "roe": 1.96,
            "gross_profit": 31297,
            "gross_margin": 8.07,
            "net_income": 9671,
            "revenue": 388033,
            "common_shares": 438000,
            "equity": 498250,
            "current_ratio": 177.76,
            "debt_ratio": 55.62,
            "inventory_turnover_ratio": 1.31,
            "account_receivable_turnover_ratio": 0.99,
            "reinvestment_rate": -38.45,
            "research_to_sale_ratio": null,
            "price_fair": 29.26,
            "eps_avg_yearly": 0.84,
            "eps_latest_yearly": 0.88,
            "eps_growth_yearly": 959.58
        },
        "20114": {
            "year_quarter": 20114,
            "year": 2011,
            "quarter": 4,
            "eps": 0.44,
            "eps_growth_year": 224.09,
            "eps_4q": 1.37,
            "eps_4q_growth_year": 53.59,
            "roe": 3.82,
            "gross_profit": 43265,
            "gross_margin": 20.28,
            "net_income": 19403,
            "revenue": 213342,
            "common_shares": 438000,
            "equity": 517642,
            "current_ratio": 184.37,
            "debt_ratio": 51.01,
            "inventory_turnover_ratio": 0.73,
            "account_receivable_turnover_ratio": 0.61,
            "reinvestment_rate": 6.5,
            "research_to_sale_ratio": null,
            "price_fair": 32.2,
            "eps_avg_yearly": 0.92,
            "eps_latest_yearly": 1.76,
            "eps_growth_yearly": 908.71
        },
        "20121": {
            "year_quarter": 20121,
            "year": 2012,
            "quarter": 1,
            "eps": 0.21,
            "eps_growth_year": 0,
            "eps_4q": 1.37,
            "eps_4q_growth_year": 93.45,
            "roe": 1.75,
            "gross_profit": 30827,
            "gross_margin": 3.66,
            "net_income": 9132,
            "revenue": 842058,
            "common_shares": 438000,
            "equity": 527005,
            "current_ratio": 268.6,
            "debt_ratio": 36.46,
            "inventory_turnover_ratio": 4.99,
            "account_receivable_turnover_ratio": 2.97,
            "reinvestment_rate": 57.33,
            "research_to_sale_ratio": null,
            "price_fair": 31.97,
            "eps_avg_yearly": 0.91,
            "eps_latest_yearly": 0.84,
            "eps_growth_yearly": 815.56
        },
        "20122": {
            "year_quarter": 20122,
            "year": 2012,
            "quarter": 2,
            "eps": -0.19,
            "eps_growth_year": -138.49,
            "eps_4q": 0.65,
            "eps_4q_growth_year": -46.5,
            "roe": -1.7,
            "gross_profit": 5831,
            "gross_margin": 7.7,
            "net_income": -8747,
            "revenue": 75754,
            "common_shares": 438000,
            "equity": 500774,
            "current_ratio": 254.03,
            "debt_ratio": 37.26,
            "inventory_turnover_ratio": 0.49,
            "account_receivable_turnover_ratio": 0.37,
            "reinvestment_rate": 68.03,
            "research_to_sale_ratio": null,
            "price_fair": 31.97,
            "eps_avg_yearly": 0.91,
            "eps_latest_yearly": 0.84,
            "eps_growth_yearly": 815.56
        },
        "20123": {
            "year_quarter": 20123,
            "year": 2012,
            "quarter": 3,
            "eps": 0.03,
            "eps_growth_year": -86.92,
            "eps_4q": 0.46,
            "eps_4q_growth_year": -56.57,
            "roe": 0.26,
            "gross_profit": 23304,
            "gross_margin": 28.99,
            "net_income": 1316,
            "revenue": 80397,
            "common_shares": 438000,
            "equity": 502158,
            "current_ratio": 239.23,
            "debt_ratio": 38.88,
            "inventory_turnover_ratio": 0.58,
            "account_receivable_turnover_ratio": 0.36,
            "reinvestment_rate": 139.94,
            "research_to_sale_ratio": null,
            "price_fair": 31.97,
            "eps_avg_yearly": 0.91,
            "eps_latest_yearly": 0.84,
            "eps_growth_yearly": 815.56
        },
        "20124": {
            "year_quarter": 20124,
            "year": 2012,
            "quarter": 4,
            "eps": 0.24,
            "eps_growth_year": -44.7,
            "eps_4q": 0.28,
            "eps_4q_growth_year": -79.44,
            "roe": 2.2,
            "gross_profit": 55185,
            "gross_margin": 40.04,
            "net_income": 11160,
            "revenue": 137830,
            "common_shares": 455520,
            "equity": 513296,
            "current_ratio": 259.86,
            "debt_ratio": 36.27,
            "inventory_turnover_ratio": 1.76,
            "account_receivable_turnover_ratio": 0.52,
            "reinvestment_rate": 135.36,
            "research_to_sale_ratio": null,
            "price_fair": 33.13,
            "eps_avg_yearly": 0.95,
            "eps_latest_yearly": 0.96,
            "eps_growth_yearly": 848.89
        },
        "20131": {
            "year_quarter": 20131,
            "year": 2013,
            "quarter": 1,
            "eps": -0.3,
            "eps_growth_year": -242.86,
            "eps_4q": -0.22,
            "eps_4q_growth_year": -115.72,
            "roe": -2.69,
            "gross_profit": 658,
            "gross_margin": 1.76,
            "net_income": -13545,
            "revenue": 37446,
            "common_shares": 455520,
            "equity": 494861,
            "current_ratio": 392.8,
            "debt_ratio": 27.14,
            "inventory_turnover_ratio": 0.77,
            "account_receivable_turnover_ratio": 0.22,
            "reinvestment_rate": 142.11,
            "research_to_sale_ratio": null,
            "price_fair": 35.76,
            "eps_avg_yearly": 1.02,
            "eps_latest_yearly": 0.96,
            "eps_growth_yearly": 954.63
        },
        "20132": {
            "year_quarter": 20132,
            "year": 2013,
            "quarter": 2,
            "eps": -0.27,
            "eps_growth_year": null,
            "eps_4q": -0.29,
            "eps_4q_growth_year": -145.04,
            "roe": -2.54,
            "gross_profit": 3349,
            "gross_margin": 5.9,
            "net_income": -12200,
            "revenue": 56743,
            "common_shares": 455520,
            "equity": 464286,
            "current_ratio": 311.56,
            "debt_ratio": 31.51,
            "inventory_turnover_ratio": 1.57,
            "account_receivable_turnover_ratio": 0.67,
            "reinvestment_rate": 170.08,
            "research_to_sale_ratio": null,
            "price_fair": 36.54,
            "eps_avg_yearly": 1.04,
            "eps_latest_yearly": 0.96,
            "eps_growth_yearly": 823.43
        },
        "20133": {
            "year_quarter": 20133,
            "year": 2013,
            "quarter": 3,
            "eps": -0.19,
            "eps_growth_year": -757.67,
            "eps_4q": -0.51,
            "eps_4q_growth_year": -210.29,
            "roe": -1.89,
            "gross_profit": 9463,
            "gross_margin": 10.19,
            "net_income": -8691,
            "revenue": 92905,
            "common_shares": 455520,
            "equity": 455698,
            "current_ratio": 255.44,
            "debt_ratio": 36.19,
            "inventory_turnover_ratio": 3.29,
            "account_receivable_turnover_ratio": 0.97,
            "reinvestment_rate": 187.35,
            "research_to_sale_ratio": null,
            "price_fair": 40.29,
            "eps_avg_yearly": 1.15,
            "eps_latest_yearly": 0.96,
            "eps_growth_yearly": 954.92
        },
        "20134": {
            "year_quarter": 20134,
            "year": 2013,
            "quarter": 4,
            "eps": 0.55,
            "eps_growth_year": 123.55,
            "eps_4q": -0.21,
            "eps_4q_growth_year": -173.77,
            "roe": 5.34,
            "gross_profit": 49491,
            "gross_margin": 10.39,
            "net_income": 24948,
            "revenue": 476505,
            "common_shares": 455520,
            "equity": 478803,
            "current_ratio": 167.56,
            "debt_ratio": 53.47,
            "inventory_turnover_ratio": 6.92,
            "account_receivable_turnover_ratio": 1.87,
            "reinvestment_rate": 137.58,
            "research_to_sale_ratio": null,
            "price_fair": 40.43,
            "eps_avg_yearly": 1.16,
            "eps_latest_yearly": 0.96,
            "eps_growth_yearly": 424.29
        },
        "20141": {
            "year_quarter": 20141,
            "year": 2014,
            "quarter": 1,
            "eps": 0.08,
            "eps_growth_year": null,
            "eps_4q": 0.17,
            "eps_4q_growth_year": null,
            "roe": 0.79,
            "gross_profit": 24665,
            "gross_margin": 9.33,
            "net_income": 3814,
            "revenue": 264256,
            "common_shares": 455520,
            "equity": 482657,
            "current_ratio": 191.74,
            "debt_ratio": 46.61,
            "inventory_turnover_ratio": 5.03,
            "account_receivable_turnover_ratio": 0.73,
            "reinvestment_rate": 164.05,
            "research_to_sale_ratio": null,
            "price_fair": 35.7,
            "eps_avg_yearly": 1.02,
            "eps_latest_yearly": 0.32,
            "eps_growth_yearly": 369.06
        },
        "20142": {
            "year_quarter": 20142,
            "year": 2014,
            "quarter": 2,
            "eps": 0.15,
            "eps_growth_year": null,
            "eps_4q": 0.59,
            "eps_4q_growth_year": null,
            "roe": 1.43,
            "gross_profit": 35331,
            "gross_margin": 8.74,
            "net_income": 6956,
            "revenue": 404062,
            "common_shares": 455520,
            "equity": 489797,
            "current_ratio": 171.78,
            "debt_ratio": 51.88,
            "inventory_turnover_ratio": 152.18,
            "account_receivable_turnover_ratio": 1.21,
            "reinvestment_rate": 156.46,
            "research_to_sale_ratio": null,
            "price_fair": 34.07,
            "eps_avg_yearly": 0.97,
            "eps_latest_yearly": 0.6,
            "eps_growth_yearly": 366.94
        },
        "20143": {
            "year_quarter": 20143,
            "year": 2014,
            "quarter": 3,
            "eps": 0.25,
            "eps_growth_year": null,
            "eps_4q": 1.03,
            "eps_4q_growth_year": null,
            "roe": 2.26,
            "gross_profit": 41759,
            "gross_margin": 11.86,
            "net_income": 11193,
            "revenue": 352085,
            "common_shares": 455520,
            "equity": 500735,
            "current_ratio": 176.62,
            "debt_ratio": 50.36,
            "inventory_turnover_ratio": 103.98,
            "account_receivable_turnover_ratio": 1.07,
            "reinvestment_rate": 187.02,
            "research_to_sale_ratio": null,
            "price_fair": 34.16,
            "eps_avg_yearly": 0.98,
            "eps_latest_yearly": 1,
            "eps_growth_yearly": 356.91
        },
        "20144": {
            "year_quarter": 20144,
            "year": 2014,
            "quarter": 4,
            "eps": 0.22,
            "eps_growth_year": -59.75,
            "eps_4q": 0.65,
            "eps_4q_growth_year": null,
            "roe": 2.01,
            "gross_profit": 45409,
            "gross_margin": 10.52,
            "net_income": 11230,
            "revenue": 431497,
            "common_shares": 505520,
            "equity": 618375,
            "current_ratio": 273.51,
            "debt_ratio": 48.88,
            "inventory_turnover_ratio": 223.88,
            "account_receivable_turnover_ratio": 1.34,
            "reinvestment_rate": 99.16,
            "research_to_sale_ratio": null,
            "price_fair": 35.28,
            "eps_avg_yearly": 1.01,
            "eps_latest_yearly": 0.88,
            "eps_growth_yearly": 374.61
        },
        "20151": {
            "year_quarter": 20151,
            "year": 2015,
            "quarter": 1,
            "eps": -0.1,
            "eps_growth_year": -225,
            "eps_4q": 0.47,
            "eps_4q_growth_year": 171.38,
            "roe": -0.8,
            "gross_profit": 20528,
            "gross_margin": 7.33,
            "net_income": -5024,
            "revenue": 280096,
            "common_shares": 519385,
            "equity": 632374,
            "current_ratio": 332.72,
            "debt_ratio": 43.1,
            "inventory_turnover_ratio": 257.25,
            "account_receivable_turnover_ratio": 1.07,
            "reinvestment_rate": 115.79,
            "research_to_sale_ratio": null,
            "price_fair": 35.93,
            "eps_avg_yearly": 1.03,
            "eps_latest_yearly": 0.88,
            "eps_growth_yearly": 394.02
        },
        "20152": {
            "year_quarter": 20152,
            "year": 2015,
            "quarter": 2,
            "eps": 0.07,
            "eps_growth_year": -53.33,
            "eps_4q": 0.4,
            "eps_4q_growth_year": -31.97,
            "roe": 0.6,
            "gross_profit": 20942,
            "gross_margin": 7.65,
            "net_income": 3762,
            "revenue": 273806,
            "common_shares": 519385,
            "equity": 619620,
            "current_ratio": 285.08,
            "debt_ratio": 46.07,
            "inventory_turnover_ratio": 366.74,
            "account_receivable_turnover_ratio": 1.15,
            "reinvestment_rate": 147.72,
            "research_to_sale_ratio": null,
            "price_fair": 31.68,
            "eps_avg_yearly": 0.91,
            "eps_latest_yearly": 0.88,
            "eps_growth_yearly": 374.22
        },
        "20153": {
            "year_quarter": 20153,
            "year": 2015,
            "quarter": 3,
            "eps": -0.05,
            "eps_growth_year": -120,
            "eps_4q": 0.15,
            "eps_4q_growth_year": -85.33,
            "roe": -0.39,
            "gross_profit": 23045,
            "gross_margin": 8.15,
            "net_income": -2339,
            "revenue": 282864,
            "common_shares": 524239,
            "equity": 585968,
            "current_ratio": 261.19,
            "debt_ratio": 48.78,
            "inventory_turnover_ratio": 446.81,
            "account_receivable_turnover_ratio": 1.13,
            "reinvestment_rate": 145.92,
            "research_to_sale_ratio": null,
            "price_fair": 31.8,
            "eps_avg_yearly": 0.91,
            "eps_latest_yearly": 0.88,
            "eps_growth_yearly": 459.68
        },
        "20154": {
            "year_quarter": 20154,
            "year": 2015,
            "quarter": 4,
            "eps": -0.95,
            "eps_growth_year": -531.87,
            "eps_4q": -1.02,
            "eps_4q_growth_year": -257.05,
            "roe": -8.54,
            "gross_profit": -33867,
            "gross_margin": -11.96,
            "net_income": -48082,
            "revenue": 283109,
            "common_shares": 524239,
            "equity": 539533,
            "current_ratio": 197.61,
            "debt_ratio": 57.77,
            "inventory_turnover_ratio": 301.59,
            "account_receivable_turnover_ratio": 1.08,
            "reinvestment_rate": null,
            "research_to_sale_ratio": null,
            "price_fair": 26.83,
            "eps_avg_yearly": 0.77,
            "eps_latest_yearly": 0.88,
            "eps_growth_yearly": 469.63
        },
        "20161": {
            "year_quarter": 20161,
            "year": 2016,
            "quarter": 1,
            "eps": 0.01,
            "eps_growth_year": null,
            "eps_4q": -0.91,
            "eps_4q_growth_year": -294.04,
            "roe": 0.13,
            "gross_profit": 22240,
            "gross_margin": 6.04,
            "net_income": 704,
            "revenue": 368397,
            "common_shares": 524239,
            "equity": 540273,
            "current_ratio": 181.72,
            "debt_ratio": 61.43,
            "inventory_turnover_ratio": 154.53,
            "account_receivable_turnover_ratio": 1.16,
            "reinvestment_rate": null,
            "research_to_sale_ratio": null,
            "price_fair": 26.32,
            "eps_avg_yearly": 0.75,
            "eps_latest_yearly": 0.88,
            "eps_growth_yearly": 605.37
        },
        "20162": {
            "year_quarter": 20162,
            "year": 2016,
            "quarter": 2,
            "eps": -0.15,
            "eps_growth_year": -314.29,
            "eps_4q": -1.14,
            "eps_4q_growth_year": -381.54,
            "roe": -1.43,
            "gross_profit": 13376,
            "gross_margin": 4.64,
            "net_income": -7679,
            "revenue": 288529,
            "common_shares": 524239,
            "equity": 532872,
            "current_ratio": 194.27,
            "debt_ratio": 59.24,
            "inventory_turnover_ratio": 163.78,
            "account_receivable_turnover_ratio": 0.96,
            "reinvestment_rate": null,
            "research_to_sale_ratio": null,
            "price_fair": 26.32,
            "eps_avg_yearly": 0.75,
            "eps_latest_yearly": 0.88,
            "eps_growth_yearly": 605.37
        },
        "20163": {
            "year_quarter": 20163,
            "year": 2016,
            "quarter": 3,
            "eps": 0.13,
            "eps_growth_year": null,
            "eps_4q": -0.82,
            "eps_4q_growth_year": -639.7,
            "roe": 1.22,
            "gross_profit": 28534,
            "gross_margin": 4.86,
            "net_income": 7224,
            "revenue": 587602,
            "common_shares": 605919,
            "equity": 646593,
            "current_ratio": 185.93,
            "debt_ratio": 59.86,
            "inventory_turnover_ratio": 1993.11,
            "account_receivable_turnover_ratio": 2.16,
            "reinvestment_rate": null,
            "research_to_sale_ratio": null,
            "price_fair": 26.32,
            "eps_avg_yearly": 0.75,
            "eps_latest_yearly": 0.88,
            "eps_growth_yearly": 605.37
        },
        "20164": {
            "year_quarter": 20164,
            "year": 2016,
            "quarter": 4,
            "eps": 0.25,
            "eps_growth_year": null,
            "eps_4q": 0.26,
            "eps_4q_growth_year": null,
            "roe": 2.26,
            "gross_profit": 49629,
            "gross_margin": 9.41,
            "net_income": 14764,
            "revenue": 527185,
            "common_shares": 605919,
            "equity": 661103,
            "current_ratio": 159.08,
            "debt_ratio": 58.74,
            "inventory_turnover_ratio": 2180.62,
            "account_receivable_turnover_ratio": 1.53,
            "reinvestment_rate": null,
            "research_to_sale_ratio": null,
            "price_fair": 26.6,
            "eps_avg_yearly": 0.76,
            "eps_latest_yearly": 1,
            "eps_growth_yearly": 119.22
        },
        "20171": {
            "year_quarter": 20171,
            "year": 2017,
            "quarter": 1,
            "eps": 0.11,
            "eps_growth_year": 1000,
            "eps_4q": 0.35,
            "eps_4q_growth_year": null,
            "roe": 0.98,
            "gross_profit": 27222,
            "gross_margin": 7.44,
            "net_income": 6689,
            "revenue": 365655,
            "common_shares": 624548,
            "equity": 703568,
            "current_ratio": 167.12,
            "debt_ratio": 56.84,
            "inventory_turnover_ratio": 48.73,
            "account_receivable_turnover_ratio": 0.86,
            "reinvestment_rate": -108.06,
            "research_to_sale_ratio": null,
            "price_fair": 24.73,
            "eps_avg_yearly": 0.71,
            "eps_latest_yearly": 0.44,
            "eps_growth_yearly": 62.01
        },
        "20172": {
            "year_quarter": 20172,
            "year": 2017,
            "quarter": 2,
            "eps": 0.02,
            "eps_growth_year": null,
            "eps_4q": 0.46,
            "eps_4q_growth_year": null,
            "roe": 0.01,
            "gross_profit": 38564,
            "gross_margin": 8.93,
            "net_income": 72,
            "revenue": 431798,
            "common_shares": 639419,
            "equity": 815776,
            "current_ratio": 189.31,
            "debt_ratio": 50.45,
            "inventory_turnover_ratio": 24.15,
            "account_receivable_turnover_ratio": 0.97,
            "reinvestment_rate": -22.04,
            "research_to_sale_ratio": null,
            "price_fair": 10.12,
            "eps_avg_yearly": 0.62,
            "eps_latest_yearly": 0.08,
            "eps_growth_yearly": 6.4
        },
        "20173": {
            "year_quarter": 20173,
            "year": 2017,
            "quarter": 3,
            "eps": 0.04,
            "eps_growth_year": -69.23,
            "eps_4q": 0.39,
            "eps_4q_growth_year": null,
            "roe": 0.22,
            "gross_profit": 31781,
            "gross_margin": 9.1,
            "net_income": 1793,
            "revenue": 349124,
            "common_shares": 659137,
            "equity": 838053,
            "current_ratio": 234.68,
            "debt_ratio": 49.49,
            "inventory_turnover_ratio": 15.98,
            "account_receivable_turnover_ratio": 0.81,
            "reinvestment_rate": -18.57,
            "research_to_sale_ratio": null,
            "price_fair": 19.6,
            "eps_avg_yearly": 0.56,
            "eps_latest_yearly": 0.16,
            "eps_growth_yearly": 55.6
        },
        "20174": {
            "year_quarter": 20174,
            "year": 2017,
            "quarter": 4,
            "eps": 0.68,
            "eps_growth_year": 168.8,
            "eps_4q": 0.84,
            "eps_4q_growth_year": 229.49,
            "roe": 5.06,
            "gross_profit": 47059,
            "gross_margin": 11.53,
            "net_income": 43756,
            "revenue": 408005,
            "common_shares": 659137,
            "equity": 891832,
            "current_ratio": 206.83,
            "debt_ratio": 46.81,
            "inventory_turnover_ratio": 16.92,
            "account_receivable_turnover_ratio": 1.03,
            "reinvestment_rate": 1.42,
            "research_to_sale_ratio": null,
            "price_fair": 28,
            "eps_avg_yearly": 0.8,
            "eps_latest_yearly": 2.72,
            "eps_growth_yearly": 760.53
        },
        "20181": {
            "year_quarter": 20181,
            "year": 2018,
            "quarter": 1,
            "eps": 0.08,
            "eps_growth_year": -27.27,
            "eps_4q": 0.82,
            "eps_4q_growth_year": 137.08,
            "roe": 0.62,
            "gross_profit": 35286,
            "gross_margin": 13.75,
            "net_income": 5653,
            "revenue": 256681,
            "common_shares": 678242,
            "equity": 917286,
            "current_ratio": 207.31,
            "debt_ratio": 46.99,
            "inventory_turnover_ratio": 8.08,
            "account_receivable_turnover_ratio": 0.65,
            "reinvestment_rate": 7.88,
            "research_to_sale_ratio": null,
            "price_fair": 28,
            "eps_avg_yearly": 0.8,
            "eps_latest_yearly": 0.32,
            "eps_growth_yearly": 759.3
        },
        "20182": {
            "year_quarter": 20182,
            "year": 2018,
            "quarter": 2,
            "eps": 0.31,
            "eps_growth_year": 1450,
            "eps_4q": 1.05,
            "eps_4q_growth_year": 126.99,
            "roe": 2.55,
            "gross_profit": 59522,
            "gross_margin": 12.79,
            "net_income": 23722,
            "revenue": 465281,
            "common_shares": 678241,
            "equity": 946013,
            "current_ratio": 194.6,
            "debt_ratio": 51.82,
            "inventory_turnover_ratio": 10.35,
            "account_receivable_turnover_ratio": 1.08,
            "reinvestment_rate": 15.39,
            "research_to_sale_ratio": null,
            "price_fair": 30.49,
            "eps_avg_yearly": 0.87,
            "eps_latest_yearly": 1.24,
            "eps_growth_yearly": 848.19
        },
        "20183": {
            "year_quarter": 20183,
            "year": 2018,
            "quarter": 3,
            "eps": -1.74,
            "eps_growth_year": -4450,
            "eps_4q": -0.72,
            "eps_4q_growth_year": -284.38,
            "roe": -13.98,
            "gross_profit": 45944,
            "gross_margin": 12.11,
            "net_income": -127868,
            "revenue": 379379,
            "common_shares": 731405,
            "equity": 883333,
            "current_ratio": 176.74,
            "debt_ratio": 51.01,
            "inventory_turnover_ratio": 6.55,
            "account_receivable_turnover_ratio": 0.78,
            "reinvestment_rate": null,
            "research_to_sale_ratio": null,
            "price_fair": 29.93,
            "eps_avg_yearly": 0.86,
            "eps_latest_yearly": 1.24,
            "eps_growth_yearly": 920.88
        },
        "20184": {
            "year_quarter": 20184,
            "year": 2018,
            "quarter": 4,
            "eps": -0.81,
            "eps_growth_year": -220.3,
            "eps_4q": -2.15,
            "eps_4q_growth_year": -355.41,
            "roe": -7.64,
            "gross_profit": -41298,
            "gross_margin": -16.66,
            "net_income": -65069,
            "revenue": 247953,
            "common_shares": 735121,
            "equity": 820262,
            "current_ratio": 160.16,
            "debt_ratio": 52.89,
            "inventory_turnover_ratio": 6.57,
            "account_receivable_turnover_ratio": 0.54,
            "reinvestment_rate": null,
            "research_to_sale_ratio": null,
            "price_fair": 29.8,
            "eps_avg_yearly": 0.85,
            "eps_latest_yearly": 1.24,
            "eps_growth_yearly": 1059.29
        },
        "20191": {
            "year_quarter": 20191,
            "year": 2019,
            "quarter": 1,
            "eps": 0,
            "eps_growth_year": -100,
            "eps_4q": -2.23,
            "eps_4q_growth_year": -370.99,
            "roe": -0.25,
            "gross_profit": 40950,
            "gross_margin": 13.43,
            "net_income": -2069,
            "revenue": 304886,
            "common_shares": 735121,
            "equity": 818224,
            "current_ratio": 155.5,
            "debt_ratio": 53.14,
            "inventory_turnover_ratio": 10.06,
            "account_receivable_turnover_ratio": 0.7,
            "reinvestment_rate": null,
            "research_to_sale_ratio": null,
            "price_fair": 29.8,
            "eps_avg_yearly": 0.85,
            "eps_latest_yearly": 1.24,
            "eps_growth_yearly": 1059.29
        },
        "20192": {
            "year_quarter": 20192,
            "year": 2019,
            "quarter": 2,
            "eps": -0.09,
            "eps_growth_year": -129.03,
            "eps_4q": -2.62,
            "eps_4q_growth_year": -349.28,
            "roe": -1.46,
            "gross_profit": 14331,
            "gross_margin": 5.97,
            "net_income": -11915,
            "revenue": 240163,
            "common_shares": 735121,
            "equity": 813179,
            "current_ratio": 142.64,
            "debt_ratio": 52.9,
            "inventory_turnover_ratio": 8.77,
            "account_receivable_turnover_ratio": 0.51,
            "reinvestment_rate": null,
            "research_to_sale_ratio": null,
            "price_fair": 29.8,
            "eps_avg_yearly": 0.85,
            "eps_latest_yearly": 1.24,
            "eps_growth_yearly": 1059.29
        },
        "20193": {
            "year_quarter": 20193,
            "year": 2019,
            "quarter": 3,
            "eps": -0.62,
            "eps_growth_year": null,
            "eps_4q": -1.53,
            "eps_4q_growth_year": null,
            "roe": -6.56,
            "gross_profit": -12812,
            "gross_margin": -4.97,
            "net_income": -51348,
            "revenue": 257752,
            "common_shares": 735121,
            "equity": 751115,
            "current_ratio": 138.78,
            "debt_ratio": 53.21,
            "inventory_turnover_ratio": 8.72,
            "account_receivable_turnover_ratio": 0.53,
            "reinvestment_rate": null,
            "research_to_sale_ratio": null,
            "price_fair": 29.8,
            "eps_avg_yearly": 0.85,
            "eps_latest_yearly": 1.24,
            "eps_growth_yearly": 1059.29
        },
        "20194": {
            "year_quarter": 20194,
            "year": 2019,
            "quarter": 4,
            "eps": -2,
            "eps_growth_year": null,
            "eps_4q": -2.71,
            "eps_4q_growth_year": null,
            "roe": -22.74,
            "gross_profit": -113081,
            "gross_margin": -43.52,
            "net_income": -153337,
            "revenue": 259865,
            "common_shares": 735121,
            "equity": 597333,
            "current_ratio": 117.55,
            "debt_ratio": 60.6,
            "inventory_turnover_ratio": 10.33,
            "account_receivable_turnover_ratio": 0.59,
            "reinvestment_rate": null,
            "research_to_sale_ratio": null,
            "price_fair": 29.8,
            "eps_avg_yearly": 0.85,
            "eps_latest_yearly": 1.24,
            "eps_growth_yearly": 1059.29
        },
        "20201": {
            "year_quarter": 20201,
            "year": 2020,
            "quarter": 1,
            "eps": 0.01,
            "eps_growth_year": null,
            "eps_4q": -2.7,
            "eps_4q_growth_year": null,
            "roe": -0.12,
            "gross_profit": 44729,
            "gross_margin": 11.16,
            "net_income": -719,
            "revenue": 400697,
            "common_shares": 735121,
            "equity": 594356,
            "current_ratio": 117.31,
            "debt_ratio": 61.06,
            "inventory_turnover_ratio": 8.55,
            "account_receivable_turnover_ratio": 1.04,
            "reinvestment_rate": null,
            "research_to_sale_ratio": null,
            "price_fair": 29.8,
            "eps_avg_yearly": 0.85,
            "eps_latest_yearly": 1.24,
            "eps_growth_yearly": 1059.29
        },
        "20202": {
            "year_quarter": 20202,
            "year": 2020,
            "quarter": 2,
            "eps": 0.01,
            "eps_growth_year": null,
            "eps_4q": -2.61,
            "eps_4q_growth_year": null,
            "roe": -0.45,
            "gross_profit": 37959,
            "gross_margin": 9.27,
            "net_income": -2650,
            "revenue": 409554,
            "common_shares": 735121,
            "equity": 581687,
            "current_ratio": 117.97,
            "debt_ratio": 60.21,
            "inventory_turnover_ratio": 14.63,
            "account_receivable_turnover_ratio": 1.22,
            "reinvestment_rate": null,
            "research_to_sale_ratio": null,
            "price_fair": 26.25,
            "eps_avg_yearly": 0.75,
            "eps_latest_yearly": 0.04,
            "eps_growth_yearly": 926.88
        },
        "20203": {
            "year_quarter": 20203,
            "year": 2020,
            "quarter": 3,
            "eps": -0.42,
            "eps_growth_year": null,
            "eps_4q": -2.4,
            "eps_4q_growth_year": null,
            "roe": -5.62,
            "gross_profit": 26923,
            "gross_margin": 7.58,
            "net_income": -31817,
            "revenue": 355185,
            "common_shares": 735121,
            "equity": 550337,
            "current_ratio": 129.19,
            "debt_ratio": 60.91,
            "inventory_turnover_ratio": 38.96,
            "account_receivable_turnover_ratio": 1.18,
            "reinvestment_rate": null,
            "research_to_sale_ratio": null,
            "price_fair": 26.25,
            "eps_avg_yearly": 0.75,
            "eps_latest_yearly": 0.04,
            "eps_growth_yearly": 926.88
        },
        "20204": {
            "year_quarter": 20204,
            "year": 2020,
            "quarter": 4,
            "eps": -0.4,
            "eps_growth_year": null,
            "eps_4q": -0.8,
            "eps_4q_growth_year": null,
            "roe": -6.05,
            "gross_profit": 34790,
            "gross_margin": 7.44,
            "net_income": -32293,
            "revenue": 467667,
            "common_shares": 731471,
            "equity": 517849,
            "current_ratio": 112.8,
            "debt_ratio": 69.93,
            "inventory_turnover_ratio": 48,
            "account_receivable_turnover_ratio": 1.36,
            "reinvestment_rate": null,
            "research_to_sale_ratio": null,
            "price_fair": 25,
            "eps_avg_yearly": 0.71,
            "eps_latest_yearly": 0.04,
            "eps_growth_yearly": 1006.54
        },
        "20211": {
            "year_quarter": 20211,
            "year": 2021,
            "quarter": 1,
            "eps": -0.33,
            "eps_growth_year": -3400,
            "eps_4q": -1.14,
            "eps_4q_growth_year": null,
            "roe": -5.03,
            "gross_profit": 28961,
            "gross_margin": 6.68,
            "net_income": -25389,
            "revenue": 433246,
            "common_shares": 731471,
            "equity": 492417,
            "current_ratio": 117.77,
            "debt_ratio": 69.43,
            "inventory_turnover_ratio": 45.39,
            "account_receivable_turnover_ratio": 1.29,
            "reinvestment_rate": null,
            "research_to_sale_ratio": null,
            "price_fair": 26.6,
            "eps_avg_yearly": 0.76,
            "eps_latest_yearly": 0.04,
            "eps_growth_yearly": 1211.63
        },
        "20212": {
            "year_quarter": 20212,
            "year": 2021,
            "quarter": 2,
            "eps": -0.01,
            "eps_growth_year": -200,
            "eps_4q": -1.16,
            "eps_4q_growth_year": null,
            "roe": -0.54,
            "gross_profit": 51672,
            "gross_margin": 9.67,
            "net_income": -2634,
            "revenue": 534104,
            "common_shares": 731471,
            "equity": 491086,
            "current_ratio": 118.78,
            "debt_ratio": 70.08,
            "inventory_turnover_ratio": 60.71,
            "account_receivable_turnover_ratio": 1.7,
            "reinvestment_rate": null,
            "research_to_sale_ratio": null,
            "price_fair": 31.36,
            "eps_avg_yearly": 0.9,
            "eps_latest_yearly": 0.04,
            "eps_growth_yearly": 1519.41
        },
        "20213": {
            "year_quarter": 20213,
            "year": 2021,
            "quarter": 3,
            "eps": -0.74,
            "eps_growth_year": null,
            "eps_4q": -1.48,
            "eps_4q_growth_year": null,
            "roe": -11.35,
            "gross_profit": 8832,
            "gross_margin": 2.67,
            "net_income": -55168,
            "revenue": 330367,
            "common_shares": 731471,
            "equity": 480664,
            "current_ratio": 143.33,
            "debt_ratio": 73.36,
            "inventory_turnover_ratio": 41.17,
            "account_receivable_turnover_ratio": 1.05,
            "reinvestment_rate": null,
            "research_to_sale_ratio": null,
            "price_fair": 37.8,
            "eps_avg_yearly": 1.08,
            "eps_latest_yearly": 0.04,
            "eps_growth_yearly": 1799.26
        },
        "20214": {
            "year_quarter": 20214,
            "year": 2021,
            "quarter": 4,
            "eps": -3.1,
            "eps_growth_year": null,
            "eps_4q": -4.18,
            "eps_4q_growth_year": null,
            "roe": -60.43,
            "gross_profit": -35059,
            "gross_margin": -10.92,
            "net_income": -226993,
            "revenue": 320932,
            "common_shares": 731471,
            "equity": 270596,
            "current_ratio": 131.57,
            "debt_ratio": 82.24,
            "inventory_turnover_ratio": 85.34,
            "account_receivable_turnover_ratio": 0.96,
            "reinvestment_rate": null,
            "research_to_sale_ratio": null,
            "price_fair": 18.67,
            "eps_avg_yearly": 0.53,
            "eps_latest_yearly": 0.04,
            "eps_growth_yearly": 265.69
        },
        "20221": {
            "year_quarter": 20221,
            "year": 2022,
            "quarter": 1,
            "eps": 0.2,
            "eps_growth_year": null,
            "eps_4q": -3.41,
            "eps_4q_growth_year": null,
            "roe": 4.78,
            "gross_profit": 49931,
            "gross_margin": 9.5,
            "net_income": 15080,
            "revenue": 525714,
            "common_shares": 781471,
            "equity": 360155,
            "current_ratio": 150.45,
            "debt_ratio": 74.97,
            "inventory_turnover_ratio": 889.31,
            "account_receivable_turnover_ratio": 1.46,
            "reinvestment_rate": null,
            "research_to_sale_ratio": null,
            "price_fair": 22.4,
            "eps_avg_yearly": 0.64,
            "eps_latest_yearly": 0.04,
            "eps_growth_yearly": 575
        },
        "20222": {
            "year_quarter": 20222,
            "year": 2022,
            "quarter": 2,
            "eps": 0.02,
            "eps_growth_year": null,
            "eps_4q": -3.38,
            "eps_4q_growth_year": null,
            "roe": 0.52,
            "gross_profit": 35139,
            "gross_margin": 9.09,
            "net_income": 1876,
            "revenue": 386642,
            "common_shares": 781471,
            "equity": 362235,
            "current_ratio": 150.27,
            "debt_ratio": 74.47,
            "inventory_turnover_ratio": 657.01,
            "account_receivable_turnover_ratio": 0.99,
            "reinvestment_rate": null,
            "research_to_sale_ratio": null,
            "price_fair": 0.18,
            "eps_avg_yearly": 0.06,
            "eps_latest_yearly": 0.08,
            "eps_growth_yearly": -180
        }
    },
    "months": {
        "2002-08": {
            "month": "2002-08",
            "price": "23.72",
            "revenue": 30903
        },
        "2002-09": {
            "month": "2002-09",
            "price": "18.69",
            "revenue": 196142
        },
        "2002-10": {
            "month": "2002-10",
            "price": "18.05",
            "revenue": 4889
        },
        "2002-11": {
            "month": "2002-11",
            "price": "21.94",
            "revenue": 15246
        },
        "2002-12": {
            "month": "2002-12",
            "price": "19.00",
            "revenue": 281412
        },
        "2003-01": {
            "month": "2003-01",
            "price": "18.57",
            "revenue": 1709
        },
        "2003-02": {
            "month": "2003-02",
            "price": "17.36",
            "revenue": 4536
        },
        "2003-03": {
            "month": "2003-03",
            "price": "16.99",
            "revenue": 90370
        },
        "2003-04": {
            "month": "2003-04",
            "price": "15.62",
            "revenue": 2154
        },
        "2003-05": {
            "month": "2003-05",
            "price": "13.40",
            "revenue": 19601
        },
        "2003-06": {
            "month": "2003-06",
            "price": "15.16",
            "revenue": 87879
        },
        "2003-07": {
            "month": "2003-07",
            "price": "14.44",
            "revenue": 46620
        },
        "2003-08": {
            "month": "2003-08",
            "price": "13.75",
            "revenue": 171997
        },
        "2003-09": {
            "month": "2003-09",
            "price": "13.27",
            "revenue": 122743
        },
        "2003-10": {
            "month": "2003-10",
            "price": "13.23",
            "revenue": 54318
        },
        "2003-11": {
            "month": "2003-11",
            "price": "13.87",
            "revenue": 131100
        },
        "2003-12": {
            "month": "2003-12",
            "price": "16.07",
            "revenue": 390791
        },
        "2004-01": {
            "month": "2004-01",
            "price": "16.77",
            "revenue": 32012
        },
        "2004-02": {
            "month": "2004-02",
            "price": "17.02",
            "revenue": 33447
        },
        "2004-03": {
            "month": "2004-03",
            "price": "17.23",
            "revenue": 12660
        },
        "2004-04": {
            "month": "2004-04",
            "price": "17.66",
            "revenue": 29784
        },
        "2004-05": {
            "month": "2004-05",
            "price": "15.96",
            "revenue": 62806
        },
        "2004-06": {
            "month": "2004-06",
            "price": "15.40",
            "revenue": 153395
        },
        "2004-07": {
            "month": "2004-07",
            "price": "14.32",
            "revenue": 12388
        },
        "2004-08": {
            "month": "2004-08",
            "price": "13.02",
            "revenue": 413062
        },
        "2004-09": {
            "month": "2004-09",
            "price": "13.75",
            "revenue": 48446
        },
        "2004-10": {
            "month": "2004-10",
            "price": "13.20",
            "revenue": 16171
        },
        "2004-11": {
            "month": "2004-11",
            "price": "12.08",
            "revenue": 18665
        },
        "2004-12": {
            "month": "2004-12",
            "price": "11.12",
            "revenue": 486520
        },
        "2005-01": {
            "month": "2005-01",
            "price": "10.88",
            "revenue": 43592
        },
        "2005-02": {
            "month": "2005-02",
            "price": "10.70",
            "revenue": 120399
        },
        "2005-03": {
            "month": "2005-03",
            "price": "12.39",
            "revenue": 534578
        },
        "2005-04": {
            "month": "2005-04",
            "price": "14.54",
            "revenue": 40667
        },
        "2005-05": {
            "month": "2005-05",
            "price": "15.35",
            "revenue": 17133
        },
        "2005-06": {
            "month": "2005-06",
            "price": "14.44",
            "revenue": 576568
        },
        "2005-07": {
            "month": "2005-07",
            "price": "16.27",
            "revenue": 16089
        },
        "2005-08": {
            "month": "2005-08",
            "price": "14.70",
            "revenue": 23349
        },
        "2005-09": {
            "month": "2005-09",
            "price": "11.72",
            "revenue": 48659
        },
        "2005-10": {
            "month": "2005-10",
            "price": "10.15",
            "revenue": 68732
        },
        "2005-11": {
            "month": "2005-11",
            "price": "9.28",
            "revenue": 92781
        },
        "2005-12": {
            "month": "2005-12",
            "price": "10.39",
            "revenue": 1099202
        },
        "2006-01": {
            "month": "2006-01",
            "price": "11.09",
            "revenue": 332609
        },
        "2006-02": {
            "month": "2006-02",
            "price": "10.32",
            "revenue": 58536
        },
        "2006-03": {
            "month": "2006-03",
            "price": "9.25",
            "revenue": 171507
        },
        "2006-04": {
            "month": "2006-04",
            "price": "9.28",
            "revenue": 171760
        },
        "2006-05": {
            "month": "2006-05",
            "price": "9.32",
            "revenue": 179154
        },
        "2006-06": {
            "month": "2006-06",
            "price": "7.90",
            "revenue": 140538
        },
        "2006-07": {
            "month": "2006-07",
            "price": "7.27",
            "revenue": 136009
        },
        "2006-08": {
            "month": "2006-08",
            "price": "6.93",
            "revenue": 79696
        },
        "2006-09": {
            "month": "2006-09",
            "price": "6.77",
            "revenue": 592990
        },
        "2006-10": {
            "month": "2006-10",
            "price": "8.12",
            "revenue": 70355
        },
        "2006-11": {
            "month": "2006-11",
            "price": "6.90",
            "revenue": 172478
        },
        "2006-12": {
            "month": "2006-12",
            "price": "6.44",
            "revenue": 27467
        },
        "2007-01": {
            "month": "2007-01",
            "price": "5.91",
            "revenue": 57424
        },
        "2007-02": {
            "month": "2007-02",
            "price": "3.74",
            "revenue": 117383
        },
        "2007-03": {
            "month": "2007-03",
            "price": "3.03",
            "revenue": 415933
        },
        "2007-04": {
            "month": "2007-04",
            "price": "3.23",
            "revenue": 3099
        },
        "2007-05": {
            "month": "2007-05",
            "price": "2.83",
            "revenue": 11746
        },
        "2007-06": {
            "month": "2007-06",
            "price": "2.73",
            "revenue": 3661
        },
        "2007-07": {
            "month": "2007-07",
            "price": "3.95",
            "revenue": 1441
        },
        "2007-08": {
            "month": "2007-08",
            "price": "4.10",
            "revenue": 7161
        },
        "2007-09": {
            "month": "2007-09",
            "price": "4.03",
            "revenue": 40409
        },
        "2007-10": {
            "month": "2007-10",
            "price": "3.78",
            "revenue": 3296
        },
        "2007-11": {
            "month": "2007-11",
            "price": "3.57",
            "revenue": 189184
        },
        "2007-12": {
            "month": "2007-12",
            "price": "3.03",
            "revenue": 332593
        },
        "2008-01": {
            "month": "2008-01",
            "price": "3.15",
            "revenue": 6520
        },
        "2008-02": {
            "month": "2008-02",
            "price": "2.86",
            "revenue": 13945
        },
        "2008-03": {
            "month": "2008-03",
            "price": "2.75",
            "revenue": 23957
        },
        "2008-04": {
            "month": "2008-04",
            "price": "2.74",
            "revenue": 5579
        },
        "2008-05": {
            "month": "2008-05",
            "price": "2.04",
            "revenue": 6180
        },
        "2008-06": {
            "month": "2008-06",
            "price": "1.82",
            "revenue": 171675
        },
        "2008-07": {
            "month": "2008-07",
            "price": "1.36",
            "revenue": 43275
        },
        "2008-08": {
            "month": "2008-08",
            "price": "1.58",
            "revenue": 76854
        },
        "2008-09": {
            "month": "2008-09",
            "price": "1.52",
            "revenue": 82544
        },
        "2008-10": {
            "month": "2008-10",
            "price": "1.56",
            "revenue": 78014
        },
        "2008-11": {
            "month": "2008-11",
            "price": "1.11",
            "revenue": 149881
        },
        "2008-12": {
            "month": "2008-12",
            "price": "4.56",
            "revenue": 123704
        },
        "2009-01": {
            "month": "2009-01",
            "price": "4.53",
            "revenue": 46921
        },
        "2009-02": {
            "month": "2009-02",
            "price": "6.13",
            "revenue": 14249
        },
        "2009-03": {
            "month": "2009-03",
            "price": "6.03",
            "revenue": 24536
        },
        "2009-04": {
            "month": "2009-04",
            "price": "7.16",
            "revenue": 6725
        },
        "2009-05": {
            "month": "2009-05",
            "price": "10.79",
            "revenue": 3208
        },
        "2009-06": {
            "month": "2009-06",
            "price": "10.46",
            "revenue": 18142
        },
        "2009-07": {
            "month": "2009-07",
            "price": "9.04",
            "revenue": 10383
        },
        "2009-08": {
            "month": "2009-08",
            "price": "10.06",
            "revenue": 14671
        },
        "2009-09": {
            "month": "2009-09",
            "price": "10.76",
            "revenue": 7494
        },
        "2009-10": {
            "month": "2009-10",
            "price": "13.65",
            "revenue": 11512
        },
        "2009-11": {
            "month": "2009-11",
            "price": "12.70",
            "revenue": 12628
        },
        "2009-12": {
            "month": "2009-12",
            "price": "17.03",
            "revenue": 86721
        },
        "2010-01": {
            "month": "2010-01",
            "price": "16.21",
            "revenue": 7564
        },
        "2010-02": {
            "month": "2010-02",
            "price": "15.31",
            "revenue": 99139
        },
        "2010-03": {
            "month": "2010-03",
            "price": "16.87",
            "revenue": 26443
        },
        "2010-04": {
            "month": "2010-04",
            "price": "18.27",
            "revenue": 10726
        },
        "2010-05": {
            "month": "2010-05",
            "price": "16.41",
            "revenue": 31644
        },
        "2010-06": {
            "month": "2010-06",
            "price": "16.66",
            "revenue": 135361
        },
        "2010-07": {
            "month": "2010-07",
            "price": "17.42",
            "revenue": 23239
        },
        "2010-08": {
            "month": "2010-08",
            "price": "18.67",
            "revenue": 23227
        },
        "2010-09": {
            "month": "2010-09",
            "price": "18.01",
            "revenue": 185590
        },
        "2010-10": {
            "month": "2010-10",
            "price": "17.91",
            "revenue": 11222
        },
        "2010-11": {
            "month": "2010-11",
            "price": "16.87",
            "revenue": 96655
        },
        "2010-12": {
            "month": "2010-12",
            "price": "17.20",
            "revenue": 129348
        },
        "2011-01": {
            "month": "2011-01",
            "price": "17.96",
            "revenue": 30345
        },
        "2011-02": {
            "month": "2011-02",
            "price": "19.63",
            "revenue": 144975
        },
        "2011-03": {
            "month": "2011-03",
            "price": "18.93",
            "revenue": 99775
        },
        "2011-04": {
            "month": "2011-04",
            "price": "18.44",
            "revenue": 119581
        },
        "2011-05": {
            "month": "2011-05",
            "price": "17.56",
            "revenue": 92803
        },
        "2011-06": {
            "month": "2011-06",
            "price": "17.35",
            "revenue": 109815
        },
        "2011-07": {
            "month": "2011-07",
            "price": "16.70",
            "revenue": 47846
        },
        "2011-08": {
            "month": "2011-08",
            "price": "15.81",
            "revenue": 19487
        },
        "2011-09": {
            "month": "2011-09",
            "price": "15.85",
            "revenue": 281837
        },
        "2011-10": {
            "month": "2011-10",
            "price": "13.76",
            "revenue": 6009
        },
        "2011-11": {
            "month": "2011-11",
            "price": "13.39",
            "revenue": 36643
        },
        "2011-12": {
            "month": "2011-12",
            "price": "11.45",
            "revenue": 148408
        },
        "2012-01": {
            "month": "2012-01",
            "price": "11.97",
            "revenue": 13343
        },
        "2012-02": {
            "month": "2012-02",
            "price": "13.12",
            "revenue": 708634
        },
        "2012-03": {
            "month": "2012-03",
            "price": "14.44",
            "revenue": 120081
        },
        "2012-04": {
            "month": "2012-04",
            "price": "15.14",
            "revenue": 49393
        },
        "2012-05": {
            "month": "2012-05",
            "price": "13.20",
            "revenue": 16873
        },
        "2012-06": {
            "month": "2012-06",
            "price": "12.63",
            "revenue": 9487
        },
        "2012-07": {
            "month": "2012-07",
            "price": "12.78",
            "revenue": 8460
        },
        "2012-08": {
            "month": "2012-08",
            "price": "13.62",
            "revenue": 5750
        },
        "2012-09": {
            "month": "2012-09",
            "price": "13.25",
            "revenue": 64681
        },
        "2012-10": {
            "month": "2012-10",
            "price": "14.27",
            "revenue": 2839
        },
        "2012-11": {
            "month": "2012-11",
            "price": "13.14",
            "revenue": 83851
        },
        "2012-12": {
            "month": "2012-12",
            "price": "13.35",
            "revenue": 51296
        },
        "2013-01": {
            "month": "2013-01",
            "price": "14.59",
            "revenue": 12090
        },
        "2013-02": {
            "month": "2013-02",
            "price": "14.25",
            "revenue": 12914
        },
        "2013-03": {
            "month": "2013-03",
            "price": "14.38",
            "revenue": 12442
        },
        "2013-04": {
            "month": "2013-04",
            "price": "14.31",
            "revenue": 15655
        },
        "2013-05": {
            "month": "2013-05",
            "price": "14.66",
            "revenue": 23944
        },
        "2013-06": {
            "month": "2013-06",
            "price": "14.39",
            "revenue": 17145
        },
        "2013-07": {
            "month": "2013-07",
            "price": "13.51",
            "revenue": 19027
        },
        "2013-08": {
            "month": "2013-08",
            "price": "12.80",
            "revenue": 33081
        },
        "2013-09": {
            "month": "2013-09",
            "price": "12.22",
            "revenue": 40796
        },
        "2013-10": {
            "month": "2013-10",
            "price": "12.05",
            "revenue": 50363
        },
        "2013-11": {
            "month": "2013-11",
            "price": "12.52",
            "revenue": 103140
        },
        "2013-12": {
            "month": "2013-12",
            "price": "12.21",
            "revenue": 323002
        },
        "2014-01": {
            "month": "2014-01",
            "price": "14.17",
            "revenue": 58273
        },
        "2014-02": {
            "month": "2014-02",
            "price": "14.91",
            "revenue": 98440
        },
        "2014-03": {
            "month": "2014-03",
            "price": "15.86",
            "revenue": 107543
        },
        "2014-04": {
            "month": "2014-04",
            "price": "17.37",
            "revenue": 126947
        },
        "2014-05": {
            "month": "2014-05",
            "price": "18.45",
            "revenue": 131933
        },
        "2014-06": {
            "month": "2014-06",
            "price": "23.81",
            "revenue": 145182
        },
        "2014-07": {
            "month": "2014-07",
            "price": "25.89",
            "revenue": 118374
        },
        "2014-08": {
            "month": "2014-08",
            "price": "23.11",
            "revenue": 126980
        },
        "2014-09": {
            "month": "2014-09",
            "price": "21.34",
            "revenue": 106730
        },
        "2014-10": {
            "month": "2014-10",
            "price": "21.22",
            "revenue": 128517
        },
        "2014-11": {
            "month": "2014-11",
            "price": "21.85",
            "revenue": 155086
        },
        "2014-12": {
            "month": "2014-12",
            "price": "24.19",
            "revenue": 147894
        },
        "2015-01": {
            "month": "2015-01",
            "price": "21.05",
            "revenue": 109687
        },
        "2015-02": {
            "month": "2015-02",
            "price": "20.56",
            "revenue": 87243
        },
        "2015-03": {
            "month": "2015-03",
            "price": "20.92",
            "revenue": 83166
        },
        "2015-04": {
            "month": "2015-04",
            "price": "21.03",
            "revenue": 83950
        },
        "2015-05": {
            "month": "2015-05",
            "price": "18.50",
            "revenue": 101259
        },
        "2015-06": {
            "month": "2015-06",
            "price": "15.72",
            "revenue": 88597
        },
        "2015-07": {
            "month": "2015-07",
            "price": "15.61",
            "revenue": 90807
        },
        "2015-08": {
            "month": "2015-08",
            "price": "16.33",
            "revenue": 119961
        },
        "2015-09": {
            "month": "2015-09",
            "price": "18.04",
            "revenue": 72096
        },
        "2015-10": {
            "month": "2015-10",
            "price": "17.04",
            "revenue": 103355
        },
        "2015-11": {
            "month": "2015-11",
            "price": "17.77",
            "revenue": 107083
        },
        "2015-12": {
            "month": "2015-12",
            "price": "16.02",
            "revenue": 72671
        },
        "2016-01": {
            "month": "2016-01",
            "price": "15.29",
            "revenue": 147103
        },
        "2016-02": {
            "month": "2016-02",
            "price": "15.57",
            "revenue": 88785
        },
        "2016-03": {
            "month": "2016-03",
            "price": "16.39",
            "revenue": 132509
        },
        "2016-04": {
            "month": "2016-04",
            "price": "16.08",
            "revenue": 70789
        },
        "2016-05": {
            "month": "2016-05",
            "price": "15.83",
            "revenue": 99083
        },
        "2016-06": {
            "month": "2016-06",
            "price": "15.48",
            "revenue": 118657
        },
        "2016-07": {
            "month": "2016-07",
            "price": "17.84",
            "revenue": 147995
        },
        "2016-08": {
            "month": "2016-08",
            "price": "18.99",
            "revenue": 183973
        },
        "2016-09": {
            "month": "2016-09",
            "price": "16.95",
            "revenue": 255634
        },
        "2016-10": {
            "month": "2016-10",
            "price": "17.63",
            "revenue": 123840
        },
        "2016-11": {
            "month": "2016-11",
            "price": "17.10",
            "revenue": 191827
        },
        "2016-12": {
            "month": "2016-12",
            "price": "18.04",
            "revenue": 211518
        },
        "2017-01": {
            "month": "2017-01",
            "price": "18.08",
            "revenue": 104346
        },
        "2017-02": {
            "month": "2017-02",
            "price": "19.74",
            "revenue": 73356
        },
        "2017-03": {
            "month": "2017-03",
            "price": "24.86",
            "revenue": 187952
        },
        "2017-04": {
            "month": "2017-04",
            "price": "33.18",
            "revenue": 150371
        },
        "2017-05": {
            "month": "2017-05",
            "price": "40.24",
            "revenue": 116415
        },
        "2017-06": {
            "month": "2017-06",
            "price": "43.63",
            "revenue": 165012
        },
        "2017-07": {
            "month": "2017-07",
            "price": "46.75",
            "revenue": 108561
        },
        "2017-08": {
            "month": "2017-08",
            "price": "56.04",
            "revenue": 112628
        },
        "2017-09": {
            "month": "2017-09",
            "price": "70.23",
            "revenue": 127935
        },
        "2017-10": {
            "month": "2017-10",
            "price": "65.78",
            "revenue": 93158
        },
        "2017-11": {
            "month": "2017-11",
            "price": "71.91",
            "revenue": 157045
        },
        "2017-12": {
            "month": "2017-12",
            "price": "73.77",
            "revenue": 146825
        },
        "2018-01": {
            "month": "2018-01",
            "price": "83.61",
            "revenue": 61638
        },
        "2018-02": {
            "month": "2018-02",
            "price": "81.44",
            "revenue": 84378
        },
        "2018-03": {
            "month": "2018-03",
            "price": "83.71",
            "revenue": 110243
        },
        "2018-04": {
            "month": "2018-04",
            "price": "82.87",
            "revenue": 206663
        },
        "2018-05": {
            "month": "2018-05",
            "price": "80.76",
            "revenue": 101771
        },
        "2018-06": {
            "month": "2018-06",
            "price": "79.28",
            "revenue": 160219
        },
        "2018-07": {
            "month": "2018-07",
            "price": "76.97",
            "revenue": 124430
        },
        "2018-08": {
            "month": "2018-08",
            "price": "52.47",
            "revenue": 161430
        },
        "2018-09": {
            "month": "2018-09",
            "price": "33.94",
            "revenue": 94078
        },
        "2018-10": {
            "month": "2018-10",
            "price": "28.92",
            "revenue": 90768
        },
        "2018-11": {
            "month": "2018-11",
            "price": "28.00",
            "revenue": 58816
        },
        "2018-12": {
            "month": "2018-12",
            "price": "32.70",
            "revenue": 99369
        },
        "2019-01": {
            "month": "2019-01",
            "price": "31.87",
            "revenue": 103693
        },
        "2019-02": {
            "month": "2019-02",
            "price": "33.05",
            "revenue": 49067
        },
        "2019-03": {
            "month": "2019-03",
            "price": "30.97",
            "revenue": 152214
        },
        "2019-04": {
            "month": "2019-04",
            "price": "29.78",
            "revenue": 97785
        },
        "2019-05": {
            "month": "2019-05",
            "price": "28.48",
            "revenue": 65231
        },
        "2019-06": {
            "month": "2019-06",
            "price": "27.48",
            "revenue": 76476
        },
        "2019-07": {
            "month": "2019-07",
            "price": "26.23",
            "revenue": 69152
        },
        "2019-08": {
            "month": "2019-08",
            "price": "23.72",
            "revenue": 68732
        },
        "2019-09": {
            "month": "2019-09",
            "price": "25.21",
            "revenue": 126144
        },
        "2019-10": {
            "month": "2019-10",
            "price": "23.10",
            "revenue": 66520
        },
        "2019-11": {
            "month": "2019-11",
            "price": "23.37",
            "revenue": 82423
        },
        "2019-12": {
            "month": "2019-12",
            "price": "22.74",
            "revenue": 101545
        },
        "2020-01": {
            "month": "2020-01",
            "price": "22.12",
            "revenue": 141760
        },
        "2020-02": {
            "month": "2020-02",
            "price": "25.72",
            "revenue": 68014
        },
        "2020-03": {
            "month": "2020-03",
            "price": "18.56",
            "revenue": 188517
        },
        "2020-04": {
            "month": "2020-04",
            "price": "16.80",
            "revenue": 94158
        },
        "2020-05": {
            "month": "2020-05",
            "price": "18.69",
            "revenue": 144336
        },
        "2020-06": {
            "month": "2020-06",
            "price": "18.56",
            "revenue": 173571
        },
        "2020-07": {
            "month": "2020-07",
            "price": "20.60",
            "revenue": 82957
        },
        "2020-08": {
            "month": "2020-08",
            "price": "20.59",
            "revenue": 129347
        },
        "2020-09": {
            "month": "2020-09",
            "price": "21.40",
            "revenue": 132687
        },
        "2020-10": {
            "month": "2020-10",
            "price": "20.63",
            "revenue": 116875
        },
        "2020-11": {
            "month": "2020-11",
            "price": "19.64",
            "revenue": 182400
        },
        "2020-12": {
            "month": "2020-12",
            "price": "18.44",
            "revenue": 154042
        },
        "2021-01": {
            "month": "2021-01",
            "price": "16.77",
            "revenue": 158588
        },
        "2021-02": {
            "month": "2021-02",
            "price": "15.94",
            "revenue": 107377
        },
        "2021-03": {
            "month": "2021-03",
            "price": "17.13",
            "revenue": 167289
        },
        "2021-04": {
            "month": "2021-04",
            "price": "18.25",
            "revenue": 166449
        },
        "2021-05": {
            "month": "2021-05",
            "price": "16.63",
            "revenue": 205849
        },
        "2021-06": {
            "month": "2021-06",
            "price": "16.05",
            "revenue": 161798
        },
        "2021-07": {
            "month": "2021-07",
            "price": "16.67",
            "revenue": 101433
        },
        "2021-08": {
            "month": "2021-08",
            "price": "16.49",
            "revenue": 85174
        },
        "2021-09": {
            "month": "2021-09",
            "price": "17.62",
            "revenue": 98075
        },
        "2021-10": {
            "month": "2021-10",
            "price": "16.81",
            "revenue": 129502
        },
        "2021-11": {
            "month": "2021-11",
            "price": "16.48",
            "revenue": 144558
        },
        "2021-12": {
            "month": "2021-12",
            "price": "17.88",
            "revenue": 70693
        },
        "2022-01": {
            "month": "2022-01",
            "price": "17.61",
            "revenue": 166420
        },
        "2022-02": {
            "month": "2022-02",
            "price": "17.34",
            "revenue": 152750
        },
        "2022-03": {
            "month": "2022-03",
            "price": "20.10",
            "revenue": 206544
        },
        "2022-04": {
            "month": "2022-04",
            "price": "17.87",
            "revenue": 96664
        },
        "2022-05": {
            "month": "2022-05",
            "price": "14.20",
            "revenue": 152515
        },
        "2022-06": {
            "month": "2022-06",
            "price": "12.61",
            "revenue": 137463
        },
        "2022-07": {
            "month": "2022-07",
            "price": "10.49",
            "revenue": 92295
        },
        "2022-08": {
            "month": "2022-08",
            "price": "10.60",
            "revenue": 99721
        },
        "2022-09": {
            "month": "2022-09",
            "price": "9.92",
            "revenue": 14483
        },
        "2022-10": {
            "month": "2022-10",
            "price": "8.78",
            "revenue": 86749
        },
        "2022-11": {
            "month": "2022-11",
            "price": "8.18",
            "revenue": 98722
        }
    }
}
