{
    "summary": {
        "stock_name": "亞光",
        "stock_id": "3019",
        "category": "光電",
        "main_business": "照相機、距離計、攝影機、望遠鏡、顯微鏡、複印機<br>傳真機、光碟機用光學鏡片及光學鏡片組合體之製造<br>、加工與外銷等",
        "website_url": "http://www.asia-optical.com",
        "ceo": "林泰朗",
        "pe_ratio": 21,
        "report_year_from": 2001,
        "report_year_to": 2023,
        "age": 22,
        "eps_negative_percentage": 26,
        "eps_growth_avg": {
            "last_all": 6.13,
            "last_2y": 0.95,
            "last_4y": 13.31,
            "last_8y": 35.81,
            "last_12y": 35.81,
            "last_16y": 5.38,
            "last_20y": 6.13,
            "at_2006_last_3y": -0.55,
            "at_2007_last_3y": -0.17,
            "at_2008_last_3y": -24.4,
            "at_2009_last_3y": -47.87,
            "at_2010_last_3y": -53.4,
            "at_2011_last_3y": -76.91,
            "at_2012_last_3y": -100,
            "at_2013_last_3y": null,
            "at_2014_last_3y": null,
            "at_2015_last_3y": null,
            "at_2016_last_3y": 100,
            "at_2017_last_3y": 92.08,
            "at_2018_last_3y": 86.73,
            "at_2019_last_3y": 61.96,
            "at_2020_last_3y": 22.23,
            "at_2021_last_3y": 26.18,
            "at_2022_last_3y": -2.37,
            "at_2023_last_3y": -2.37,
            "at_2006_last_all": 0.28,
            "at_2007_last_all": -0.83,
            "at_2008_last_all": -8.4,
            "at_2009_last_all": -19.85,
            "at_2010_last_all": -19.85,
            "at_2011_last_all": -19.85,
            "at_2012_last_all": -19.85,
            "at_2013_last_all": -19.85,
            "at_2014_last_all": -19.85,
            "at_2015_last_all": -19.85,
            "at_2016_last_all": -6.53,
            "at_2017_last_all": 2.54,
            "at_2018_last_all": 9.22,
            "at_2019_last_all": 7.42,
            "at_2020_last_all": 2.32,
            "at_2021_last_all": 9.29,
            "at_2022_last_all": 6.13,
            "at_2023_last_all": 6.13
        },
        "latest_eps": 3.1,
        "latest_price": 64,
        "latest_roe": 8.95,
        "latest_gross_margin": 16.53,
        "latest_equity": 13899207,
        "latest_revenue": 3835897,
        "latest_gross_profit": 634027,
        "latest_net_income": 82968,
        "latest_debt_ratio": 32.2,
        "latest_current_ratio": 269.81,
        "latest_account_receivable_turnover_ratio": 1.02,
        "latest_inventory_turnover_ratio": 0.93,
        "latest_reinvestment_rate": -16.64,
        "latest_research_to_sale_ratio": 4.89
    },
    "eps_dividends": {
        "2000": {
            "cash": 1,
            "stock": 5,
            "eps": 0
        },
        "2001": {
            "cash": 1,
            "stock": 4,
            "eps": 10.5
        },
        "2002": {
            "cash": 1,
            "stock": 4,
            "eps": 10.88
        },
        "2003": {
            "cash": 3,
            "stock": 2,
            "eps": 10.02
        },
        "2004": {
            "cash": 4,
            "stock": 1,
            "eps": 14.34
        },
        "2005": {
            "cash": 4,
            "stock": 1,
            "eps": 13.46
        },
        "2006": {
            "cash": 5,
            "stock": 1,
            "eps": 9.25
        },
        "2007": {
            "cash": 4,
            "stock": 0,
            "eps": 8.66
        },
        "2008": {
            "cash": 4,
            "stock": 0,
            "eps": 4
        },
        "2009": {
            "cash": 1,
            "stock": 0,
            "eps": -1.74
        },
        "2010": {
            "cash": 0,
            "stock": 0,
            "eps": -3.75
        },
        "2011": {
            "cash": 0,
            "stock": 0,
            "eps": -7.36
        },
        "2012": {
            "cash": 0,
            "stock": 0,
            "eps": -1.54
        },
        "2013": {
            "cash": 0,
            "stock": 0,
            "eps": -3.05
        },
        "2014": {
            "cash": 0,
            "stock": 0,
            "eps": -1.18
        },
        "2015": {
            "cash": 0,
            "stock": 0,
            "eps": 0.37
        },
        "2016": {
            "cash": 0,
            "stock": 0,
            "eps": 1.2
        },
        "2017": {
            "cash": 1,
            "stock": 0,
            "eps": 2.21
        },
        "2018": {
            "cash": 2,
            "stock": 0,
            "eps": 3.89
        },
        "2019": {
            "cash": 2,
            "stock": 0,
            "eps": 3.41
        },
        "2020": {
            "cash": 2,
            "stock": 0,
            "eps": 1.4
        },
        "2021": {
            "cash": 1,
            "stock": 0,
            "eps": 5.34
        },
        "2022": {
            "cash": 4,
            "stock": 0,
            "eps": 3.3
        },
        "2023": {
            "cash": 2,
            "stock": 0,
            "eps": 0.07
        }
    },
    "dividends": {
        "2000-08-07": {
            "cash": 1,
            "stock": 4.5
        },
        "2001-05-04": {
            "cash": 1,
            "stock": 4
        },
        "2002-04-30": {
            "cash": 1,
            "stock": 4
        },
        "2003-05-27": {
            "cash": 3,
            "stock": 2
        },
        "2004-04-01": {
            "cash": 3.97,
            "stock": 1.49
        },
        "2005-03-31": {
            "cash": 4.49,
            "stock": 1
        },
        "2006-04-24": {
            "cash": 5,
            "stock": 0.5
        },
        "2007-04-09": {
            "cash": 4.4,
            "stock": 0.1
        },
        "2008-04-17": {
            "cash": 4,
            "stock": 0.1
        },
        "2009-04-22": {
            "cash": 0.9,
            "stock": 0.1
        },
        "2017-08-08": {
            "cash": 1,
            "stock": 0
        },
        "2018-08-08": {
            "cash": 1.6,
            "stock": 0
        },
        "2019-08-08": {
            "cash": 2.3,
            "stock": 0
        },
        "2020-08-07": {
            "cash": 2,
            "stock": 0
        },
        "2021-08-31": {
            "cash": 1,
            "stock": 0
        },
        "2022-07-29": {
            "cash": 3.7,
            "stock": 0
        },
        "2023-03-07": {
            "cash": 1.9,
            "stock": 0
        }
    },
    "prices": {
        "200101": "無",
        "200102": "無",
        "200103": "無",
        "200104": "無",
        "200105": "無",
        "200106": "無",
        "200107": "無",
        "200108": "無",
        "200109": "無",
        "200110": "無",
        "200111": "無",
        "200112": "無",
        "200201": "無",
        "200202": "無",
        "200203": "無",
        "200204": "無",
        "200205": "無",
        "200206": "無",
        "200207": "無",
        "200208": "146.20",
        "200209": "137.92",
        "200210": "142.75",
        "200211": "161.14",
        "200212": "180.05",
        "200301": "161.95",
        "200302": "165.81",
        "200303": "168.38",
        "200304": "170.50",
        "200305": "163.67",
        "200306": "180.20",
        "200307": "190.61",
        "200308": "189.76",
        "200309": "225.52",
        "200310": "224.50",
        "200311": "226.00",
        "200312": "236.61",
        "200401": "260.07",
        "200402": "280.75",
        "200403": "291.74",
        "200404": "291.14",
        "200405": "222.33",
        "200406": "214.00",
        "200407": "165.36",
        "200408": "173.20",
        "200409": "180.29",
        "200410": "156.10",
        "200411": "172.64",
        "200412": "174.26",
        "200501": "167.67",
        "200502": "200.08",
        "200503": "202.41",
        "200504": "197.75",
        "200505": "206.50",
        "200506": "217.14",
        "200507": "229.50",
        "200508": "214.14",
        "200509": "207.19",
        "200510": "200.58",
        "200511": "197.20",
        "200512": "222.75",
        "200601": "210.89",
        "200602": "175.24",
        "200603": "143.20",
        "200604": "154.79",
        "200605": "156.60",
        "200606": "148.27",
        "200607": "154.29",
        "200608": "153.89",
        "200609": "150.93",
        "200610": "146.18",
        "200611": "142.84",
        "200612": "136.64",
        "200701": "147.98",
        "200702": "150.21",
        "200703": "143.43",
        "200704": "146.00",
        "200705": "143.34",
        "200706": "154.30",
        "200707": "152.84",
        "200708": "128.65",
        "200709": "113.19",
        "200710": "114.50",
        "200711": "97.27",
        "200712": "86.42",
        "200801": "78.55",
        "200802": "77.80",
        "200803": "81.20",
        "200804": "85.69",
        "200805": "80.67",
        "200806": "70.01",
        "200807": "57.21",
        "200808": "57.50",
        "200809": "44.51",
        "200810": "41.20",
        "200811": "37.94",
        "200812": "36.24",
        "200901": "37.12",
        "200902": "37.33",
        "200903": "39.67",
        "200904": "41.34",
        "200905": "39.02",
        "200906": "45.22",
        "200907": "59.20",
        "200908": "53.53",
        "200909": "55.98",
        "200910": "57.42",
        "200911": "53.60",
        "200912": "61.28",
        "201001": "71.70",
        "201002": "62.96",
        "201003": "64.06",
        "201004": "61.28",
        "201005": "49.84",
        "201006": "53.18",
        "201007": "50.91",
        "201008": "49.30",
        "201009": "49.49",
        "201010": "49.71",
        "201011": "47.81",
        "201012": "59.75",
        "201101": "61.04",
        "201102": "66.86",
        "201103": "67.69",
        "201104": "57.43",
        "201105": "56.17",
        "201106": "51.39",
        "201107": "43.33",
        "201108": "38.78",
        "201109": "35.32",
        "201110": "31.25",
        "201111": "29.55",
        "201112": "23.55",
        "201201": "24.26",
        "201202": "31.72",
        "201203": "33.67",
        "201204": "26.48",
        "201205": "26.23",
        "201206": "28.10",
        "201207": "30.69",
        "201208": "31.33",
        "201209": "32.06",
        "201210": "30.38",
        "201211": "26.35",
        "201212": "27.15",
        "201301": "28.66",
        "201302": "29.94",
        "201303": "30.60",
        "201304": "28.44",
        "201305": "31.48",
        "201306": "32.64",
        "201307": "32.47",
        "201308": "30.34",
        "201309": "30.38",
        "201310": "30.17",
        "201311": "29.01",
        "201312": "28.65",
        "201401": "30.32",
        "201402": "36.61",
        "201403": "34.31",
        "201404": "31.80",
        "201405": "29.70",
        "201406": "32.51",
        "201407": "38.74",
        "201408": "41.64",
        "201409": "49.62",
        "201410": "42.01",
        "201411": "39.28",
        "201412": "39.80",
        "201501": "41.05",
        "201502": "44.76",
        "201503": "44.58",
        "201504": "39.48",
        "201505": "38.91",
        "201506": "37.23",
        "201507": "31.40",
        "201508": "25.76",
        "201509": "30.98",
        "201510": "32.36",
        "201511": "31.92",
        "201512": "29.57",
        "201601": "28.99",
        "201602": "30.59",
        "201603": "29.73",
        "201604": "26.08",
        "201605": "24.67",
        "201606": "26.01",
        "201607": "27.05",
        "201608": "28.95",
        "201609": "30.82",
        "201610": "29.57",
        "201611": "28.58",
        "201612": "30.35",
        "201701": "34.74",
        "201702": "46.12",
        "201703": "52.52",
        "201704": "54.61",
        "201705": "54.70",
        "201706": "53.69",
        "201707": "56.01",
        "201708": "99.70",
        "201709": "120.43",
        "201710": "126.79",
        "201711": "116.86",
        "201712": "102.42",
        "201801": "102.88",
        "201802": "102.02",
        "201803": "106.09",
        "201804": "100.45",
        "201805": "91.81",
        "201806": "100.06",
        "201807": "89.76",
        "201808": "83.13",
        "201809": "72.89",
        "201810": "60.73",
        "201811": "63.00",
        "201812": "65.95",
        "201901": "71.38",
        "201902": "75.95",
        "201903": "84.20",
        "201904": "92.78",
        "201905": "78.54",
        "201906": "79.12",
        "201907": "85.68",
        "201908": "83.00",
        "201909": "82.28",
        "201910": "81.29",
        "201911": "79.91",
        "201912": "87.95",
        "202001": "97.53",
        "202002": "87.99",
        "202003": "68.38",
        "202004": "68.37",
        "202005": "69.72",
        "202006": "70.63",
        "202007": "72.26",
        "202008": "68.42",
        "202009": "65.74",
        "202010": "65.19",
        "202011": "68.66",
        "202012": "73.76",
        "202101": "75.28",
        "202102": "83.98",
        "202103": "88.81",
        "202104": "89.32",
        "202105": "77.42",
        "202106": "83.55",
        "202107": "89.74",
        "202108": "83.12",
        "202109": "79.80",
        "202110": "77.11",
        "202111": "90.26",
        "202112": "94.81",
        "202201": "89.46",
        "202202": "86.08",
        "202203": "78.53",
        "202204": "74.47",
        "202205": "66.63",
        "202206": "66.20",
        "202207": "59.76",
        "202208": "64.62",
        "202209": "60.97",
        "202210": "58.10",
        "202211": "63.22",
        "202212": "62.96",
        "202301": "62.15",
        "202302": "65.84",
        "202303": "66.50",
        "202304": "65.70",
        "202305": "63.44"
    },
    "quarters": {
        "20011": {
            "year_quarter": 20011,
            "year": 2001,
            "quarter": 1,
            "eps": 2.32,
            "eps_growth_year": 63.38,
            "eps_4q": 10.85,
            "eps_4q_growth_year": 53.14,
            "roe": 5.74,
            "roe_4q": 5.74,
            "gross_profit": 60890,
            "gross_margin": 16.92,
            "gross_margin_4q_avg": 16.92,
            "net_income": 125443,
            "revenue": 359766,
            "common_shares": 614307,
            "book_valuer_per_share": 40.66,
            "book_valuer_per_share_4q_avg": 40.66,
            "equity": 2497900,
            "current_ratio": 347.55,
            "debt_ratio": 25.2,
            "inventory_turnover_ratio": 0.79,
            "account_receivable_turnover_ratio": null,
            "reinvestment_rate": null,
            "research_to_sale_ratio": null,
            "price_fair": 0,
            "eps_avg_yearly": 0,
            "eps_latest_yearly": 0,
            "eps_growth_yearly": 0
        },
        "20012": {
            "year_quarter": 20012,
            "year": 2001,
            "quarter": 2,
            "eps": 2.96,
            "eps_growth_year": 116.06,
            "eps_4q": 9.11,
            "eps_4q_growth_year": 59.18,
            "roe": 9.52,
            "roe_4q": 15.26,
            "gross_profit": 73709,
            "gross_margin": 13.33,
            "gross_margin_4q_avg": 15.13,
            "net_income": 246687,
            "revenue": 552865,
            "common_shares": 869263,
            "book_valuer_per_share": 30.9,
            "book_valuer_per_share_4q_avg": 35.78,
            "equity": 2685642,
            "current_ratio": 194.79,
            "debt_ratio": 32.19,
            "inventory_turnover_ratio": 4.37,
            "account_receivable_turnover_ratio": null,
            "reinvestment_rate": null,
            "research_to_sale_ratio": null,
            "price_fair": 0,
            "eps_avg_yearly": 0,
            "eps_latest_yearly": 0,
            "eps_growth_yearly": 0
        },
        "20013": {
            "year_quarter": 20013,
            "year": 2001,
            "quarter": 3,
            "eps": 3.29,
            "eps_growth_year": 17.08,
            "eps_4q": 10.48,
            "eps_4q_growth_year": 37.93,
            "roe": 9.84,
            "roe_4q": 25.1,
            "gross_profit": 95656,
            "gross_margin": 14.44,
            "gross_margin_4q_avg": 14.9,
            "net_income": 278127,
            "revenue": 662567,
            "common_shares": 869263,
            "book_valuer_per_share": 34.12,
            "book_valuer_per_share_4q_avg": 35.23,
            "equity": 2966166,
            "current_ratio": 176.52,
            "debt_ratio": 32.58,
            "inventory_turnover_ratio": 5.3,
            "account_receivable_turnover_ratio": null,
            "reinvestment_rate": null,
            "research_to_sale_ratio": null,
            "price_fair": 0,
            "eps_avg_yearly": 0,
            "eps_latest_yearly": 0,
            "eps_growth_yearly": 0
        },
        "20014": {
            "year_quarter": 20014,
            "year": 2001,
            "quarter": 4,
            "eps": 1.93,
            "eps_growth_year": -55.84,
            "eps_4q": 9.57,
            "eps_4q_growth_year": 0.51,
            "roe": 4.78,
            "roe_4q": 29.880000000000003,
            "gross_profit": 88844,
            "gross_margin": 14.66,
            "gross_margin_4q_avg": 14.84,
            "net_income": 164299,
            "revenue": 605882,
            "common_shares": 869263,
            "book_valuer_per_share": 36.05,
            "book_valuer_per_share_4q_avg": 35.43,
            "equity": 3904228,
            "current_ratio": 188.84,
            "debt_ratio": 49.81,
            "inventory_turnover_ratio": 1.54,
            "account_receivable_turnover_ratio": null,
            "reinvestment_rate": null,
            "research_to_sale_ratio": null,
            "price_fair": 0,
            "eps_avg_yearly": 0,
            "eps_latest_yearly": 0,
            "eps_growth_yearly": 0
        },
        "20021": {
            "year_quarter": 20021,
            "year": 2002,
            "quarter": 1,
            "eps": 1.92,
            "eps_growth_year": -17.24,
            "eps_4q": 9.86,
            "eps_4q_growth_year": -9.12,
            "roe": 4.63,
            "roe_4q": 28.77,
            "gross_profit": 60210,
            "gross_margin": 12.14,
            "gross_margin_4q_avg": 13.64,
            "net_income": 166678,
            "revenue": 495941,
            "common_shares": 869263,
            "book_valuer_per_share": 37.99,
            "book_valuer_per_share_4q_avg": 34.77,
            "equity": 3301931,
            "current_ratio": 465.7,
            "debt_ratio": 53.26,
            "inventory_turnover_ratio": 1.31,
            "account_receivable_turnover_ratio": null,
            "reinvestment_rate": null,
            "research_to_sale_ratio": null,
            "price_fair": 23.04,
            "eps_avg_yearly": 7.68,
            "eps_latest_yearly": 7.68,
            "eps_growth_yearly": -2.07
        },
        "20022": {
            "year_quarter": 20022,
            "year": 2002,
            "quarter": 2,
            "eps": 1.41,
            "eps_growth_year": -52.36,
            "eps_4q": 6.34,
            "eps_4q_growth_year": -30.45,
            "roe": 5.23,
            "roe_4q": 24.48,
            "gross_profit": 104353,
            "gross_margin": 15.34,
            "gross_margin_4q_avg": 14.15,
            "net_income": 174263,
            "revenue": 680170,
            "common_shares": 1231630,
            "book_valuer_per_share": 27.3,
            "book_valuer_per_share_4q_avg": 33.87,
            "equity": 3362761,
            "current_ratio": 289.92,
            "debt_ratio": 52.47,
            "inventory_turnover_ratio": 4.84,
            "account_receivable_turnover_ratio": null,
            "reinvestment_rate": null,
            "research_to_sale_ratio": null,
            "price_fair": 19.98,
            "eps_avg_yearly": 6.66,
            "eps_latest_yearly": 5.64,
            "eps_growth_yearly": -54.16
        },
        "20023": {
            "year_quarter": 20023,
            "year": 2002,
            "quarter": 3,
            "eps": 2.57,
            "eps_growth_year": -21.88,
            "eps_4q": 6.67,
            "eps_4q_growth_year": -36.36,
            "roe": 8.99,
            "roe_4q": 23.630000000000003,
            "gross_profit": 124908,
            "gross_margin": 13.64,
            "gross_margin_4q_avg": 13.95,
            "net_income": 316698,
            "revenue": 916059,
            "common_shares": 1231630,
            "book_valuer_per_share": 29.87,
            "book_valuer_per_share_4q_avg": 32.8,
            "equity": 3679459,
            "current_ratio": 290.73,
            "debt_ratio": 51.68,
            "inventory_turnover_ratio": 6.19,
            "account_receivable_turnover_ratio": null,
            "reinvestment_rate": null,
            "research_to_sale_ratio": null,
            "price_fair": 275.33,
            "eps_avg_yearly": 7.87,
            "eps_latest_yearly": 10.28,
            "eps_growth_yearly": 73.59
        },
        "20024": {
            "year_quarter": 20024,
            "year": 2002,
            "quarter": 4,
            "eps": 4.98,
            "eps_growth_year": 158.03,
            "eps_4q": 10.32,
            "eps_4q_growth_year": 7.81,
            "roe": 15.03,
            "roe_4q": 33.88,
            "gross_profit": 139967,
            "gross_margin": 14.54,
            "gross_margin_4q_avg": 13.92,
            "net_income": 613827,
            "revenue": 962300,
            "common_shares": 1231630,
            "book_valuer_per_share": 34.98,
            "book_valuer_per_share_4q_avg": 32.54,
            "equity": 4490661,
            "current_ratio": 228.68,
            "debt_ratio": 55.67,
            "inventory_turnover_ratio": 2.88,
            "account_receivable_turnover_ratio": null,
            "reinvestment_rate": 111.89,
            "research_to_sale_ratio": null,
            "price_fair": 380.8,
            "eps_avg_yearly": 10.88,
            "eps_latest_yearly": 19.92,
            "eps_growth_yearly": 148.96
        },
        "20031": {
            "year_quarter": 20031,
            "year": 2003,
            "quarter": 1,
            "eps": 3.13,
            "eps_growth_year": 63.02,
            "eps_4q": 12.11,
            "eps_4q_growth_year": 22.84,
            "roe": 8.39,
            "roe_4q": 37.64,
            "gross_profit": 121226,
            "gross_margin": 13.84,
            "gross_margin_4q_avg": 14.34,
            "net_income": 385089,
            "revenue": 875808,
            "common_shares": 1231630,
            "book_valuer_per_share": 38.11,
            "book_valuer_per_share_4q_avg": 32.57,
            "equity": 4694170,
            "current_ratio": 67.11,
            "debt_ratio": 42.72,
            "inventory_turnover_ratio": 2.7,
            "account_receivable_turnover_ratio": null,
            "reinvestment_rate": 58.5,
            "research_to_sale_ratio": null,
            "price_fair": 392.28,
            "eps_avg_yearly": 11.21,
            "eps_latest_yearly": 12.52,
            "eps_growth_yearly": 89.45
        },
        "20032": {
            "year_quarter": 20032,
            "year": 2003,
            "quarter": 2,
            "eps": 3.15,
            "eps_growth_year": 123.4,
            "eps_4q": 11.9,
            "eps_4q_growth_year": 87.7,
            "roe": 10.01,
            "roe_4q": 42.42,
            "gross_profit": 150276,
            "gross_margin": 13.65,
            "gross_margin_4q_avg": 13.92,
            "net_income": 473785,
            "revenue": 1100599,
            "common_shares": 1231630,
            "book_valuer_per_share": 38.76,
            "book_valuer_per_share_4q_avg": 35.43,
            "equity": 4773457,
            "current_ratio": 99.56,
            "debt_ratio": 52.53,
            "inventory_turnover_ratio": 8.06,
            "account_receivable_turnover_ratio": null,
            "reinvestment_rate": 46.57,
            "research_to_sale_ratio": null,
            "price_fair": 400.4,
            "eps_avg_yearly": 11.44,
            "eps_latest_yearly": 12.6,
            "eps_growth_yearly": 74.97
        },
        "20033": {
            "year_quarter": 20033,
            "year": 2003,
            "quarter": 3,
            "eps": 3.74,
            "eps_growth_year": 45.53,
            "eps_4q": 13.5,
            "eps_4q_growth_year": 102.37,
            "roe": 9.91,
            "roe_4q": 43.34,
            "gross_profit": 189274,
            "gross_margin": 12.15,
            "gross_margin_4q_avg": 13.55,
            "net_income": 564454,
            "revenue": 1557374,
            "common_shares": 1588459,
            "book_valuer_per_share": 41.68,
            "book_valuer_per_share_4q_avg": 38.38,
            "equity": 6619975,
            "current_ratio": 130.17,
            "debt_ratio": 37.85,
            "inventory_turnover_ratio": 11.22,
            "account_receivable_turnover_ratio": null,
            "reinvestment_rate": 40.05,
            "research_to_sale_ratio": null,
            "price_fair": 418,
            "eps_avg_yearly": 11.94,
            "eps_latest_yearly": 14.96,
            "eps_growth_yearly": 74.96
        },
        "20034": {
            "year_quarter": 20034,
            "year": 2003,
            "quarter": 4,
            "eps": null,
            "eps_growth_year": null,
            "eps_4q": null,
            "eps_4q_growth_year": null,
            "roe": null,
            "roe_4q": 28.310000000000002,
            "gross_profit": null,
            "gross_margin": null,
            "gross_margin_4q_avg": 9.91,
            "net_income": null,
            "revenue": 16253066,
            "common_shares": 1618512,
            "book_valuer_per_share": 46.93,
            "book_valuer_per_share_4q_avg": 41.37,
            "equity": 8167428,
            "current_ratio": 224.29,
            "debt_ratio": 56.88,
            "inventory_turnover_ratio": null,
            "account_receivable_turnover_ratio": null,
            "reinvestment_rate": null,
            "research_to_sale_ratio": null,
            "price_fair": 418,
            "eps_avg_yearly": 11.94,
            "eps_latest_yearly": 14.96,
            "eps_growth_yearly": 74.96
        },
        "20041": {
            "year_quarter": 20041,
            "year": 2004,
            "quarter": 1,
            "eps": 2.35,
            "eps_growth_year": -24.92,
            "eps_4q": null,
            "eps_4q_growth_year": null,
            "roe": 4.64,
            "roe_4q": 24.560000000000002,
            "gross_profit": 156501,
            "gross_margin": 12.02,
            "gross_margin_4q_avg": 9.46,
            "net_income": 380030,
            "revenue": 1302337,
            "common_shares": 1618512,
            "book_valuer_per_share": 50.68,
            "book_valuer_per_share_4q_avg": 44.51,
            "equity": 8203253,
            "current_ratio": 211.1,
            "debt_ratio": 44.18,
            "inventory_turnover_ratio": 2.06,
            "account_receivable_turnover_ratio": null,
            "reinvestment_rate": null,
            "research_to_sale_ratio": null,
            "price_fair": 418,
            "eps_avg_yearly": 11.94,
            "eps_latest_yearly": 14.96,
            "eps_growth_yearly": 74.96
        },
        "20042": {
            "year_quarter": 20042,
            "year": 2004,
            "quarter": 2,
            "eps": 3.55,
            "eps_growth_year": 12.7,
            "eps_4q": null,
            "eps_4q_growth_year": null,
            "roe": 6.99,
            "roe_4q": 21.54,
            "gross_profit": 161159,
            "gross_margin": 12.18,
            "gross_margin_4q_avg": 9.09,
            "net_income": 576058,
            "revenue": 1323522,
            "common_shares": 1649161,
            "book_valuer_per_share": 50.27,
            "book_valuer_per_share_4q_avg": 47.39,
            "equity": 8289789,
            "current_ratio": 170.43,
            "debt_ratio": 45.91,
            "inventory_turnover_ratio": 7.73,
            "account_receivable_turnover_ratio": null,
            "reinvestment_rate": null,
            "research_to_sale_ratio": null,
            "price_fair": 427.88,
            "eps_avg_yearly": 12.23,
            "eps_latest_yearly": 14.2,
            "eps_growth_yearly": 91.12
        },
        "20043": {
            "year_quarter": 20043,
            "year": 2004,
            "quarter": 3,
            "eps": 4.82,
            "eps_growth_year": 28.88,
            "eps_4q": null,
            "eps_4q_growth_year": null,
            "roe": null,
            "roe_4q": 11.629999999999999,
            "gross_profit": 1044973,
            "gross_margin": 13.96,
            "gross_margin_4q_avg": 9.54,
            "net_income": null,
            "revenue": 7487895,
            "common_shares": null,
            "book_valuer_per_share": null,
            "book_valuer_per_share_4q_avg": 36.97,
            "equity": null,
            "current_ratio": null,
            "debt_ratio": null,
            "inventory_turnover_ratio": 43.63,
            "account_receivable_turnover_ratio": null,
            "reinvestment_rate": null,
            "research_to_sale_ratio": null,
            "price_fair": 455.31,
            "eps_avg_yearly": 13.01,
            "eps_latest_yearly": 19.28,
            "eps_growth_yearly": 96.9
        },
        "20044": {
            "year_quarter": 20044,
            "year": 2004,
            "quarter": 4,
            "eps": 3.62,
            "eps_growth_year": null,
            "eps_4q": null,
            "eps_4q_growth_year": null,
            "roe": null,
            "roe_4q": 11.629999999999999,
            "gross_profit": 1049593,
            "gross_margin": 12.81,
            "gross_margin_4q_avg": 12.74,
            "net_income": null,
            "revenue": 8196127,
            "common_shares": 1972835,
            "book_valuer_per_share": 50.85,
            "book_valuer_per_share_4q_avg": 37.95,
            "equity": 10102699,
            "current_ratio": 160.5,
            "debt_ratio": 48.25,
            "inventory_turnover_ratio": 5.3,
            "account_receivable_turnover_ratio": null,
            "reinvestment_rate": null,
            "research_to_sale_ratio": null,
            "price_fair": 460.46,
            "eps_avg_yearly": 13.16,
            "eps_latest_yearly": 14.48,
            "eps_growth_yearly": 77.25
        },
        "20051": {
            "year_quarter": 20051,
            "year": 2005,
            "quarter": 1,
            "eps": 2.14,
            "eps_growth_year": -8.94,
            "eps_4q": null,
            "eps_4q_growth_year": null,
            "roe": 4.05,
            "roe_4q": 11.04,
            "gross_profit": 192063,
            "gross_margin": 12.42,
            "gross_margin_4q_avg": 12.84,
            "net_income": 426513,
            "revenue": 1546280,
            "common_shares": 2014860,
            "book_valuer_per_share": 54.51,
            "book_valuer_per_share_4q_avg": 38.91,
            "equity": 10982724,
            "current_ratio": 124.85,
            "debt_ratio": 30.12,
            "inventory_turnover_ratio": 1.81,
            "account_receivable_turnover_ratio": null,
            "reinvestment_rate": null,
            "research_to_sale_ratio": null,
            "price_fair": 445.84,
            "eps_avg_yearly": 12.74,
            "eps_latest_yearly": 8.56,
            "eps_growth_yearly": 55.36
        },
        "20052": {
            "year_quarter": 20052,
            "year": 2005,
            "quarter": 2,
            "eps": 3.32,
            "eps_growth_year": -6.48,
            "eps_4q": null,
            "eps_4q_growth_year": null,
            "roe": 6.12,
            "roe_4q": 10.17,
            "gross_profit": 226573,
            "gross_margin": 15.5,
            "gross_margin_4q_avg": 13.67,
            "net_income": 664611,
            "revenue": 1461915,
            "common_shares": 2019964,
            "book_valuer_per_share": 53.19,
            "book_valuer_per_share_4q_avg": 39.64,
            "equity": 10743235,
            "current_ratio": 104.49,
            "debt_ratio": 33.51,
            "inventory_turnover_ratio": 8.6,
            "account_receivable_turnover_ratio": null,
            "reinvestment_rate": null,
            "research_to_sale_ratio": null,
            "price_fair": 447.42,
            "eps_avg_yearly": 12.78,
            "eps_latest_yearly": 13.28,
            "eps_growth_yearly": 69.13
        },
        "20053": {
            "year_quarter": 20053,
            "year": 2005,
            "quarter": 3,
            "eps": 4.44,
            "eps_growth_year": -7.88,
            "eps_4q": null,
            "eps_4q_growth_year": null,
            "roe": null,
            "roe_4q": 10.17,
            "gross_profit": 1174749,
            "gross_margin": 13.12,
            "gross_margin_4q_avg": 13.46,
            "net_income": null,
            "revenue": 8951669,
            "common_shares": null,
            "book_valuer_per_share": null,
            "book_valuer_per_share_4q_avg": 39.64,
            "equity": null,
            "current_ratio": null,
            "debt_ratio": null,
            "inventory_turnover_ratio": 54.92,
            "account_receivable_turnover_ratio": null,
            "reinvestment_rate": null,
            "research_to_sale_ratio": null,
            "price_fair": 460.82,
            "eps_avg_yearly": 13.17,
            "eps_latest_yearly": 17.76,
            "eps_growth_yearly": 74.19
        },
        "20054": {
            "year_quarter": 20054,
            "year": 2005,
            "quarter": 4,
            "eps": 3.56,
            "eps_growth_year": -1.66,
            "eps_4q": null,
            "eps_4q_growth_year": null,
            "roe": null,
            "roe_4q": 10.17,
            "gross_profit": 1229942,
            "gross_margin": 12.75,
            "gross_margin_4q_avg": 13.45,
            "net_income": null,
            "revenue": 9646082,
            "common_shares": 2294074,
            "book_valuer_per_share": 57.24,
            "book_valuer_per_share_4q_avg": 41.24,
            "equity": 13368948,
            "current_ratio": 200.99,
            "debt_ratio": 38.04,
            "inventory_turnover_ratio": 6.14,
            "account_receivable_turnover_ratio": null,
            "reinvestment_rate": null,
            "research_to_sale_ratio": null,
            "price_fair": 463.5,
            "eps_avg_yearly": 13.24,
            "eps_latest_yearly": 14.24,
            "eps_growth_yearly": 63.23
        },
        "20061": {
            "year_quarter": 20061,
            "year": 2006,
            "quarter": 1,
            "eps": 1.27,
            "eps_growth_year": -40.65,
            "eps_4q": null,
            "eps_4q_growth_year": null,
            "roe": 2.17,
            "roe_4q": 8.29,
            "gross_profit": 78140,
            "gross_margin": 9.08,
            "gross_margin_4q_avg": 12.61,
            "net_income": 291891,
            "revenue": 860518,
            "common_shares": 2300294,
            "book_valuer_per_share": 58.9,
            "book_valuer_per_share_4q_avg": 42.33,
            "equity": 13549081,
            "current_ratio": 155.05,
            "debt_ratio": 18.83,
            "inventory_turnover_ratio": 1.1,
            "account_receivable_turnover_ratio": null,
            "reinvestment_rate": null,
            "research_to_sale_ratio": null,
            "price_fair": 457,
            "eps_avg_yearly": 13.06,
            "eps_latest_yearly": 5.08,
            "eps_growth_yearly": 45
        },
        "20062": {
            "year_quarter": 20062,
            "year": 2006,
            "quarter": 2,
            "eps": 1.86,
            "eps_growth_year": -43.98,
            "eps_4q": null,
            "eps_4q_growth_year": null,
            "roe": 3.26,
            "roe_4q": 5.43,
            "gross_profit": 131028,
            "gross_margin": 12.07,
            "gross_margin_4q_avg": 11.76,
            "net_income": 425529,
            "revenue": 1085838,
            "common_shares": 2300423,
            "book_valuer_per_share": 54.71,
            "book_valuer_per_share_4q_avg": 42.71,
            "equity": 12584679,
            "current_ratio": 109.27,
            "debt_ratio": 26.51,
            "inventory_turnover_ratio": 17.95,
            "account_receivable_turnover_ratio": null,
            "reinvestment_rate": null,
            "research_to_sale_ratio": null,
            "price_fair": 461.5,
            "eps_avg_yearly": 13.19,
            "eps_latest_yearly": 7.44,
            "eps_growth_yearly": 65.86
        },
        "20063": {
            "year_quarter": 20063,
            "year": 2006,
            "quarter": 3,
            "eps": 2.92,
            "eps_growth_year": -34.23,
            "eps_4q": null,
            "eps_4q_growth_year": null,
            "roe": 5.52,
            "roe_4q": 10.95,
            "gross_profit": 159571,
            "gross_margin": 12.48,
            "gross_margin_4q_avg": 11.6,
            "net_income": 717058,
            "revenue": 1278515,
            "common_shares": 2458048,
            "book_valuer_per_share": 54.49,
            "book_valuer_per_share_4q_avg": 56.34,
            "equity": 13393191,
            "current_ratio": 297.67,
            "debt_ratio": 21.16,
            "inventory_turnover_ratio": 17.54,
            "account_receivable_turnover_ratio": null,
            "reinvestment_rate": null,
            "research_to_sale_ratio": null,
            "price_fair": 465,
            "eps_avg_yearly": 13.29,
            "eps_latest_yearly": 11.68,
            "eps_growth_yearly": 58.64
        },
        "20064": {
            "year_quarter": 20064,
            "year": 2006,
            "quarter": 4,
            "eps": 3.2,
            "eps_growth_year": -10.11,
            "eps_4q": 9.04,
            "eps_4q_growth_year": null,
            "roe": 5.56,
            "roe_4q": 16.509999999999998,
            "gross_profit": 211685,
            "gross_margin": 15.03,
            "gross_margin_4q_avg": 12.17,
            "net_income": 785932,
            "revenue": 1408024,
            "common_shares": 2458048,
            "book_valuer_per_share": 58.09,
            "book_valuer_per_share_4q_avg": 56.55,
            "equity": 14880321,
            "current_ratio": 274.59,
            "debt_ratio": 34.2,
            "inventory_turnover_ratio": 1,
            "account_receivable_turnover_ratio": null,
            "reinvestment_rate": null,
            "research_to_sale_ratio": null,
            "price_fair": 447.2,
            "eps_avg_yearly": 12.78,
            "eps_latest_yearly": 12.8,
            "eps_growth_yearly": 34.58
        },
        "20071": {
            "year_quarter": 20071,
            "year": 2007,
            "quarter": 1,
            "eps": 1.5,
            "eps_growth_year": 18.11,
            "eps_4q": 9.33,
            "eps_4q_growth_year": null,
            "roe": 2.5,
            "roe_4q": 16.839999999999996,
            "gross_profit": 136495,
            "gross_margin": 12.5,
            "gross_margin_4q_avg": 13.02,
            "net_income": 369400,
            "revenue": 1092165,
            "common_shares": 2459793,
            "book_valuer_per_share": 59.82,
            "book_valuer_per_share_4q_avg": 56.78,
            "equity": 14714379,
            "current_ratio": 464.56,
            "debt_ratio": 17.85,
            "inventory_turnover_ratio": 0.79,
            "account_receivable_turnover_ratio": null,
            "reinvestment_rate": null,
            "research_to_sale_ratio": null,
            "price_fair": 430.9,
            "eps_avg_yearly": 12.31,
            "eps_latest_yearly": 6,
            "eps_growth_yearly": 30.02
        },
        "20072": {
            "year_quarter": 20072,
            "year": 2007,
            "quarter": 2,
            "eps": 2.45,
            "eps_growth_year": 31.72,
            "eps_4q": 10.07,
            "eps_4q_growth_year": null,
            "roe": 4.14,
            "roe_4q": 17.72,
            "gross_profit": 184752,
            "gross_margin": 15.23,
            "gross_margin_4q_avg": 13.81,
            "net_income": 602319,
            "revenue": 1212706,
            "common_shares": 2461880,
            "book_valuer_per_share": 58.31,
            "book_valuer_per_share_4q_avg": 57.68,
            "equity": 14354016,
            "current_ratio": 196.8,
            "debt_ratio": 24.07,
            "inventory_turnover_ratio": 11.84,
            "account_receivable_turnover_ratio": null,
            "reinvestment_rate": null,
            "research_to_sale_ratio": null,
            "price_fair": 423.9,
            "eps_avg_yearly": 12.11,
            "eps_latest_yearly": 9.8,
            "eps_growth_yearly": 47.93
        },
        "20073": {
            "year_quarter": 20073,
            "year": 2007,
            "quarter": 3,
            "eps": 2.66,
            "eps_growth_year": -8.9,
            "eps_4q": 9.61,
            "eps_4q_growth_year": null,
            "roe": 4.6,
            "roe_4q": 16.799999999999997,
            "gross_profit": 218044,
            "gross_margin": 13.61,
            "gross_margin_4q_avg": 14.09,
            "net_income": 672720,
            "revenue": 1602186,
            "common_shares": 2528738,
            "book_valuer_per_share": 58.83,
            "book_valuer_per_share_4q_avg": 58.76,
            "equity": 14877290,
            "current_ratio": 249.25,
            "debt_ratio": 20.17,
            "inventory_turnover_ratio": 15.57,
            "account_receivable_turnover_ratio": null,
            "reinvestment_rate": null,
            "research_to_sale_ratio": null,
            "price_fair": 413.1,
            "eps_avg_yearly": 11.8,
            "eps_latest_yearly": 10.64,
            "eps_growth_yearly": 45.03
        },
        "20074": {
            "year_quarter": 20074,
            "year": 2007,
            "quarter": 4,
            "eps": 2.05,
            "eps_growth_year": -35.94,
            "eps_4q": 8.58,
            "eps_4q_growth_year": -5.13,
            "roe": 3.35,
            "roe_4q": 14.59,
            "gross_profit": 124290,
            "gross_margin": 9.73,
            "gross_margin_4q_avg": 12.77,
            "net_income": 516480,
            "revenue": 1276880,
            "common_shares": 2528738,
            "book_valuer_per_share": 60.29,
            "book_valuer_per_share_4q_avg": 59.31,
            "equity": 15970302,
            "current_ratio": 202.93,
            "debt_ratio": 29.8,
            "inventory_turnover_ratio": 1.05,
            "account_receivable_turnover_ratio": null,
            "reinvestment_rate": null,
            "research_to_sale_ratio": null,
            "price_fair": 404.69,
            "eps_avg_yearly": 11.56,
            "eps_latest_yearly": 8.2,
            "eps_growth_yearly": 35.91
        },
        "20081": {
            "year_quarter": 20081,
            "year": 2008,
            "quarter": 1,
            "eps": -0.05,
            "eps_growth_year": -103.33,
            "eps_4q": 2.84,
            "eps_4q_growth_year": -69.6,
            "roe": -0.2,
            "roe_4q": 11.89,
            "gross_profit": 491761,
            "gross_margin": 8.34,
            "gross_margin_4q_avg": 11.73,
            "net_income": -31342,
            "revenue": 5899741,
            "common_shares": 2528738,
            "book_valuer_per_share": 59.01,
            "book_valuer_per_share_4q_avg": 59.11,
            "equity": 15961287,
            "current_ratio": 210.89,
            "debt_ratio": 29.17,
            "inventory_turnover_ratio": 2.11,
            "account_receivable_turnover_ratio": null,
            "reinvestment_rate": null,
            "research_to_sale_ratio": null,
            "price_fair": 404.69,
            "eps_avg_yearly": 11.56,
            "eps_latest_yearly": 8.2,
            "eps_growth_yearly": 35.91
        },
        "20082": {
            "year_quarter": 20082,
            "year": 2008,
            "quarter": 2,
            "eps": 0.87,
            "eps_growth_year": -64.49,
            "eps_4q": 5.02,
            "eps_4q_growth_year": -50.12,
            "roe": 1.56,
            "roe_4q": 9.309999999999999,
            "gross_profit": 903418,
            "gross_margin": 11.72,
            "gross_margin_4q_avg": 10.85,
            "net_income": 241498,
            "revenue": 7705232,
            "common_shares": 2528738,
            "book_valuer_per_share": 55.59,
            "book_valuer_per_share_4q_avg": 58.43,
            "equity": 15100140,
            "current_ratio": 159.03,
            "debt_ratio": 39.12,
            "inventory_turnover_ratio": 2.17,
            "account_receivable_turnover_ratio": null,
            "reinvestment_rate": null,
            "research_to_sale_ratio": null,
            "price_fair": 385.45,
            "eps_avg_yearly": 11.37,
            "eps_latest_yearly": 8.2,
            "eps_growth_yearly": 23.89
        },
        "20083": {
            "year_quarter": 20083,
            "year": 2008,
            "quarter": 3,
            "eps": 2.2,
            "eps_growth_year": -17.29,
            "eps_4q": 4.61,
            "eps_4q_growth_year": -51.99,
            "roe": 3.93,
            "roe_4q": 8.64,
            "gross_profit": 887415,
            "gross_margin": 8.87,
            "gross_margin_4q_avg": 9.67,
            "net_income": 613875,
            "revenue": 9999519,
            "common_shares": 2602346,
            "book_valuer_per_share": 57.52,
            "book_valuer_per_share_4q_avg": 58.1,
            "equity": 16116700,
            "current_ratio": 158.1,
            "debt_ratio": 40.61,
            "inventory_turnover_ratio": 2.53,
            "account_receivable_turnover_ratio": null,
            "reinvestment_rate": null,
            "research_to_sale_ratio": null,
            "price_fair": 371.9,
            "eps_avg_yearly": 10.63,
            "eps_latest_yearly": 8.8,
            "eps_growth_yearly": 57.34
        },
        "20084": {
            "year_quarter": 20084,
            "year": 2008,
            "quarter": 4,
            "eps": 0.98,
            "eps_growth_year": -52.2,
            "eps_4q": 3.38,
            "eps_4q_growth_year": -60.54,
            "roe": 1.83,
            "roe_4q": 7.12,
            "gross_profit": 831490,
            "gross_margin": 9.88,
            "gross_margin_4q_avg": 9.7,
            "net_income": 295850,
            "revenue": 8416765,
            "common_shares": 2565916,
            "book_valuer_per_share": 58.81,
            "book_valuer_per_share_4q_avg": 57.73,
            "equity": 16264885,
            "current_ratio": 192.34,
            "debt_ratio": 32.37,
            "inventory_turnover_ratio": 2.28,
            "account_receivable_turnover_ratio": 3.5,
            "reinvestment_rate": null,
            "research_to_sale_ratio": null,
            "price_fair": 345.5,
            "eps_avg_yearly": 9.87,
            "eps_latest_yearly": 3.92,
            "eps_growth_yearly": 48.61
        },
        "20091": {
            "year_quarter": 20091,
            "year": 2009,
            "quarter": 1,
            "eps": -1.02,
            "eps_growth_year": null,
            "eps_4q": 3.03,
            "eps_4q_growth_year": 6.71,
            "roe": -1.49,
            "roe_4q": 5.83,
            "gross_profit": 82298,
            "gross_margin": 2.48,
            "gross_margin_4q_avg": 8.24,
            "net_income": -242956,
            "revenue": 3324836,
            "common_shares": 2565916,
            "book_valuer_per_share": 58.92,
            "book_valuer_per_share_4q_avg": 57.71,
            "equity": 16320675,
            "current_ratio": 215.21,
            "debt_ratio": 27.29,
            "inventory_turnover_ratio": 1.22,
            "account_receivable_turnover_ratio": 0.76,
            "reinvestment_rate": null,
            "research_to_sale_ratio": null,
            "price_fair": 349.03,
            "eps_avg_yearly": 9.97,
            "eps_latest_yearly": 3.92,
            "eps_growth_yearly": 64.93
        },
        "20092": {
            "year_quarter": 20092,
            "year": 2009,
            "quarter": 2,
            "eps": -0.56,
            "eps_growth_year": -164.37,
            "eps_4q": 1.62,
            "eps_4q_growth_year": -67.7,
            "roe": -0.81,
            "roe_4q": 3.4600000000000004,
            "gross_profit": 427838,
            "gross_margin": 8.86,
            "gross_margin_4q_avg": 7.52,
            "net_income": -128818,
            "revenue": 4831547,
            "common_shares": 2565916,
            "book_valuer_per_share": 56.35,
            "book_valuer_per_share_4q_avg": 57.9,
            "equity": 15643514,
            "current_ratio": 229.06,
            "debt_ratio": 23.99,
            "inventory_turnover_ratio": 1.79,
            "account_receivable_turnover_ratio": 1.34,
            "reinvestment_rate": null,
            "research_to_sale_ratio": null,
            "price_fair": 339.38,
            "eps_avg_yearly": 9.7,
            "eps_latest_yearly": 3.92,
            "eps_growth_yearly": 51.96
        },
        "20093": {
            "year_quarter": 20093,
            "year": 2009,
            "quarter": 3,
            "eps": 0.61,
            "eps_growth_year": -72.27,
            "eps_4q": 0.02,
            "eps_4q_growth_year": -99.55,
            "roe": 1.08,
            "roe_4q": 0.6100000000000001,
            "gross_profit": 886551,
            "gross_margin": 13.69,
            "gross_margin_4q_avg": 8.73,
            "net_income": 170156,
            "revenue": 6477107,
            "common_shares": 2591275,
            "book_valuer_per_share": 56.44,
            "book_valuer_per_share_4q_avg": 57.63,
            "equity": 15758614,
            "current_ratio": 184.71,
            "debt_ratio": 40.21,
            "inventory_turnover_ratio": 1.8,
            "account_receivable_turnover_ratio": 1.48,
            "reinvestment_rate": null,
            "research_to_sale_ratio": null,
            "price_fair": 313.73,
            "eps_avg_yearly": 8.96,
            "eps_latest_yearly": 3.92,
            "eps_growth_yearly": 44.42
        },
        "20094": {
            "year_quarter": 20094,
            "year": 2009,
            "quarter": 4,
            "eps": -0.77,
            "eps_growth_year": -178.57,
            "eps_4q": -1.73,
            "eps_4q_growth_year": -151.09,
            "roe": -1.08,
            "roe_4q": -2.3,
            "gross_profit": 703293,
            "gross_margin": 8.61,
            "gross_margin_4q_avg": 8.41,
            "net_income": -168495,
            "revenue": 8167848,
            "common_shares": 2591275,
            "book_valuer_per_share": 55.42,
            "book_valuer_per_share_4q_avg": 56.78,
            "equity": 15353678,
            "current_ratio": 198.77,
            "debt_ratio": 37.08,
            "inventory_turnover_ratio": 2.18,
            "account_receivable_turnover_ratio": 2.75,
            "reinvestment_rate": 30.02,
            "research_to_sale_ratio": null,
            "price_fair": 295.26,
            "eps_avg_yearly": 8.44,
            "eps_latest_yearly": 3.92,
            "eps_growth_yearly": 56.79
        },
        "20101": {
            "year_quarter": 20101,
            "year": 2010,
            "quarter": 1,
            "eps": -1.1,
            "eps_growth_year": null,
            "eps_4q": -1.76,
            "eps_4q_growth_year": -158.2,
            "roe": -1.59,
            "roe_4q": -2.4,
            "gross_profit": 315527,
            "gross_margin": 6.98,
            "gross_margin_4q_avg": 9.54,
            "net_income": -246449,
            "revenue": 4520201,
            "common_shares": 2702128,
            "book_valuer_per_share": 54.21,
            "book_valuer_per_share_4q_avg": 55.61,
            "equity": 15676797,
            "current_ratio": 198.39,
            "debt_ratio": 33.45,
            "inventory_turnover_ratio": 1.31,
            "account_receivable_turnover_ratio": 0.83,
            "reinvestment_rate": 145.33,
            "research_to_sale_ratio": 6.97,
            "price_fair": 308.31,
            "eps_avg_yearly": 8.81,
            "eps_latest_yearly": 3.92,
            "eps_growth_yearly": 91.69
        },
        "20102": {
            "year_quarter": 20102,
            "year": 2010,
            "quarter": 2,
            "eps": -0.12,
            "eps_growth_year": null,
            "eps_4q": -1.35,
            "eps_4q_growth_year": -183.16,
            "roe": -0.07,
            "roe_4q": -1.6600000000000001,
            "gross_profit": 535668,
            "gross_margin": 8.48,
            "gross_margin_4q_avg": 9.44,
            "net_income": -11319,
            "revenue": 6317063,
            "common_shares": 2702128,
            "book_valuer_per_share": 54.85,
            "book_valuer_per_share_4q_avg": 55.23,
            "equity": 15886620,
            "current_ratio": 190.83,
            "debt_ratio": 35.19,
            "inventory_turnover_ratio": 1.54,
            "account_receivable_turnover_ratio": 1.21,
            "reinvestment_rate": 160.7,
            "research_to_sale_ratio": 5.15,
            "price_fair": 314.3,
            "eps_avg_yearly": 8.98,
            "eps_latest_yearly": 3.92,
            "eps_growth_yearly": 79.92
        },
        "20103": {
            "year_quarter": 20103,
            "year": 2010,
            "quarter": 3,
            "eps": 0.05,
            "eps_growth_year": -92.1,
            "eps_4q": -1.88,
            "eps_4q_growth_year": -9248.82,
            "roe": 0.44,
            "roe_4q": -2.3000000000000003,
            "gross_profit": 738705,
            "gross_margin": 10.46,
            "gross_margin_4q_avg": 8.63,
            "net_income": 70058,
            "revenue": 7060647,
            "common_shares": 2710455,
            "book_valuer_per_share": 53.72,
            "book_valuer_per_share_4q_avg": 54.55,
            "equity": 15652964,
            "current_ratio": 179.84,
            "debt_ratio": 38.14,
            "inventory_turnover_ratio": 1.58,
            "account_receivable_turnover_ratio": 1.23,
            "reinvestment_rate": 193.08,
            "research_to_sale_ratio": 4.75,
            "price_fair": 300.8,
            "eps_avg_yearly": 8.59,
            "eps_latest_yearly": 3.92,
            "eps_growth_yearly": 58.77
        },
        "20104": {
            "year_quarter": 20104,
            "year": 2010,
            "quarter": 4,
            "eps": -2.58,
            "eps_growth_year": null,
            "eps_4q": -3.72,
            "eps_4q_growth_year": null,
            "roe": -4.28,
            "roe_4q": -5.5,
            "gross_profit": 342256,
            "gross_margin": 5.06,
            "gross_margin_4q_avg": 7.75,
            "net_income": -637925,
            "revenue": 6764564,
            "common_shares": 2710491,
            "book_valuer_per_share": 48.27,
            "book_valuer_per_share_4q_avg": 52.76,
            "equity": 14170731,
            "current_ratio": 181.68,
            "debt_ratio": 36.63,
            "inventory_turnover_ratio": 1.84,
            "account_receivable_turnover_ratio": 1.18,
            "reinvestment_rate": 8.57,
            "research_to_sale_ratio": 4.5,
            "price_fair": 276.27,
            "eps_avg_yearly": 7.89,
            "eps_latest_yearly": 3.92,
            "eps_growth_yearly": 62.18
        },
        "20111": {
            "year_quarter": 20111,
            "year": 2011,
            "quarter": 1,
            "eps": -0.97,
            "eps_growth_year": null,
            "eps_4q": -3.48,
            "eps_4q_growth_year": null,
            "roe": -1.71,
            "roe_4q": -5.62,
            "gross_profit": 440184,
            "gross_margin": 9.32,
            "gross_margin_4q_avg": 8.33,
            "net_income": -247854,
            "revenue": 4722153,
            "common_shares": 2682417,
            "book_valuer_per_share": 50.28,
            "book_valuer_per_share_4q_avg": 51.78,
            "equity": 14750608,
            "current_ratio": 195.83,
            "debt_ratio": 30.94,
            "inventory_turnover_ratio": 1.28,
            "account_receivable_turnover_ratio": 1.04,
            "reinvestment_rate": 506.69,
            "research_to_sale_ratio": 7.37,
            "price_fair": 289.52,
            "eps_avg_yearly": 8.27,
            "eps_latest_yearly": 3.92,
            "eps_growth_yearly": 117.11
        },
        "20112": {
            "year_quarter": 20112,
            "year": 2011,
            "quarter": 2,
            "eps": -1.1,
            "eps_growth_year": null,
            "eps_4q": -4.46,
            "eps_4q_growth_year": null,
            "roe": -1.83,
            "roe_4q": -7.38,
            "gross_profit": 510915,
            "gross_margin": 7.96,
            "gross_margin_4q_avg": 8.2,
            "net_income": -266506,
            "revenue": 6414830,
            "common_shares": 2810182,
            "book_valuer_per_share": 46.6,
            "book_valuer_per_share_4q_avg": 49.72,
            "equity": 14321794,
            "current_ratio": 176.85,
            "debt_ratio": 45.23,
            "inventory_turnover_ratio": 1.6,
            "account_receivable_turnover_ratio": 1.37,
            "reinvestment_rate": 2074.09,
            "research_to_sale_ratio": 5.4,
            "price_fair": 276.15,
            "eps_avg_yearly": 7.89,
            "eps_latest_yearly": 3.92,
            "eps_growth_yearly": 83.06
        },
        "20113": {
            "year_quarter": 20113,
            "year": 2011,
            "quarter": 3,
            "eps": -0.07,
            "eps_growth_year": -244.51,
            "eps_4q": -4.58,
            "eps_4q_growth_year": null,
            "roe": 0.23,
            "roe_4q": -7.59,
            "gross_profit": 700681,
            "gross_margin": 10,
            "gross_margin_4q_avg": 8.09,
            "net_income": 33233,
            "revenue": 7009060,
            "common_shares": 2810385,
            "book_valuer_per_share": 48.51,
            "book_valuer_per_share_4q_avg": 48.42,
            "equity": 14983963,
            "current_ratio": 154.79,
            "debt_ratio": 50.18,
            "inventory_turnover_ratio": 1.7,
            "account_receivable_turnover_ratio": 0.91,
            "reinvestment_rate": null,
            "research_to_sale_ratio": 5,
            "price_fair": 244.07,
            "eps_avg_yearly": 6.97,
            "eps_latest_yearly": 3.92,
            "eps_growth_yearly": 99.32
        },
        "20114": {
            "year_quarter": 20114,
            "year": 2011,
            "quarter": 4,
            "eps": -5.22,
            "eps_growth_year": null,
            "eps_4q": -7.34,
            "eps_4q_growth_year": null,
            "roe": -10.12,
            "roe_4q": -13.43,
            "gross_profit": 349342,
            "gross_margin": 5.69,
            "gross_margin_4q_avg": 8.24,
            "net_income": -1448220,
            "revenue": 6137331,
            "common_shares": 2810385,
            "book_valuer_per_share": 43.34,
            "book_valuer_per_share_4q_avg": 47.18,
            "equity": 13638492,
            "current_ratio": 174.06,
            "debt_ratio": 43.39,
            "inventory_turnover_ratio": 1.69,
            "account_receivable_turnover_ratio": 0.85,
            "reinvestment_rate": null,
            "research_to_sale_ratio": 4.45,
            "price_fair": 222.6,
            "eps_avg_yearly": 6.36,
            "eps_latest_yearly": 3.92,
            "eps_growth_yearly": 194.84
        },
        "20121": {
            "year_quarter": 20121,
            "year": 2012,
            "quarter": 1,
            "eps": -0.77,
            "eps_growth_year": null,
            "eps_4q": -7.16,
            "eps_4q_growth_year": null,
            "roe": -1.4,
            "roe_4q": -13.12,
            "gross_profit": 478575,
            "gross_margin": 9.62,
            "gross_margin_4q_avg": 8.32,
            "net_income": -186849,
            "revenue": 4976879,
            "common_shares": 2810385,
            "book_valuer_per_share": 41.63,
            "book_valuer_per_share_4q_avg": 45.02,
            "equity": 13145815,
            "current_ratio": 170.51,
            "debt_ratio": 44.43,
            "inventory_turnover_ratio": 1.43,
            "account_receivable_turnover_ratio": 1.01,
            "reinvestment_rate": null,
            "research_to_sale_ratio": 5.8,
            "price_fair": 222.6,
            "eps_avg_yearly": 6.36,
            "eps_latest_yearly": 3.92,
            "eps_growth_yearly": 194.84
        },
        "20122": {
            "year_quarter": 20122,
            "year": 2012,
            "quarter": 2,
            "eps": -0.86,
            "eps_growth_year": null,
            "eps_4q": -6.92,
            "eps_4q_growth_year": null,
            "roe": -1.48,
            "roe_4q": -12.77,
            "gross_profit": 521905,
            "gross_margin": 9.97,
            "gross_margin_4q_avg": 8.82,
            "net_income": -193555,
            "revenue": 5234854,
            "common_shares": 2810385,
            "book_valuer_per_share": 41.14,
            "book_valuer_per_share_4q_avg": 43.66,
            "equity": 12930188,
            "current_ratio": 177.62,
            "debt_ratio": 43.13,
            "inventory_turnover_ratio": 1.44,
            "account_receivable_turnover_ratio": 1.03,
            "reinvestment_rate": null,
            "research_to_sale_ratio": 4.83,
            "price_fair": 222.6,
            "eps_avg_yearly": 6.36,
            "eps_latest_yearly": 3.92,
            "eps_growth_yearly": 194.84
        },
        "20123": {
            "year_quarter": 20123,
            "year": 2012,
            "quarter": 3,
            "eps": 0.25,
            "eps_growth_year": null,
            "eps_4q": -6.6,
            "eps_4q_growth_year": null,
            "roe": 0.84,
            "roe_4q": -12.16,
            "gross_profit": 729538,
            "gross_margin": 13.22,
            "gross_margin_4q_avg": 9.63,
            "net_income": 109335,
            "revenue": 5516674,
            "common_shares": 2810385,
            "book_valuer_per_share": 40.81,
            "book_valuer_per_share_4q_avg": 41.73,
            "equity": 12993775,
            "current_ratio": 178.53,
            "debt_ratio": 44.52,
            "inventory_turnover_ratio": 1.37,
            "account_receivable_turnover_ratio": 1.08,
            "reinvestment_rate": null,
            "research_to_sale_ratio": 4.18,
            "price_fair": 11.76,
            "eps_avg_yearly": 3.92,
            "eps_latest_yearly": 3.92,
            "eps_growth_yearly": -221.82
        },
        "20124": {
            "year_quarter": 20124,
            "year": 2012,
            "quarter": 4,
            "eps": -0.16,
            "eps_growth_year": null,
            "eps_4q": -1.54,
            "eps_4q_growth_year": null,
            "roe": -0.3,
            "roe_4q": -2.34,
            "gross_profit": 543718,
            "gross_margin": 11.01,
            "gross_margin_4q_avg": 10.96,
            "net_income": -38336,
            "revenue": 4940521,
            "common_shares": 2810385,
            "book_valuer_per_share": 40.34,
            "book_valuer_per_share_4q_avg": 40.98,
            "equity": 12866194,
            "current_ratio": 190.65,
            "debt_ratio": 41.69,
            "inventory_turnover_ratio": 1.29,
            "account_receivable_turnover_ratio": 1,
            "reinvestment_rate": null,
            "research_to_sale_ratio": 3.99,
            "price_fair": 0,
            "eps_avg_yearly": 0,
            "eps_latest_yearly": 0,
            "eps_growth_yearly": 0
        },
        "20131": {
            "year_quarter": 20131,
            "year": 2013,
            "quarter": 1,
            "eps": 0.56,
            "eps_growth_year": null,
            "eps_4q": -0.21,
            "eps_4q_growth_year": null,
            "roe": 0.92,
            "roe_4q": -0.020000000000000018,
            "gross_profit": 243806,
            "gross_margin": 6.78,
            "gross_margin_4q_avg": 10.25,
            "net_income": 123979,
            "revenue": 3598072,
            "common_shares": 2810385,
            "book_valuer_per_share": 42.51,
            "book_valuer_per_share_4q_avg": 41.2,
            "equity": 13945706,
            "current_ratio": 190.97,
            "debt_ratio": 38.01,
            "inventory_turnover_ratio": 1.05,
            "account_receivable_turnover_ratio": 0.79,
            "reinvestment_rate": null,
            "research_to_sale_ratio": 4.91,
            "price_fair": 0,
            "eps_avg_yearly": 0,
            "eps_latest_yearly": 0,
            "eps_growth_yearly": 0
        },
        "20132": {
            "year_quarter": 20132,
            "year": 2013,
            "quarter": 2,
            "eps": 0.04,
            "eps_growth_year": null,
            "eps_4q": 0.69,
            "eps_4q_growth_year": null,
            "roe": 0.02,
            "roe_4q": 1.48,
            "gross_profit": 496143,
            "gross_margin": 11.8,
            "gross_margin_4q_avg": 10.7,
            "net_income": 3047,
            "revenue": 4204827,
            "common_shares": 2810385,
            "book_valuer_per_share": 42.98,
            "book_valuer_per_share_4q_avg": 41.66,
            "equity": 13738881,
            "current_ratio": 146.93,
            "debt_ratio": 40.79,
            "inventory_turnover_ratio": 1.18,
            "account_receivable_turnover_ratio": 0.93,
            "reinvestment_rate": null,
            "research_to_sale_ratio": 5.86,
            "price_fair": 0.48,
            "eps_avg_yearly": 0.16,
            "eps_latest_yearly": 0.16,
            "eps_growth_yearly": -371.43
        },
        "20133": {
            "year_quarter": 20133,
            "year": 2013,
            "quarter": 3,
            "eps": 0.21,
            "eps_growth_year": -16.36,
            "eps_4q": 0.65,
            "eps_4q_growth_year": null,
            "roe": 0.65,
            "roe_4q": 1.29,
            "gross_profit": 690622,
            "gross_margin": 13.63,
            "gross_margin_4q_avg": 10.81,
            "net_income": 89680,
            "revenue": 5065899,
            "common_shares": 2810385,
            "book_valuer_per_share": 42.84,
            "book_valuer_per_share_4q_avg": 42.17,
            "equity": 13839831,
            "current_ratio": 151.69,
            "debt_ratio": 39.06,
            "inventory_turnover_ratio": 1.31,
            "account_receivable_turnover_ratio": 1.09,
            "reinvestment_rate": null,
            "research_to_sale_ratio": 4.39,
            "price_fair": 17.5,
            "eps_avg_yearly": 0.5,
            "eps_latest_yearly": 0.84,
            "eps_growth_yearly": 664.29
        },
        "20134": {
            "year_quarter": 20134,
            "year": 2013,
            "quarter": 4,
            "eps": -3.86,
            "eps_growth_year": null,
            "eps_4q": -3.05,
            "eps_4q_growth_year": null,
            "roe": -6.96,
            "roe_4q": -5.37,
            "gross_profit": 731091,
            "gross_margin": 14.37,
            "gross_margin_4q_avg": 11.65,
            "net_income": -1041947,
            "revenue": 5085992,
            "common_shares": 2810385,
            "book_valuer_per_share": 38.87,
            "book_valuer_per_share_4q_avg": 41.8,
            "equity": 16120276,
            "current_ratio": 175.05,
            "debt_ratio": 38.23,
            "inventory_turnover_ratio": 1.2,
            "account_receivable_turnover_ratio": 1.1,
            "reinvestment_rate": null,
            "research_to_sale_ratio": 4.74,
            "price_fair": 17.5,
            "eps_avg_yearly": 0.5,
            "eps_latest_yearly": 0.84,
            "eps_growth_yearly": 664.29
        },
        "20141": {
            "year_quarter": 20141,
            "year": 2014,
            "quarter": 1,
            "eps": -0.59,
            "eps_growth_year": -205.36,
            "eps_4q": -4.2,
            "eps_4q_growth_year": null,
            "roe": -0.68,
            "roe_4q": -6.97,
            "gross_profit": 463470,
            "gross_margin": 11.18,
            "gross_margin_4q_avg": 12.75,
            "net_income": -110700,
            "revenue": 4147379,
            "common_shares": 2810385,
            "book_valuer_per_share": 38.95,
            "book_valuer_per_share_4q_avg": 40.91,
            "equity": 16274239,
            "current_ratio": 186.1,
            "debt_ratio": 35.88,
            "inventory_turnover_ratio": 1.01,
            "account_receivable_turnover_ratio": 0.93,
            "reinvestment_rate": null,
            "research_to_sale_ratio": 4.91,
            "price_fair": 17.5,
            "eps_avg_yearly": 0.5,
            "eps_latest_yearly": 0.84,
            "eps_growth_yearly": 664.29
        },
        "20142": {
            "year_quarter": 20142,
            "year": 2014,
            "quarter": 2,
            "eps": 0.04,
            "eps_growth_year": 0,
            "eps_4q": -4.2,
            "eps_4q_growth_year": -712.04,
            "roe": 0.21,
            "roe_4q": -6.779999999999999,
            "gross_profit": 502016,
            "gross_margin": 11.42,
            "gross_margin_4q_avg": 12.65,
            "net_income": 33007,
            "revenue": 4395172,
            "common_shares": 2810385,
            "book_valuer_per_share": 39.17,
            "book_valuer_per_share_4q_avg": 39.96,
            "equity": 15806304,
            "current_ratio": 221.94,
            "debt_ratio": 31.21,
            "inventory_turnover_ratio": 1.11,
            "account_receivable_turnover_ratio": 1.07,
            "reinvestment_rate": null,
            "research_to_sale_ratio": 3.61,
            "price_fair": 17.5,
            "eps_avg_yearly": 0.5,
            "eps_latest_yearly": 0.84,
            "eps_growth_yearly": 664.29
        },
        "20143": {
            "year_quarter": 20143,
            "year": 2014,
            "quarter": 3,
            "eps": 0,
            "eps_growth_year": -100,
            "eps_4q": -4.42,
            "eps_4q_growth_year": -779.76,
            "roe": 0.18,
            "roe_4q": -7.25,
            "gross_profit": 712590,
            "gross_margin": 14.79,
            "gross_margin_4q_avg": 12.94,
            "net_income": 29174,
            "revenue": 4818165,
            "common_shares": 2810385,
            "book_valuer_per_share": 39.8,
            "book_valuer_per_share_4q_avg": 39.2,
            "equity": 16007512,
            "current_ratio": 235.77,
            "debt_ratio": 29.71,
            "inventory_turnover_ratio": 1.2,
            "account_receivable_turnover_ratio": 1.15,
            "reinvestment_rate": null,
            "research_to_sale_ratio": 3.99,
            "price_fair": 17.5,
            "eps_avg_yearly": 0.5,
            "eps_latest_yearly": 0.84,
            "eps_growth_yearly": 664.29
        },
        "20144": {
            "year_quarter": 20144,
            "year": 2014,
            "quarter": 4,
            "eps": -0.63,
            "eps_growth_year": null,
            "eps_4q": -1.19,
            "eps_4q_growth_year": null,
            "roe": -1.04,
            "roe_4q": -1.33,
            "gross_profit": 565987,
            "gross_margin": 13.02,
            "gross_margin_4q_avg": 12.6,
            "net_income": -166313,
            "revenue": 4347912,
            "common_shares": 2810839,
            "book_valuer_per_share": 39.55,
            "book_valuer_per_share_4q_avg": 39.37,
            "equity": 16118396,
            "current_ratio": 242.47,
            "debt_ratio": 29.97,
            "inventory_turnover_ratio": 1.07,
            "account_receivable_turnover_ratio": 0.99,
            "reinvestment_rate": null,
            "research_to_sale_ratio": 4.51,
            "price_fair": 17.5,
            "eps_avg_yearly": 0.5,
            "eps_latest_yearly": 0.84,
            "eps_growth_yearly": 664.29
        },
        "20151": {
            "year_quarter": 20151,
            "year": 2015,
            "quarter": 1,
            "eps": -0.18,
            "eps_growth_year": null,
            "eps_4q": -0.77,
            "eps_4q_growth_year": null,
            "roe": -0.28,
            "roe_4q": -0.9300000000000002,
            "gross_profit": 438997,
            "gross_margin": 10.98,
            "gross_margin_4q_avg": 12.55,
            "net_income": -44154,
            "revenue": 3999496,
            "common_shares": 2810839,
            "book_valuer_per_share": 38.95,
            "book_valuer_per_share_4q_avg": 39.37,
            "equity": 15911726,
            "current_ratio": 260.54,
            "debt_ratio": 28.14,
            "inventory_turnover_ratio": 0.99,
            "account_receivable_turnover_ratio": 0.95,
            "reinvestment_rate": null,
            "research_to_sale_ratio": 3.77,
            "price_fair": 17.5,
            "eps_avg_yearly": 0.5,
            "eps_latest_yearly": 0.84,
            "eps_growth_yearly": 664.29
        },
        "20152": {
            "year_quarter": 20152,
            "year": 2015,
            "quarter": 2,
            "eps": 0.21,
            "eps_growth_year": 425,
            "eps_4q": -0.6,
            "eps_4q_growth_year": null,
            "roe": 0.76,
            "roe_4q": -0.38000000000000006,
            "gross_profit": 659426,
            "gross_margin": 14.08,
            "gross_margin_4q_avg": 13.22,
            "net_income": 118398,
            "revenue": 4684131,
            "common_shares": 2810839,
            "book_valuer_per_share": 38.87,
            "book_valuer_per_share_4q_avg": 39.29,
            "equity": 15422243,
            "current_ratio": 247.55,
            "debt_ratio": 29.95,
            "inventory_turnover_ratio": 1.14,
            "account_receivable_turnover_ratio": 1.14,
            "reinvestment_rate": null,
            "research_to_sale_ratio": 3.2,
            "price_fair": 17.5,
            "eps_avg_yearly": 0.5,
            "eps_latest_yearly": 0.84,
            "eps_growth_yearly": 664.29
        },
        "20153": {
            "year_quarter": 20153,
            "year": 2015,
            "quarter": 3,
            "eps": 0.64,
            "eps_growth_year": null,
            "eps_4q": 0.04,
            "eps_4q_growth_year": null,
            "roe": 1.69,
            "roe_4q": 1.13,
            "gross_profit": 931405,
            "gross_margin": 18.15,
            "gross_margin_4q_avg": 14.06,
            "net_income": 268133,
            "revenue": 5131486,
            "common_shares": 2810839,
            "book_valuer_per_share": 41.34,
            "book_valuer_per_share_4q_avg": 39.68,
            "equity": 16310089,
            "current_ratio": 264.93,
            "debt_ratio": 28.67,
            "inventory_turnover_ratio": 1.17,
            "account_receivable_turnover_ratio": 1.18,
            "reinvestment_rate": null,
            "research_to_sale_ratio": 2.98,
            "price_fair": 41.53,
            "eps_avg_yearly": 1.19,
            "eps_latest_yearly": 2.56,
            "eps_growth_yearly": 715.87
        },
        "20154": {
            "year_quarter": 20154,
            "year": 2015,
            "quarter": 4,
            "eps": -0.3,
            "eps_growth_year": null,
            "eps_4q": 0.37,
            "eps_4q_growth_year": null,
            "roe": -0.5,
            "roe_4q": 1.67,
            "gross_profit": 582698,
            "gross_margin": 13.11,
            "gross_margin_4q_avg": 14.08,
            "net_income": -79800,
            "revenue": 4445534,
            "common_shares": 2810839,
            "book_valuer_per_share": 40.06,
            "book_valuer_per_share_4q_avg": 39.81,
            "equity": 15743337,
            "current_ratio": 302.49,
            "debt_ratio": 26.27,
            "inventory_turnover_ratio": 1.15,
            "account_receivable_turnover_ratio": 1.01,
            "reinvestment_rate": null,
            "research_to_sale_ratio": 4.19,
            "price_fair": 41.53,
            "eps_avg_yearly": 1.19,
            "eps_latest_yearly": 2.56,
            "eps_growth_yearly": 715.87
        },
        "20161": {
            "year_quarter": 20161,
            "year": 2016,
            "quarter": 1,
            "eps": 0.08,
            "eps_growth_year": null,
            "eps_4q": 0.63,
            "eps_4q_growth_year": null,
            "roe": 0.21,
            "roe_4q": 2.16,
            "gross_profit": 575120,
            "gross_margin": 16.26,
            "gross_margin_4q_avg": 15.4,
            "net_income": 32413,
            "revenue": 3536217,
            "common_shares": 2810839,
            "book_valuer_per_share": 39.55,
            "book_valuer_per_share_4q_avg": 39.96,
            "equity": 15541934,
            "current_ratio": 320.84,
            "debt_ratio": 25.15,
            "inventory_turnover_ratio": 0.96,
            "account_receivable_turnover_ratio": 0.87,
            "reinvestment_rate": null,
            "research_to_sale_ratio": 4.49,
            "price_fair": 41.53,
            "eps_avg_yearly": 1.19,
            "eps_latest_yearly": 2.56,
            "eps_growth_yearly": 715.87
        },
        "20162": {
            "year_quarter": 20162,
            "year": 2016,
            "quarter": 2,
            "eps": 0.41,
            "eps_growth_year": 95.24,
            "eps_4q": 0.84,
            "eps_4q_growth_year": null,
            "roe": 1.36,
            "roe_4q": 2.76,
            "gross_profit": 851147,
            "gross_margin": 17.75,
            "gross_margin_4q_avg": 16.32,
            "net_income": 209270,
            "revenue": 4794318,
            "common_shares": 2810839,
            "book_valuer_per_share": 39.7,
            "book_valuer_per_share_4q_avg": 40.16,
            "equity": 15184677,
            "current_ratio": 272.54,
            "debt_ratio": 27.61,
            "inventory_turnover_ratio": 1.34,
            "account_receivable_turnover_ratio": 1.14,
            "reinvestment_rate": null,
            "research_to_sale_ratio": 3.21,
            "price_fair": 45.5,
            "eps_avg_yearly": 1.3,
            "eps_latest_yearly": 1.64,
            "eps_growth_yearly": 949.4
        },
        "20163": {
            "year_quarter": 20163,
            "year": 2016,
            "quarter": 3,
            "eps": 0.57,
            "eps_growth_year": -10.94,
            "eps_4q": 0.76,
            "eps_4q_growth_year": 1900.76,
            "roe": 3.86,
            "roe_4q": 4.93,
            "gross_profit": 1141124,
            "gross_margin": 21.73,
            "gross_margin_4q_avg": 17.21,
            "net_income": 586418,
            "revenue": 5250984,
            "common_shares": 2810839,
            "book_valuer_per_share": 39.14,
            "book_valuer_per_share_4q_avg": 39.61,
            "equity": 15228347,
            "current_ratio": 276.51,
            "debt_ratio": 27.06,
            "inventory_turnover_ratio": 1.54,
            "account_receivable_turnover_ratio": 1.17,
            "reinvestment_rate": null,
            "research_to_sale_ratio": 3.68,
            "price_fair": 52.36,
            "eps_avg_yearly": 1.5,
            "eps_latest_yearly": 2.28,
            "eps_growth_yearly": 790.74
        },
        "20164": {
            "year_quarter": 20164,
            "year": 2016,
            "quarter": 4,
            "eps": 0.14,
            "eps_growth_year": null,
            "eps_4q": 1.2,
            "eps_4q_growth_year": 222.93,
            "roe": 0.72,
            "roe_4q": 6.15,
            "gross_profit": 695804,
            "gross_margin": 15.97,
            "gross_margin_4q_avg": 17.93,
            "net_income": 110837,
            "revenue": 4356461,
            "common_shares": 2810839,
            "book_valuer_per_share": 39.76,
            "book_valuer_per_share_4q_avg": 39.54,
            "equity": 15513607,
            "current_ratio": 299,
            "debt_ratio": 25.87,
            "inventory_turnover_ratio": 1.41,
            "account_receivable_turnover_ratio": 1.04,
            "reinvestment_rate": null,
            "research_to_sale_ratio": 3.99,
            "price_fair": 46.9,
            "eps_avg_yearly": 1.34,
            "eps_latest_yearly": 0.56,
            "eps_growth_yearly": 608.66
        },
        "20171": {
            "year_quarter": 20171,
            "year": 2017,
            "quarter": 1,
            "eps": 0.11,
            "eps_growth_year": 37.5,
            "eps_4q": 1.23,
            "eps_4q_growth_year": 94.35,
            "roe": 0.77,
            "roe_4q": 6.71,
            "gross_profit": 700580,
            "gross_margin": 18.61,
            "gross_margin_4q_avg": 18.52,
            "net_income": 118475,
            "revenue": 3763683,
            "common_shares": 2810839,
            "book_valuer_per_share": 37.89,
            "book_valuer_per_share_4q_avg": 39.12,
            "equity": 15211793,
            "current_ratio": 330.41,
            "debt_ratio": 24.02,
            "inventory_turnover_ratio": 1.08,
            "account_receivable_turnover_ratio": 1.03,
            "reinvestment_rate": null,
            "research_to_sale_ratio": 4.39,
            "price_fair": 42.4,
            "eps_avg_yearly": 1.21,
            "eps_latest_yearly": 0.44,
            "eps_growth_yearly": 509.46
        },
        "20172": {
            "year_quarter": 20172,
            "year": 2017,
            "quarter": 2,
            "eps": 0.7,
            "eps_growth_year": 70.73,
            "eps_4q": 1.51,
            "eps_4q_growth_year": 81.26,
            "roe": 1.78,
            "roe_4q": 7.129999999999999,
            "gross_profit": 930419,
            "gross_margin": 17.96,
            "gross_margin_4q_avg": 18.57,
            "net_income": 269515,
            "revenue": 5181231,
            "common_shares": 2810839,
            "book_valuer_per_share": 38.03,
            "book_valuer_per_share_4q_avg": 38.71,
            "equity": 15022330,
            "current_ratio": 275.32,
            "debt_ratio": 28.83,
            "inventory_turnover_ratio": 1.4,
            "account_receivable_turnover_ratio": 1.44,
            "reinvestment_rate": null,
            "research_to_sale_ratio": 4.09,
            "price_fair": 55.6,
            "eps_avg_yearly": 1.59,
            "eps_latest_yearly": 2.8,
            "eps_growth_yearly": 869.02
        },
        "20173": {
            "year_quarter": 20173,
            "year": 2017,
            "quarter": 3,
            "eps": 1.1,
            "eps_growth_year": 92.98,
            "eps_4q": 2.05,
            "eps_4q_growth_year": 169.93,
            "roe": 2.67,
            "roe_4q": 5.94,
            "gross_profit": 1060327,
            "gross_margin": 20.82,
            "gross_margin_4q_avg": 18.34,
            "net_income": 405624,
            "revenue": 5093956,
            "common_shares": 2810839,
            "book_valuer_per_share": 39.17,
            "book_valuer_per_share_4q_avg": 38.71,
            "equity": 15368215,
            "current_ratio": 301.57,
            "debt_ratio": 26.36,
            "inventory_turnover_ratio": 1.29,
            "account_receivable_turnover_ratio": 1.24,
            "reinvestment_rate": null,
            "research_to_sale_ratio": 3.16,
            "price_fair": 73.4,
            "eps_avg_yearly": 2.1,
            "eps_latest_yearly": 4.4,
            "eps_growth_yearly": 658.81
        },
        "20174": {
            "year_quarter": 20174,
            "year": 2017,
            "quarter": 4,
            "eps": 0.3,
            "eps_growth_year": 111.04,
            "eps_4q": 2.21,
            "eps_4q_growth_year": 83.84,
            "roe": 0.91,
            "roe_4q": 6.130000000000001,
            "gross_profit": 734940,
            "gross_margin": 15.81,
            "gross_margin_4q_avg": 18.3,
            "net_income": 138918,
            "revenue": 4647999,
            "common_shares": 2810839,
            "book_valuer_per_share": 39.02,
            "book_valuer_per_share_4q_avg": 38.53,
            "equity": 15182827,
            "current_ratio": 318.56,
            "debt_ratio": 25.17,
            "inventory_turnover_ratio": 1.3,
            "account_receivable_turnover_ratio": 1.13,
            "reinvestment_rate": -650.13,
            "research_to_sale_ratio": 4.38,
            "price_fair": 69.48,
            "eps_avg_yearly": 1.99,
            "eps_latest_yearly": 1.2,
            "eps_growth_yearly": 540.1
        },
        "20181": {
            "year_quarter": 20181,
            "year": 2018,
            "quarter": 1,
            "eps": 0.33,
            "eps_growth_year": 200,
            "eps_4q": 2.43,
            "eps_4q_growth_year": 97.55,
            "roe": 0.82,
            "roe_4q": 6.180000000000001,
            "gross_profit": 743485,
            "gross_margin": 18.25,
            "gross_margin_4q_avg": 18.21,
            "net_income": 124813,
            "revenue": 4073699,
            "common_shares": 2810839,
            "book_valuer_per_share": 38.97,
            "book_valuer_per_share_4q_avg": 38.8,
            "equity": 15189112,
            "current_ratio": 334.71,
            "debt_ratio": 24.06,
            "inventory_turnover_ratio": 1.16,
            "account_receivable_turnover_ratio": 1.08,
            "reinvestment_rate": -465.71,
            "research_to_sale_ratio": 4.21,
            "price_fair": 66.89,
            "eps_avg_yearly": 1.91,
            "eps_latest_yearly": 1.32,
            "eps_growth_yearly": 484.53
        },
        "20182": {
            "year_quarter": 20182,
            "year": 2018,
            "quarter": 2,
            "eps": 1.04,
            "eps_growth_year": 48.57,
            "eps_4q": 2.77,
            "eps_4q_growth_year": 82.87,
            "roe": 2.89,
            "roe_4q": 7.29,
            "gross_profit": 996999,
            "gross_margin": 19.67,
            "gross_margin_4q_avg": 18.64,
            "net_income": 438556,
            "revenue": 5068956,
            "common_shares": 2810839,
            "book_valuer_per_share": 39.61,
            "book_valuer_per_share_4q_avg": 39.19,
            "equity": 15136844,
            "current_ratio": 283.97,
            "debt_ratio": 28.75,
            "inventory_turnover_ratio": 1.38,
            "account_receivable_turnover_ratio": 1.28,
            "reinvestment_rate": -327.45,
            "research_to_sale_ratio": 3.74,
            "price_fair": 74.76,
            "eps_avg_yearly": 2.14,
            "eps_latest_yearly": 4.16,
            "eps_growth_yearly": 522.14
        },
        "20183": {
            "year_quarter": 20183,
            "year": 2018,
            "quarter": 3,
            "eps": 1.47,
            "eps_growth_year": 33.64,
            "eps_4q": 3.14,
            "eps_4q_growth_year": 53.28,
            "roe": 3.67,
            "roe_4q": 8.290000000000001,
            "gross_profit": 1112693,
            "gross_margin": 21.69,
            "gross_margin_4q_avg": 18.86,
            "net_income": 561292,
            "revenue": 5129187,
            "common_shares": 2810839,
            "book_valuer_per_share": 40.83,
            "book_valuer_per_share_4q_avg": 39.61,
            "equity": 15444219,
            "current_ratio": 313.14,
            "debt_ratio": 26.34,
            "inventory_turnover_ratio": 1.28,
            "account_receivable_turnover_ratio": 1.22,
            "reinvestment_rate": -243.63,
            "research_to_sale_ratio": 3.42,
            "price_fair": 86.67,
            "eps_avg_yearly": 2.48,
            "eps_latest_yearly": 5.88,
            "eps_growth_yearly": 489.71
        },
        "20184": {
            "year_quarter": 20184,
            "year": 2018,
            "quarter": 4,
            "eps": 1.05,
            "eps_growth_year": 249.04,
            "eps_4q": 3.89,
            "eps_4q_growth_year": 76.16,
            "roe": 2.35,
            "roe_4q": 9.73,
            "gross_profit": 945722,
            "gross_margin": 19.66,
            "gross_margin_4q_avg": 19.82,
            "net_income": 367842,
            "revenue": 4810892,
            "common_shares": 2810839,
            "book_valuer_per_share": 42.03,
            "book_valuer_per_share_4q_avg": 40.36,
            "equity": 15882202,
            "current_ratio": 341.94,
            "debt_ratio": 24.28,
            "inventory_turnover_ratio": 1.25,
            "account_receivable_turnover_ratio": 1.23,
            "reinvestment_rate": -179.06,
            "research_to_sale_ratio": 4.68,
            "price_fair": 91.7,
            "eps_avg_yearly": 2.62,
            "eps_latest_yearly": 4.2,
            "eps_growth_yearly": 439.37
        },
        "20191": {
            "year_quarter": 20191,
            "year": 2019,
            "quarter": 1,
            "eps": 0.36,
            "eps_growth_year": 9.09,
            "eps_4q": 3.92,
            "eps_4q_growth_year": 61.38,
            "roe": 0.97,
            "roe_4q": 9.88,
            "gross_profit": 701975,
            "gross_margin": 17.09,
            "gross_margin_4q_avg": 19.53,
            "net_income": 155076,
            "revenue": 4108054,
            "common_shares": 2810839,
            "book_valuer_per_share": 42.73,
            "book_valuer_per_share_4q_avg": 41.3,
            "equity": 16181037,
            "current_ratio": 352.09,
            "debt_ratio": 23.63,
            "inventory_turnover_ratio": 1.1,
            "account_receivable_turnover_ratio": 1.16,
            "reinvestment_rate": -156.94,
            "research_to_sale_ratio": 4.25,
            "price_fair": 88.52,
            "eps_avg_yearly": 2.53,
            "eps_latest_yearly": 1.44,
            "eps_growth_yearly": 385.36
        },
        "20192": {
            "year_quarter": 20192,
            "year": 2019,
            "quarter": 2,
            "eps": 1.43,
            "eps_growth_year": 37.5,
            "eps_4q": 4.31,
            "eps_4q_growth_year": 55.73,
            "roe": 3.31,
            "roe_4q": 10.3,
            "gross_profit": 1024071,
            "gross_margin": 20.2,
            "gross_margin_4q_avg": 19.66,
            "net_income": 525630,
            "revenue": 5069719,
            "common_shares": 2810839,
            "book_valuer_per_share": 41.93,
            "book_valuer_per_share_4q_avg": 41.88,
            "equity": 15598582,
            "current_ratio": 291.09,
            "debt_ratio": 28.67,
            "inventory_turnover_ratio": 1.28,
            "account_receivable_turnover_ratio": 1.33,
            "reinvestment_rate": -130.37,
            "research_to_sale_ratio": 3.93,
            "price_fair": 96.5,
            "eps_avg_yearly": 2.76,
            "eps_latest_yearly": 5.72,
            "eps_growth_yearly": 442.75
        },
        "20193": {
            "year_quarter": 20193,
            "year": 2019,
            "quarter": 3,
            "eps": 1.38,
            "eps_growth_year": -6.12,
            "eps_4q": 4.22,
            "eps_4q_growth_year": 34.43,
            "roe": 3.5,
            "roe_4q": 10.13,
            "gross_profit": 1088945,
            "gross_margin": 21.9,
            "gross_margin_4q_avg": 19.71,
            "net_income": 551429,
            "revenue": 4972126,
            "common_shares": 2810839,
            "book_valuer_per_share": 42.95,
            "book_valuer_per_share_4q_avg": 42.41,
            "equity": 15939937,
            "current_ratio": 347.43,
            "debt_ratio": 24.19,
            "inventory_turnover_ratio": 1.33,
            "account_receivable_turnover_ratio": 1.19,
            "reinvestment_rate": -120.87,
            "research_to_sale_ratio": 3.14,
            "price_fair": 103.9,
            "eps_avg_yearly": 2.97,
            "eps_latest_yearly": 5.52,
            "eps_growth_yearly": 383.25
        },
        "20194": {
            "year_quarter": 20194,
            "year": 2019,
            "quarter": 4,
            "eps": 0.24,
            "eps_growth_year": -77.47,
            "eps_4q": 3.41,
            "eps_4q_growth_year": -12.25,
            "roe": 0.74,
            "roe_4q": 8.520000000000001,
            "gross_profit": 754575,
            "gross_margin": 19.02,
            "gross_margin_4q_avg": 19.55,
            "net_income": 116189,
            "revenue": 3967732,
            "common_shares": 2810839,
            "book_valuer_per_share": 41.8,
            "book_valuer_per_share_4q_avg": 42.35,
            "equity": 15572011,
            "current_ratio": 398.62,
            "debt_ratio": 21.32,
            "inventory_turnover_ratio": 1.26,
            "account_receivable_turnover_ratio": 1.02,
            "reinvestment_rate": -96.03,
            "research_to_sale_ratio": 5.26,
            "price_fair": 99.21,
            "eps_avg_yearly": 2.83,
            "eps_latest_yearly": 0.96,
            "eps_growth_yearly": 335.67
        },
        "20201": {
            "year_quarter": 20201,
            "year": 2020,
            "quarter": 1,
            "eps": -0.41,
            "eps_growth_year": -213.89,
            "eps_4q": 2.65,
            "eps_4q_growth_year": -32.46,
            "roe": -0.36,
            "roe_4q": 7.1899999999999995,
            "gross_profit": 393369,
            "gross_margin": 13.46,
            "gross_margin_4q_avg": 18.65,
            "net_income": -56615,
            "revenue": 2923358,
            "common_shares": 2810839,
            "book_valuer_per_share": 41.56,
            "book_valuer_per_share_4q_avg": 42.06,
            "equity": 15563293,
            "current_ratio": 425.96,
            "debt_ratio": 20.04,
            "inventory_turnover_ratio": 1.07,
            "account_receivable_turnover_ratio": 0.87,
            "reinvestment_rate": -93.55,
            "research_to_sale_ratio": 6.05,
            "price_fair": 99.21,
            "eps_avg_yearly": 2.83,
            "eps_latest_yearly": 0.96,
            "eps_growth_yearly": 335.67
        },
        "20202": {
            "year_quarter": 20202,
            "year": 2020,
            "quarter": 2,
            "eps": 0.59,
            "eps_growth_year": -58.74,
            "eps_4q": 1.81,
            "eps_4q_growth_year": -58.13,
            "roe": 1.58,
            "roe_4q": 5.46,
            "gross_profit": 752132,
            "gross_margin": 19.38,
            "gross_margin_4q_avg": 18.44,
            "net_income": 239131,
            "revenue": 3881252,
            "common_shares": 2810839,
            "book_valuer_per_share": 39.33,
            "book_valuer_per_share_4q_avg": 41.41,
            "equity": 14712755,
            "current_ratio": 335.08,
            "debt_ratio": 25.4,
            "inventory_turnover_ratio": 1.33,
            "account_receivable_turnover_ratio": 1.21,
            "reinvestment_rate": -83.93,
            "research_to_sale_ratio": 4.75,
            "price_fair": 102.2,
            "eps_avg_yearly": 2.92,
            "eps_latest_yearly": 0.96,
            "eps_growth_yearly": 241.79
        },
        "20203": {
            "year_quarter": 20203,
            "year": 2020,
            "quarter": 3,
            "eps": 0.66,
            "eps_growth_year": -52.17,
            "eps_4q": 1.09,
            "eps_4q_growth_year": -74.23,
            "roe": 1.63,
            "roe_4q": 3.59,
            "gross_profit": 993086,
            "gross_margin": 21.77,
            "gross_margin_4q_avg": 18.41,
            "net_income": 241376,
            "revenue": 4561744,
            "common_shares": 2810839,
            "book_valuer_per_share": 39.7,
            "book_valuer_per_share_4q_avg": 40.6,
            "equity": 14882330,
            "current_ratio": 332.92,
            "debt_ratio": 25.42,
            "inventory_turnover_ratio": 1.46,
            "account_receivable_turnover_ratio": 1.29,
            "reinvestment_rate": -84.59,
            "research_to_sale_ratio": 3.88,
            "price_fair": 103.1,
            "eps_avg_yearly": 2.95,
            "eps_latest_yearly": 2.64,
            "eps_growth_yearly": 234.03
        },
        "20204": {
            "year_quarter": 20204,
            "year": 2020,
            "quarter": 4,
            "eps": 0.56,
            "eps_growth_year": 137.42,
            "eps_4q": 1.41,
            "eps_4q_growth_year": -58.61,
            "roe": 1.23,
            "roe_4q": 4.079999999999999,
            "gross_profit": 794521,
            "gross_margin": 18.08,
            "gross_margin_4q_avg": 18.17,
            "net_income": 184114,
            "revenue": 4393707,
            "common_shares": 2810839,
            "book_valuer_per_share": 39.84,
            "book_valuer_per_share_4q_avg": 40.11,
            "equity": 14959469,
            "current_ratio": 333.03,
            "debt_ratio": 25.81,
            "inventory_turnover_ratio": 1.4,
            "account_receivable_turnover_ratio": 1.22,
            "reinvestment_rate": -65.71,
            "research_to_sale_ratio": 4.48,
            "price_fair": 107.3,
            "eps_avg_yearly": 3.07,
            "eps_latest_yearly": 2.24,
            "eps_growth_yearly": 251.26
        },
        "20211": {
            "year_quarter": 20211,
            "year": 2021,
            "quarter": 1,
            "eps": 1.08,
            "eps_growth_year": null,
            "eps_4q": 2.9,
            "eps_4q_growth_year": 9.64,
            "roe": 2.55,
            "roe_4q": 6.99,
            "gross_profit": 966366,
            "gross_margin": 20.44,
            "gross_margin_4q_avg": 19.92,
            "net_income": 385897,
            "revenue": 4728529,
            "common_shares": 2810839,
            "book_valuer_per_share": 40.86,
            "book_valuer_per_share_4q_avg": 39.93,
            "equity": 15321051,
            "current_ratio": 327.86,
            "debt_ratio": 26.59,
            "inventory_turnover_ratio": 1.36,
            "account_receivable_turnover_ratio": 1.28,
            "reinvestment_rate": -50.95,
            "research_to_sale_ratio": 3.87,
            "price_fair": 117,
            "eps_avg_yearly": 3.34,
            "eps_latest_yearly": 4.32,
            "eps_growth_yearly": 283.91
        },
        "20212": {
            "year_quarter": 20212,
            "year": 2021,
            "quarter": 2,
            "eps": 1.36,
            "eps_growth_year": 130.51,
            "eps_4q": 3.67,
            "eps_4q_growth_year": 103.14,
            "roe": 3.09,
            "roe_4q": 8.5,
            "gross_profit": 1073104,
            "gross_margin": 20.53,
            "gross_margin_4q_avg": 20.21,
            "net_income": 476232,
            "revenue": 5228091,
            "common_shares": 2810839,
            "book_valuer_per_share": 41.49,
            "book_valuer_per_share_4q_avg": 40.47,
            "equity": 15465660,
            "current_ratio": 309.11,
            "debt_ratio": 28.42,
            "inventory_turnover_ratio": 1.34,
            "account_receivable_turnover_ratio": 1.28,
            "reinvestment_rate": -45.82,
            "research_to_sale_ratio": 4.02,
            "price_fair": 123.6,
            "eps_avg_yearly": 3.53,
            "eps_latest_yearly": 5.44,
            "eps_growth_yearly": 138.07
        },
        "20213": {
            "year_quarter": 20213,
            "year": 2021,
            "quarter": 3,
            "eps": 1.31,
            "eps_growth_year": 98.48,
            "eps_4q": 4.31,
            "eps_4q_growth_year": 296.35,
            "roe": 3.28,
            "roe_4q": 10.149999999999999,
            "gross_profit": 1094672,
            "gross_margin": 20.37,
            "gross_margin_4q_avg": 19.86,
            "net_income": 507189,
            "revenue": 5372884,
            "common_shares": 2810839,
            "book_valuer_per_share": 41.73,
            "book_valuer_per_share_4q_avg": 40.98,
            "equity": 15475241,
            "current_ratio": 287.68,
            "debt_ratio": 30.59,
            "inventory_turnover_ratio": 1.22,
            "account_receivable_turnover_ratio": 1.27,
            "reinvestment_rate": -39.09,
            "research_to_sale_ratio": 3.96,
            "price_fair": 125.7,
            "eps_avg_yearly": 3.59,
            "eps_latest_yearly": 5.24,
            "eps_growth_yearly": 120.69
        },
        "20214": {
            "year_quarter": 20214,
            "year": 2021,
            "quarter": 4,
            "eps": 1.59,
            "eps_growth_year": 183.51,
            "eps_4q": 5.34,
            "eps_4q_growth_year": 278.16,
            "roe": 3.22,
            "roe_4q": 12.14,
            "gross_profit": 1202308,
            "gross_margin": 21.29,
            "gross_margin_4q_avg": 20.66,
            "net_income": 504311,
            "revenue": 5647303,
            "common_shares": 2810839,
            "book_valuer_per_share": 43.23,
            "book_valuer_per_share_4q_avg": 41.83,
            "equity": 15892052,
            "current_ratio": 296.39,
            "debt_ratio": 29.76,
            "inventory_turnover_ratio": 1.16,
            "account_receivable_turnover_ratio": 1.31,
            "reinvestment_rate": -25.87,
            "research_to_sale_ratio": 3.98,
            "price_fair": 138.6,
            "eps_avg_yearly": 3.96,
            "eps_latest_yearly": 6.36,
            "eps_growth_yearly": 147.58
        },
        "20221": {
            "year_quarter": 20221,
            "year": 2022,
            "quarter": 1,
            "eps": 0.28,
            "eps_growth_year": -74.07,
            "eps_4q": 4.54,
            "eps_4q_growth_year": 56.36,
            "roe": 1.05,
            "roe_4q": 10.64,
            "gross_profit": 778486,
            "gross_margin": 17.34,
            "gross_margin_4q_avg": 19.88,
            "net_income": 159831,
            "revenue": 4488835,
            "common_shares": 2810839,
            "book_valuer_per_share": 43.68,
            "book_valuer_per_share_4q_avg": 42.53,
            "equity": 14446559,
            "current_ratio": 256.99,
            "debt_ratio": 33.86,
            "inventory_turnover_ratio": 0.94,
            "account_receivable_turnover_ratio": 1.06,
            "reinvestment_rate": -24.43,
            "research_to_sale_ratio": 4.48,
            "price_fair": 138.1,
            "eps_avg_yearly": 3.95,
            "eps_latest_yearly": 1.12,
            "eps_growth_yearly": 121.18
        },
        "20222": {
            "year_quarter": 20222,
            "year": 2022,
            "quarter": 2,
            "eps": 1,
            "eps_growth_year": -26.47,
            "eps_4q": 4.17,
            "eps_4q_growth_year": 13.77,
            "roe": 2.88,
            "roe_4q": 10.43,
            "gross_profit": 889943,
            "gross_margin": 18.26,
            "gross_margin_4q_avg": 19.32,
            "net_income": 406135,
            "revenue": 4874029,
            "common_shares": 2810839,
            "book_valuer_per_share": 41.61,
            "book_valuer_per_share_4q_avg": 42.56,
            "equity": 13762796,
            "current_ratio": 250.69,
            "debt_ratio": 34.61,
            "inventory_turnover_ratio": 1,
            "account_receivable_turnover_ratio": 1.17,
            "reinvestment_rate": -24.81,
            "research_to_sale_ratio": 4.12,
            "price_fair": 137.7,
            "eps_avg_yearly": 3.93,
            "eps_latest_yearly": 4,
            "eps_growth_yearly": 133.18
        },
        "20223": {
            "year_quarter": 20223,
            "year": 2022,
            "quarter": 3,
            "eps": 1.62,
            "eps_growth_year": 23.66,
            "eps_4q": 4.48,
            "eps_4q_growth_year": 3.93,
            "roe": 4.06,
            "roe_4q": 11.209999999999999,
            "gross_profit": 1126118,
            "gross_margin": 22.08,
            "gross_margin_4q_avg": 19.74,
            "net_income": 583144,
            "revenue": 5099719,
            "common_shares": 2810839,
            "book_valuer_per_share": 45.15,
            "book_valuer_per_share_4q_avg": 43.42,
            "equity": 14948122,
            "current_ratio": 302.79,
            "debt_ratio": 28.9,
            "inventory_turnover_ratio": 1.03,
            "account_receivable_turnover_ratio": 1.22,
            "reinvestment_rate": -19.13,
            "research_to_sale_ratio": 4.42,
            "price_fair": 139.2,
            "eps_avg_yearly": 3.98,
            "eps_latest_yearly": 6.48,
            "eps_growth_yearly": 139.08
        },
        "20224": {
            "year_quarter": 20224,
            "year": 2022,
            "quarter": 4,
            "eps": 0.4,
            "eps_growth_year": -75.03,
            "eps_4q": 3.31,
            "eps_4q_growth_year": -38,
            "roe": 1.33,
            "roe_4q": 9.32,
            "gross_profit": 966279,
            "gross_margin": 20.94,
            "gross_margin_4q_avg": 19.66,
            "net_income": 196517,
            "revenue": 4614465,
            "common_shares": 2810839,
            "book_valuer_per_share": 44.71,
            "book_valuer_per_share_4q_avg": 43.79,
            "equity": 14697918,
            "current_ratio": 311.98,
            "debt_ratio": 28.03,
            "inventory_turnover_ratio": 1.02,
            "account_receivable_turnover_ratio": 1.17,
            "reinvestment_rate": -15.49,
            "research_to_sale_ratio": 4.82,
            "price_fair": 132.7,
            "eps_avg_yearly": 3.79,
            "eps_latest_yearly": 1.6,
            "eps_growth_yearly": 125.73
        },
        "20231": {
            "year_quarter": 20231,
            "year": 2023,
            "quarter": 1,
            "eps": 0.07,
            "eps_growth_year": -75,
            "eps_4q": 3.1,
            "eps_4q_growth_year": -31.56,
            "roe": 0.58,
            "roe_4q": 8.85,
            "gross_profit": 634027,
            "gross_margin": 16.53,
            "gross_margin_4q_avg": 19.45,
            "net_income": 82968,
            "revenue": 3835897,
            "common_shares": 2792439,
            "book_valuer_per_share": 42.44,
            "book_valuer_per_share_4q_avg": 43.48,
            "equity": 13899207,
            "current_ratio": 269.81,
            "debt_ratio": 32.2,
            "inventory_turnover_ratio": 0.93,
            "account_receivable_turnover_ratio": 1.02,
            "reinvestment_rate": -16.64,
            "research_to_sale_ratio": 4.89,
            "price_fair": 129.8,
            "eps_avg_yearly": 3.71,
            "eps_latest_yearly": 0.28,
            "eps_growth_yearly": 120.93
        }
    },
    "months": {
        "2002-08": {
            "month": "2002-08",
            "price": "146.20",
            "revenue": 291314
        },
        "2002-09": {
            "month": "2002-09",
            "price": "137.92",
            "revenue": 354394
        },
        "2002-10": {
            "month": "2002-10",
            "price": "142.75",
            "revenue": 349307
        },
        "2002-11": {
            "month": "2002-11",
            "price": "161.14",
            "revenue": 346528
        },
        "2002-12": {
            "month": "2002-12",
            "price": "180.05",
            "revenue": 266465
        },
        "2003-01": {
            "month": "2003-01",
            "price": "161.95",
            "revenue": 283293
        },
        "2003-02": {
            "month": "2003-02",
            "price": "165.81",
            "revenue": 281071
        },
        "2003-03": {
            "month": "2003-03",
            "price": "168.38",
            "revenue": 311444
        },
        "2003-04": {
            "month": "2003-04",
            "price": "170.50",
            "revenue": 334984
        },
        "2003-05": {
            "month": "2003-05",
            "price": "163.67",
            "revenue": 364170
        },
        "2003-06": {
            "month": "2003-06",
            "price": "180.20",
            "revenue": 401444
        },
        "2003-07": {
            "month": "2003-07",
            "price": "190.61",
            "revenue": 444659
        },
        "2003-08": {
            "month": "2003-08",
            "price": "189.76",
            "revenue": 505167
        },
        "2003-09": {
            "month": "2003-09",
            "price": "225.52",
            "revenue": 607549
        },
        "2003-10": {
            "month": "2003-10",
            "price": "224.50",
            "revenue": 614920
        },
        "2003-11": {
            "month": "2003-11",
            "price": "226.00",
            "revenue": 599547
        },
        "2003-12": {
            "month": "2003-12",
            "price": "236.61",
            "revenue": 461415
        },
        "2004-01": {
            "month": "2004-01",
            "price": "260.07",
            "revenue": 407997
        },
        "2004-02": {
            "month": "2004-02",
            "price": "280.75",
            "revenue": 440612
        },
        "2004-03": {
            "month": "2004-03",
            "price": "291.74",
            "revenue": 453728
        },
        "2004-04": {
            "month": "2004-04",
            "price": "291.14",
            "revenue": 456200
        },
        "2004-05": {
            "month": "2004-05",
            "price": "222.33",
            "revenue": 425919
        },
        "2004-06": {
            "month": "2004-06",
            "price": "214.00",
            "revenue": 441403
        },
        "2004-07": {
            "month": "2004-07",
            "price": "165.36",
            "revenue": 474700
        },
        "2004-08": {
            "month": "2004-08",
            "price": "173.20",
            "revenue": 556769
        },
        "2004-09": {
            "month": "2004-09",
            "price": "180.29",
            "revenue": 653455
        },
        "2004-10": {
            "month": "2004-10",
            "price": "156.10",
            "revenue": 717273
        },
        "2004-11": {
            "month": "2004-11",
            "price": "172.64",
            "revenue": 759213
        },
        "2004-12": {
            "month": "2004-12",
            "price": "174.26",
            "revenue": 679402
        },
        "2005-01": {
            "month": "2005-01",
            "price": "167.67",
            "revenue": 556806
        },
        "2005-02": {
            "month": "2005-02",
            "price": "200.08",
            "revenue": 466976
        },
        "2005-03": {
            "month": "2005-03",
            "price": "202.41",
            "revenue": 522499
        },
        "2005-04": {
            "month": "2005-04",
            "price": "197.75",
            "revenue": 468532
        },
        "2005-05": {
            "month": "2005-05",
            "price": "206.50",
            "revenue": 482745
        },
        "2005-06": {
            "month": "2005-06",
            "price": "217.14",
            "revenue": 510637
        },
        "2005-07": {
            "month": "2005-07",
            "price": "229.50",
            "revenue": 606574
        },
        "2005-08": {
            "month": "2005-08",
            "price": "214.14",
            "revenue": 714808
        },
        "2005-09": {
            "month": "2005-09",
            "price": "207.19",
            "revenue": 818439
        },
        "2005-10": {
            "month": "2005-10",
            "price": "200.58",
            "revenue": 908594
        },
        "2005-11": {
            "month": "2005-11",
            "price": "197.20",
            "revenue": 772006
        },
        "2005-12": {
            "month": "2005-12",
            "price": "222.75",
            "revenue": 371329
        },
        "2006-01": {
            "month": "2006-01",
            "price": "210.89",
            "revenue": 272664
        },
        "2006-02": {
            "month": "2006-02",
            "price": "175.24",
            "revenue": 225000
        },
        "2006-03": {
            "month": "2006-03",
            "price": "143.20",
            "revenue": 362854
        },
        "2006-04": {
            "month": "2006-04",
            "price": "154.79",
            "revenue": 357431
        },
        "2006-05": {
            "month": "2006-05",
            "price": "156.60",
            "revenue": 386094
        },
        "2006-06": {
            "month": "2006-06",
            "price": "148.27",
            "revenue": 342314
        },
        "2006-07": {
            "month": "2006-07",
            "price": "154.29",
            "revenue": 363226
        },
        "2006-08": {
            "month": "2006-08",
            "price": "153.89",
            "revenue": 414675
        },
        "2006-09": {
            "month": "2006-09",
            "price": "150.93",
            "revenue": 500613
        },
        "2006-10": {
            "month": "2006-10",
            "price": "146.18",
            "revenue": 532563
        },
        "2006-11": {
            "month": "2006-11",
            "price": "142.84",
            "revenue": 531539
        },
        "2006-12": {
            "month": "2006-12",
            "price": "136.64",
            "revenue": 343922
        },
        "2007-01": {
            "month": "2007-01",
            "price": "147.98",
            "revenue": 430379
        },
        "2007-02": {
            "month": "2007-02",
            "price": "150.21",
            "revenue": 254223
        },
        "2007-03": {
            "month": "2007-03",
            "price": "143.43",
            "revenue": 407563
        },
        "2007-04": {
            "month": "2007-04",
            "price": "146.00",
            "revenue": 406143
        },
        "2007-05": {
            "month": "2007-05",
            "price": "143.34",
            "revenue": 387334
        },
        "2007-06": {
            "month": "2007-06",
            "price": "154.30",
            "revenue": 419229
        },
        "2007-07": {
            "month": "2007-07",
            "price": "152.84",
            "revenue": 443665
        },
        "2007-08": {
            "month": "2007-08",
            "price": "128.65",
            "revenue": 542842
        },
        "2007-09": {
            "month": "2007-09",
            "price": "113.19",
            "revenue": 615678
        },
        "2007-10": {
            "month": "2007-10",
            "price": "114.50",
            "revenue": 512942
        },
        "2007-11": {
            "month": "2007-11",
            "price": "97.27",
            "revenue": 433944
        },
        "2007-12": {
            "month": "2007-12",
            "price": "86.42",
            "revenue": 329994
        },
        "2008-01": {
            "month": "2008-01",
            "price": "78.55",
            "revenue": 386435
        },
        "2008-02": {
            "month": "2008-02",
            "price": "77.80",
            "revenue": 325673
        },
        "2008-03": {
            "month": "2008-03",
            "price": "81.20",
            "revenue": 437967
        },
        "2008-04": {
            "month": "2008-04",
            "price": "85.69",
            "revenue": 667104
        },
        "2008-05": {
            "month": "2008-05",
            "price": "80.67",
            "revenue": 716507
        },
        "2008-06": {
            "month": "2008-06",
            "price": "70.01",
            "revenue": 645801
        },
        "2008-07": {
            "month": "2008-07",
            "price": "57.21",
            "revenue": 525092
        },
        "2008-08": {
            "month": "2008-08",
            "price": "57.50",
            "revenue": 668003
        },
        "2008-09": {
            "month": "2008-09",
            "price": "44.51",
            "revenue": 731704
        },
        "2008-10": {
            "month": "2008-10",
            "price": "41.20",
            "revenue": 749426
        },
        "2008-11": {
            "month": "2008-11",
            "price": "37.94",
            "revenue": 618947
        },
        "2008-12": {
            "month": "2008-12",
            "price": "36.24",
            "revenue": 319094
        },
        "2009-01": {
            "month": "2009-01",
            "price": "37.12",
            "revenue": 198205
        },
        "2009-02": {
            "month": "2009-02",
            "price": "37.33",
            "revenue": 119840
        },
        "2009-03": {
            "month": "2009-03",
            "price": "39.67",
            "revenue": 218589
        },
        "2009-04": {
            "month": "2009-04",
            "price": "41.34",
            "revenue": 306245
        },
        "2009-05": {
            "month": "2009-05",
            "price": "39.02",
            "revenue": 271181
        },
        "2009-06": {
            "month": "2009-06",
            "price": "45.22",
            "revenue": 430472
        },
        "2009-07": {
            "month": "2009-07",
            "price": "59.20",
            "revenue": 403618
        },
        "2009-08": {
            "month": "2009-08",
            "price": "53.53",
            "revenue": 468425
        },
        "2009-09": {
            "month": "2009-09",
            "price": "55.98",
            "revenue": 516800
        },
        "2009-10": {
            "month": "2009-10",
            "price": "57.42",
            "revenue": 402043
        },
        "2009-11": {
            "month": "2009-11",
            "price": "53.60",
            "revenue": 324760
        },
        "2009-12": {
            "month": "2009-12",
            "price": "61.28",
            "revenue": 181018
        },
        "2010-01": {
            "month": "2010-01",
            "price": "71.70",
            "revenue": 181543
        },
        "2010-02": {
            "month": "2010-02",
            "price": "62.96",
            "revenue": 131261
        },
        "2010-03": {
            "month": "2010-03",
            "price": "64.06",
            "revenue": 272346
        },
        "2010-04": {
            "month": "2010-04",
            "price": "61.28",
            "revenue": 259629
        },
        "2010-05": {
            "month": "2010-05",
            "price": "49.84",
            "revenue": 335661
        },
        "2010-06": {
            "month": "2010-06",
            "price": "53.18",
            "revenue": 348141
        },
        "2010-07": {
            "month": "2010-07",
            "price": "50.91",
            "revenue": 339068
        },
        "2010-08": {
            "month": "2010-08",
            "price": "49.30",
            "revenue": 347063
        },
        "2010-09": {
            "month": "2010-09",
            "price": "49.49",
            "revenue": 2330499
        },
        "2010-10": {
            "month": "2010-10",
            "price": "49.71",
            "revenue": 2373990
        },
        "2010-11": {
            "month": "2010-11",
            "price": "47.81",
            "revenue": 2240298
        },
        "2010-12": {
            "month": "2010-12",
            "price": "59.75",
            "revenue": 2127894
        },
        "2011-01": {
            "month": "2011-01",
            "price": "61.04",
            "revenue": 1493679
        },
        "2011-02": {
            "month": "2011-02",
            "price": "66.86",
            "revenue": 1200773
        },
        "2011-03": {
            "month": "2011-03",
            "price": "67.69",
            "revenue": 2032188
        },
        "2011-04": {
            "month": "2011-04",
            "price": "57.43",
            "revenue": 2256671
        },
        "2011-05": {
            "month": "2011-05",
            "price": "56.17",
            "revenue": 2177104
        },
        "2011-06": {
            "month": "2011-06",
            "price": "51.39",
            "revenue": 1939741
        },
        "2011-07": {
            "month": "2011-07",
            "price": "43.33",
            "revenue": 2022285
        },
        "2011-08": {
            "month": "2011-08",
            "price": "38.78",
            "revenue": 2266078
        },
        "2011-09": {
            "month": "2011-09",
            "price": "35.32",
            "revenue": 2704141
        },
        "2011-10": {
            "month": "2011-10",
            "price": "31.25",
            "revenue": 2128076
        },
        "2011-11": {
            "month": "2011-11",
            "price": "29.55",
            "revenue": 2023609
        },
        "2011-12": {
            "month": "2011-12",
            "price": "23.55",
            "revenue": 1982924
        },
        "2012-01": {
            "month": "2012-01",
            "price": "24.26",
            "revenue": 1268714
        },
        "2012-02": {
            "month": "2012-02",
            "price": "31.72",
            "revenue": 1725038
        },
        "2012-03": {
            "month": "2012-03",
            "price": "33.67",
            "revenue": 1980318
        },
        "2012-04": {
            "month": "2012-04",
            "price": "26.48",
            "revenue": 1590687
        },
        "2012-05": {
            "month": "2012-05",
            "price": "26.23",
            "revenue": 1831282
        },
        "2012-06": {
            "month": "2012-06",
            "price": "28.10",
            "revenue": 1822659
        },
        "2012-07": {
            "month": "2012-07",
            "price": "30.69",
            "revenue": 1802904
        },
        "2012-08": {
            "month": "2012-08",
            "price": "31.33",
            "revenue": 1864659
        },
        "2012-09": {
            "month": "2012-09",
            "price": "32.06",
            "revenue": 1854270
        },
        "2012-10": {
            "month": "2012-10",
            "price": "30.38",
            "revenue": 1980940
        },
        "2012-11": {
            "month": "2012-11",
            "price": "26.35",
            "revenue": 1667867
        },
        "2012-12": {
            "month": "2012-12",
            "price": "27.15",
            "revenue": 1287369
        },
        "2013-01": {
            "month": "2013-01",
            "price": "28.66",
            "revenue": 1432104
        },
        "2013-02": {
            "month": "2013-02",
            "price": "29.94",
            "revenue": 808551
        },
        "2013-03": {
            "month": "2013-03",
            "price": "30.60",
            "revenue": 1508179
        },
        "2013-04": {
            "month": "2013-04",
            "price": "28.44",
            "revenue": 1344427
        },
        "2013-05": {
            "month": "2013-05",
            "price": "31.48",
            "revenue": 1377266
        },
        "2013-06": {
            "month": "2013-06",
            "price": "32.64",
            "revenue": 1482664
        },
        "2013-07": {
            "month": "2013-07",
            "price": "32.47",
            "revenue": 1740291
        },
        "2013-08": {
            "month": "2013-08",
            "price": "30.34",
            "revenue": 1706146
        },
        "2013-09": {
            "month": "2013-09",
            "price": "30.38",
            "revenue": 1623269
        },
        "2013-10": {
            "month": "2013-10",
            "price": "30.17",
            "revenue": 1587054
        },
        "2013-11": {
            "month": "2013-11",
            "price": "29.01",
            "revenue": 1553737
        },
        "2013-12": {
            "month": "2013-12",
            "price": "28.65",
            "revenue": 1373658
        },
        "2014-01": {
            "month": "2014-01",
            "price": "30.32",
            "revenue": 1465685
        },
        "2014-02": {
            "month": "2014-02",
            "price": "36.61",
            "revenue": 1198319
        },
        "2014-03": {
            "month": "2014-03",
            "price": "34.31",
            "revenue": 1480788
        },
        "2014-04": {
            "month": "2014-04",
            "price": "31.80",
            "revenue": 1416418
        },
        "2014-05": {
            "month": "2014-05",
            "price": "29.70",
            "revenue": 1571898
        },
        "2014-06": {
            "month": "2014-06",
            "price": "32.51",
            "revenue": 1398349
        },
        "2014-07": {
            "month": "2014-07",
            "price": "38.74",
            "revenue": 1617321
        },
        "2014-08": {
            "month": "2014-08",
            "price": "41.64",
            "revenue": 1505624
        },
        "2014-09": {
            "month": "2014-09",
            "price": "49.62",
            "revenue": 1664987
        },
        "2014-10": {
            "month": "2014-10",
            "price": "42.01",
            "revenue": 1506328
        },
        "2014-11": {
            "month": "2014-11",
            "price": "39.28",
            "revenue": 1468183
        },
        "2014-12": {
            "month": "2014-12",
            "price": "39.80",
            "revenue": 1394028
        },
        "2015-01": {
            "month": "2015-01",
            "price": "41.05",
            "revenue": 1576671
        },
        "2015-02": {
            "month": "2015-02",
            "price": "44.76",
            "revenue": 951828
        },
        "2015-03": {
            "month": "2015-03",
            "price": "44.58",
            "revenue": 1465875
        },
        "2015-04": {
            "month": "2015-04",
            "price": "39.48",
            "revenue": 1482757
        },
        "2015-05": {
            "month": "2015-05",
            "price": "38.91",
            "revenue": 1560841
        },
        "2015-06": {
            "month": "2015-06",
            "price": "37.23",
            "revenue": 1638722
        },
        "2015-07": {
            "month": "2015-07",
            "price": "31.40",
            "revenue": 1666355
        },
        "2015-08": {
            "month": "2015-08",
            "price": "25.76",
            "revenue": 1786463
        },
        "2015-09": {
            "month": "2015-09",
            "price": "30.98",
            "revenue": 1692315
        },
        "2015-10": {
            "month": "2015-10",
            "price": "32.36",
            "revenue": 1555075
        },
        "2015-11": {
            "month": "2015-11",
            "price": "31.92",
            "revenue": 1421132
        },
        "2015-12": {
            "month": "2015-12",
            "price": "29.57",
            "revenue": 1454867
        },
        "2016-01": {
            "month": "2016-01",
            "price": "28.99",
            "revenue": 1405742
        },
        "2016-02": {
            "month": "2016-02",
            "price": "30.59",
            "revenue": 826044
        },
        "2016-03": {
            "month": "2016-03",
            "price": "29.73",
            "revenue": 1291380
        },
        "2016-04": {
            "month": "2016-04",
            "price": "26.08",
            "revenue": 1506411
        },
        "2016-05": {
            "month": "2016-05",
            "price": "24.67",
            "revenue": 1666691
        },
        "2016-06": {
            "month": "2016-06",
            "price": "26.01",
            "revenue": 1627087
        },
        "2016-07": {
            "month": "2016-07",
            "price": "27.05",
            "revenue": 1745253
        },
        "2016-08": {
            "month": "2016-08",
            "price": "28.95",
            "revenue": 1800663
        },
        "2016-09": {
            "month": "2016-09",
            "price": "30.82",
            "revenue": 1705632
        },
        "2016-10": {
            "month": "2016-10",
            "price": "29.57",
            "revenue": 1517127
        },
        "2016-11": {
            "month": "2016-11",
            "price": "28.58",
            "revenue": 1449117
        },
        "2016-12": {
            "month": "2016-12",
            "price": "30.35",
            "revenue": 1423830
        },
        "2017-01": {
            "month": "2017-01",
            "price": "34.74",
            "revenue": 1237577
        },
        "2017-02": {
            "month": "2017-02",
            "price": "46.12",
            "revenue": 1089057
        },
        "2017-03": {
            "month": "2017-03",
            "price": "52.52",
            "revenue": 1439646
        },
        "2017-04": {
            "month": "2017-04",
            "price": "54.61",
            "revenue": 1647101
        },
        "2017-05": {
            "month": "2017-05",
            "price": "54.70",
            "revenue": 1744032
        },
        "2017-06": {
            "month": "2017-06",
            "price": "53.69",
            "revenue": 1783951
        },
        "2017-07": {
            "month": "2017-07",
            "price": "56.01",
            "revenue": 1758919
        },
        "2017-08": {
            "month": "2017-08",
            "price": "99.70",
            "revenue": 1659535
        },
        "2017-09": {
            "month": "2017-09",
            "price": "120.43",
            "revenue": 1678525
        },
        "2017-10": {
            "month": "2017-10",
            "price": "126.79",
            "revenue": 1549229
        },
        "2017-11": {
            "month": "2017-11",
            "price": "116.86",
            "revenue": 1577982
        },
        "2017-12": {
            "month": "2017-12",
            "price": "102.42",
            "revenue": 1520064
        },
        "2018-01": {
            "month": "2018-01",
            "price": "102.88",
            "revenue": 1437539
        },
        "2018-02": {
            "month": "2018-02",
            "price": "102.02",
            "revenue": 1075795
        },
        "2018-03": {
            "month": "2018-03",
            "price": "106.09",
            "revenue": 1558420
        },
        "2018-04": {
            "month": "2018-04",
            "price": "100.45",
            "revenue": 1591799
        },
        "2018-05": {
            "month": "2018-05",
            "price": "91.81",
            "revenue": 1723701
        },
        "2018-06": {
            "month": "2018-06",
            "price": "100.06",
            "revenue": 1754713
        },
        "2018-07": {
            "month": "2018-07",
            "price": "89.76",
            "revenue": 1754886
        },
        "2018-08": {
            "month": "2018-08",
            "price": "83.13",
            "revenue": 1777247
        },
        "2018-09": {
            "month": "2018-09",
            "price": "72.89",
            "revenue": 1600868
        },
        "2018-10": {
            "month": "2018-10",
            "price": "60.73",
            "revenue": 1548908
        },
        "2018-11": {
            "month": "2018-11",
            "price": "63.00",
            "revenue": 1649499
        },
        "2018-12": {
            "month": "2018-12",
            "price": "65.95",
            "revenue": 1611225
        },
        "2019-01": {
            "month": "2019-01",
            "price": "71.38",
            "revenue": 1493736
        },
        "2019-02": {
            "month": "2019-02",
            "price": "75.95",
            "revenue": 1105213
        },
        "2019-03": {
            "month": "2019-03",
            "price": "84.20",
            "revenue": 1509033
        },
        "2019-04": {
            "month": "2019-04",
            "price": "92.78",
            "revenue": 1630457
        },
        "2019-05": {
            "month": "2019-05",
            "price": "78.54",
            "revenue": 1737511
        },
        "2019-06": {
            "month": "2019-06",
            "price": "79.12",
            "revenue": 1701076
        },
        "2019-07": {
            "month": "2019-07",
            "price": "85.68",
            "revenue": 1758368
        },
        "2019-08": {
            "month": "2019-08",
            "price": "83.00",
            "revenue": 1747103
        },
        "2019-09": {
            "month": "2019-09",
            "price": "82.28",
            "revenue": 1466672
        },
        "2019-10": {
            "month": "2019-10",
            "price": "81.29",
            "revenue": 1260772
        },
        "2019-11": {
            "month": "2019-11",
            "price": "79.91",
            "revenue": 1393042
        },
        "2019-12": {
            "month": "2019-12",
            "price": "87.95",
            "revenue": 1314666
        },
        "2020-01": {
            "month": "2020-01",
            "price": "97.53",
            "revenue": 1007863
        },
        "2020-02": {
            "month": "2020-02",
            "price": "87.99",
            "revenue": 768359
        },
        "2020-03": {
            "month": "2020-03",
            "price": "68.38",
            "revenue": 1147005
        },
        "2020-04": {
            "month": "2020-04",
            "price": "68.37",
            "revenue": 1194932
        },
        "2020-05": {
            "month": "2020-05",
            "price": "69.72",
            "revenue": 1219743
        },
        "2020-06": {
            "month": "2020-06",
            "price": "70.63",
            "revenue": 1466711
        },
        "2020-07": {
            "month": "2020-07",
            "price": "72.26",
            "revenue": 1509006
        },
        "2020-08": {
            "month": "2020-08",
            "price": "68.42",
            "revenue": 1504083
        },
        "2020-09": {
            "month": "2020-09",
            "price": "65.74",
            "revenue": 1549190
        },
        "2020-10": {
            "month": "2020-10",
            "price": "65.19",
            "revenue": 1454608
        },
        "2020-11": {
            "month": "2020-11",
            "price": "68.66",
            "revenue": 1392774
        },
        "2020-12": {
            "month": "2020-12",
            "price": "73.76",
            "revenue": 1546445
        },
        "2021-01": {
            "month": "2021-01",
            "price": "75.28",
            "revenue": 1561488
        },
        "2021-02": {
            "month": "2021-02",
            "price": "83.98",
            "revenue": 1385507
        },
        "2021-03": {
            "month": "2021-03",
            "price": "88.81",
            "revenue": 1781429
        },
        "2021-04": {
            "month": "2021-04",
            "price": "89.32",
            "revenue": 1668547
        },
        "2021-05": {
            "month": "2021-05",
            "price": "77.42",
            "revenue": 1667912
        },
        "2021-06": {
            "month": "2021-06",
            "price": "83.55",
            "revenue": 1891454
        },
        "2021-07": {
            "month": "2021-07",
            "price": "89.74",
            "revenue": 1707544
        },
        "2021-08": {
            "month": "2021-08",
            "price": "83.12",
            "revenue": 1815231
        },
        "2021-09": {
            "month": "2021-09",
            "price": "79.80",
            "revenue": 1850628
        },
        "2021-10": {
            "month": "2021-10",
            "price": "77.11",
            "revenue": 1584233
        },
        "2021-11": {
            "month": "2021-11",
            "price": "90.26",
            "revenue": 2074117
        },
        "2021-12": {
            "month": "2021-12",
            "price": "94.81",
            "revenue": 1988757
        },
        "2022-01": {
            "month": "2022-01",
            "price": "89.46",
            "revenue": 1612556
        },
        "2022-02": {
            "month": "2022-02",
            "price": "86.08",
            "revenue": 1110676
        },
        "2022-03": {
            "month": "2022-03",
            "price": "78.53",
            "revenue": 1765510
        },
        "2022-04": {
            "month": "2022-04",
            "price": "74.47",
            "revenue": 1535772
        },
        "2022-05": {
            "month": "2022-05",
            "price": "66.63",
            "revenue": 1647087
        },
        "2022-06": {
            "month": "2022-06",
            "price": "66.20",
            "revenue": 1690831
        },
        "2022-07": {
            "month": "2022-07",
            "price": "59.76",
            "revenue": 1645534
        },
        "2022-08": {
            "month": "2022-08",
            "price": "64.62",
            "revenue": 1659751
        },
        "2022-09": {
            "month": "2022-09",
            "price": "60.97",
            "revenue": 1794750
        },
        "2022-10": {
            "month": "2022-10",
            "price": "58.10",
            "revenue": 1505077
        },
        "2022-11": {
            "month": "2022-11",
            "price": "63.22",
            "revenue": 1652518
        },
        "2022-12": {
            "month": "2022-12",
            "price": "62.96",
            "revenue": 1454920
        },
        "2023-01": {
            "month": "2023-01",
            "price": "62.15",
            "revenue": 1078392
        },
        "2023-02": {
            "month": "2023-02",
            "price": "65.84",
            "revenue": 1212090
        },
        "2023-03": {
            "month": "2023-03",
            "price": "66.50",
            "revenue": 1544480
        },
        "2023-04": {
            "month": "2023-04",
            "price": "65.70",
            "revenue": 1455360
        }
    }
}
