{
    "summary": {
        "stock_name": "鴻名",
        "stock_id": "3021",
        "category": "電子零組件",
        "main_business": "連接器.連接線組,電子元件產品之研發.生產及銷售<br>家電.空調.汽車.事務機器設備相關接線組之研發.生產及銷售<br>電腦資訊系統整合及維護服務",
        "website_url": "http://www.welltend.com.tw",
        "ceo": "王祥宇",
        "pe_ratio": 14,
        "report_year_from": 2001,
        "report_year_to": 2023,
        "age": 22,
        "eps_negative_percentage": 22,
        "eps_growth_avg": {
            "last_all": 1.71,
            "last_2y": 15.34,
            "last_4y": 14.17,
            "last_8y": 20.4,
            "last_12y": 17.67,
            "last_16y": 15.15,
            "last_20y": 1.71,
            "at_2006_last_3y": -100,
            "at_2007_last_3y": null,
            "at_2008_last_3y": 100,
            "at_2009_last_3y": 0,
            "at_2010_last_3y": 0,
            "at_2011_last_3y": 33.33,
            "at_2012_last_3y": -14.71,
            "at_2013_last_3y": 9.48,
            "at_2014_last_3y": 23.78,
            "at_2015_last_3y": 1.11,
            "at_2016_last_3y": 19.46,
            "at_2017_last_3y": 28.2,
            "at_2018_last_3y": 15.05,
            "at_2019_last_3y": 15.4,
            "at_2020_last_3y": 0.97,
            "at_2021_last_3y": 8.06,
            "at_2022_last_3y": 14.2,
            "at_2023_last_3y": 14.2,
            "at_2006_last_all": -92.34,
            "at_2007_last_all": -92.34,
            "at_2008_last_all": -28.23,
            "at_2009_last_all": -46.17,
            "at_2010_last_all": -46.17,
            "at_2011_last_all": -16.94,
            "at_2012_last_all": -21.47,
            "at_2013_last_all": -22.32,
            "at_2014_last_all": -11.2,
            "at_2015_last_all": -8.92,
            "at_2016_last_all": -5.1,
            "at_2017_last_all": -3.95,
            "at_2018_last_all": -2.45,
            "at_2019_last_all": -1.43,
            "at_2020_last_all": -3.36,
            "at_2021_last_all": -0.75,
            "at_2022_last_all": 1.71,
            "at_2023_last_all": 1.71
        },
        "latest_eps": 1.68,
        "latest_price": 23.05,
        "latest_roe": 11.5,
        "latest_gross_margin": 17.65,
        "latest_equity": 1456335,
        "latest_revenue": 745986,
        "latest_gross_profit": 131643,
        "latest_net_income": 29382,
        "latest_debt_ratio": 50,
        "latest_current_ratio": 168.73,
        "latest_account_receivable_turnover_ratio": 0.81,
        "latest_inventory_turnover_ratio": 0.82,
        "latest_reinvestment_rate": 21.34,
        "latest_research_to_sale_ratio": null
    },
    "eps_dividends": {
        "1999": {
            "cash": 2.8,
            "stock": 2.8,
            "eps": 0
        },
        "2000": {
            "cash": 4,
            "stock": 4,
            "eps": 0
        },
        "2001": {
            "cash": 1,
            "stock": 5.5,
            "eps": 7.9
        },
        "2002": {
            "cash": 1,
            "stock": 3,
            "eps": 1.21
        },
        "2003": {
            "cash": 0,
            "stock": 0.5,
            "eps": -4.95
        },
        "2004": {
            "cash": 0,
            "stock": 0,
            "eps": -10.38
        },
        "2005": {
            "cash": 0,
            "stock": 0,
            "eps": -1.25
        },
        "2006": {
            "cash": 0,
            "stock": 0,
            "eps": -2.83
        },
        "2007": {
            "cash": 0,
            "stock": 0,
            "eps": 0.01
        },
        "2008": {
            "cash": 0,
            "stock": 0,
            "eps": 0.04
        },
        "2009": {
            "cash": 0,
            "stock": 0,
            "eps": -0.01
        },
        "2010": {
            "cash": 0,
            "stock": 0,
            "eps": 0.52
        },
        "2011": {
            "cash": 0,
            "stock": 0,
            "eps": 1.11
        },
        "2012": {
            "cash": 0,
            "stock": 0,
            "eps": 0.62
        },
        "2013": {
            "cash": 0,
            "stock": 0,
            "eps": 0.45
        },
        "2014": {
            "cash": 0.2,
            "stock": 0,
            "eps": 0.75
        },
        "2015": {
            "cash": 0.7,
            "stock": 0,
            "eps": 0.82
        },
        "2016": {
            "cash": 0,
            "stock": 0,
            "eps": 1.06
        },
        "2017": {
            "cash": 0.7,
            "stock": 0,
            "eps": 1.14
        },
        "2018": {
            "cash": 0.75,
            "stock": 0,
            "eps": 1.3
        },
        "2019": {
            "cash": 0.75,
            "stock": 0,
            "eps": 1.44
        },
        "2020": {
            "cash": 0.4,
            "stock": 0,
            "eps": 1.03
        },
        "2021": {
            "cash": 0.7,
            "stock": 0,
            "eps": 1.4
        },
        "2022": {
            "cash": 0.3,
            "stock": 0.3,
            "eps": 1.94
        },
        "2023": {
            "cash": 0.7,
            "stock": 0,
            "eps": 0.31
        }
    },
    "dividends": {
        "1999-06-07": {
            "cash": 2.8,
            "stock": 2.8
        },
        "2000-06-29": {
            "cash": 4,
            "stock": 4
        },
        "2001-05-10": {
            "cash": 1,
            "stock": 5.5
        },
        "2002-05-27": {
            "cash": 1,
            "stock": 3
        },
        "2003-04-04": {
            "cash": 0,
            "stock": 0.5
        },
        "2014-09-19": {
            "cash": 0.2,
            "stock": 0
        },
        "2015-09-10": {
            "cash": 0.7,
            "stock": 0
        },
        "2017-07-27": {
            "cash": 0.7,
            "stock": 0
        },
        "2018-07-27": {
            "cash": 0.75,
            "stock": 0
        },
        "2019-08-01": {
            "cash": 0.75,
            "stock": 0
        },
        "2020-08-13": {
            "cash": 0.4,
            "stock": 0
        },
        "2021-07-28": {
            "cash": 0.7,
            "stock": 0
        },
        "2022-09-30": {
            "cash": 0.3,
            "stock": 0.3
        },
        "2023-07-31": {
            "cash": 0.7,
            "stock": 0
        }
    },
    "prices": {
        "200101": "無",
        "200102": "無",
        "200103": "無",
        "200104": "無",
        "200105": "無",
        "200106": "無",
        "200107": "無",
        "200108": "無",
        "200109": "無",
        "200110": "無",
        "200111": "無",
        "200112": "無",
        "200201": "無",
        "200202": "無",
        "200203": "無",
        "200204": "無",
        "200205": "無",
        "200206": "無",
        "200207": "無",
        "200208": "60.20",
        "200209": "43.56",
        "200210": "35.98",
        "200211": "29.83",
        "200212": "24.74",
        "200301": "25.99",
        "200302": "22.98",
        "200303": "21.09",
        "200304": "18.06",
        "200305": "13.69",
        "200306": "17.44",
        "200307": "17.46",
        "200308": "14.65",
        "200309": "12.61",
        "200310": "13.46",
        "200311": "13.22",
        "200312": "14.79",
        "200401": "15.10",
        "200402": "15.78",
        "200403": "13.92",
        "200404": "11.97",
        "200405": "7.96",
        "200406": "5.66",
        "200407": "2.35",
        "200408": "1.04",
        "200409": "1.29",
        "200410": "1.83",
        "200411": "1.96",
        "200412": "無",
        "200501": "無",
        "200502": "無",
        "200503": "無",
        "200504": "無",
        "200505": "無",
        "200506": "1.63",
        "200507": "1.34",
        "200508": "1.17",
        "200509": "0.94",
        "200510": "1.16",
        "200511": "1.16",
        "200512": "1.12",
        "200601": "1.03",
        "200602": "0.92",
        "200603": "0.80",
        "200604": "0.86",
        "200605": "1.26",
        "200606": "1.53",
        "200607": "1.38",
        "200608": "1.25",
        "200609": "1.19",
        "200610": "9.88",
        "200611": "10.06",
        "200612": "11.39",
        "200701": "11.42",
        "200702": "10.88",
        "200703": "10.32",
        "200704": "9.43",
        "200705": "8.69",
        "200706": "8.72",
        "200707": "8.77",
        "200708": "9.16",
        "200709": "8.49",
        "200710": "8.88",
        "200711": "8.75",
        "200712": "8.36",
        "200801": "7.84",
        "200802": "7.51",
        "200803": "8.75",
        "200804": "9.00",
        "200805": "9.54",
        "200806": "8.84",
        "200807": "8.32",
        "200808": "9.07",
        "200809": "8.65",
        "200810": "7.68",
        "200811": "6.98",
        "200812": "6.52",
        "200901": "6.71",
        "200902": "7.04",
        "200903": "6.90",
        "200904": "8.26",
        "200905": "8.39",
        "200906": "8.89",
        "200907": "9.61",
        "200908": "9.27",
        "200909": "9.12",
        "200910": "9.81",
        "200911": "10.64",
        "200912": "13.55",
        "201001": "13.52",
        "201002": "12.62",
        "201003": "13.61",
        "201004": "14.34",
        "201005": "13.42",
        "201006": "12.91",
        "201007": "14.76",
        "201008": "14.47",
        "201009": "13.35",
        "201010": "13.07",
        "201011": "12.44",
        "201012": "12.06",
        "201101": "11.75",
        "201102": "11.35",
        "201103": "11.23",
        "201104": "11.17",
        "201105": "10.95",
        "201106": "10.71",
        "201107": "10.10",
        "201108": "9.88",
        "201109": "9.82",
        "201110": "9.99",
        "201111": "10.04",
        "201112": "9.86",
        "201201": "9.89",
        "201202": "12.62",
        "201203": "12.98",
        "201204": "14.98",
        "201205": "14.13",
        "201206": "14.10",
        "201207": "14.49",
        "201208": "14.16",
        "201209": "13.28",
        "201210": "13.03",
        "201211": "12.17",
        "201212": "12.23",
        "201301": "11.94",
        "201302": "11.98",
        "201303": "12.13",
        "201304": "11.97",
        "201305": "12.04",
        "201306": "11.00",
        "201307": "10.62",
        "201308": "10.96",
        "201309": "10.96",
        "201310": "10.64",
        "201311": "11.40",
        "201312": "11.36",
        "201401": "13.51",
        "201402": "13.97",
        "201403": "13.08",
        "201404": "12.67",
        "201405": "12.94",
        "201406": "14.18",
        "201407": "15.29",
        "201408": "13.94",
        "201409": "13.08",
        "201410": "12.34",
        "201411": "12.92",
        "201412": "13.01",
        "201501": "13.39",
        "201502": "13.43",
        "201503": "13.40",
        "201504": "13.12",
        "201505": "12.66",
        "201506": "12.05",
        "201507": "10.97",
        "201508": "10.75",
        "201509": "11.14",
        "201510": "11.75",
        "201511": "11.80",
        "201512": "11.75",
        "201601": "11.35",
        "201602": "11.70",
        "201603": "11.80",
        "201604": "12.12",
        "201605": "11.86",
        "201606": "12.08",
        "201607": "12.31",
        "201608": "13.12",
        "201609": "12.92",
        "201610": "13.83",
        "201611": "12.66",
        "201612": "12.59",
        "201701": "12.54",
        "201702": "12.84",
        "201703": "13.22",
        "201704": "12.97",
        "201705": "13.96",
        "201706": "14.81",
        "201707": "13.95",
        "201708": "14.25",
        "201709": "16.47",
        "201710": "17.07",
        "201711": "15.38",
        "201712": "14.52",
        "201801": "15.17",
        "201802": "13.97",
        "201803": "14.60",
        "201804": "15.64",
        "201805": "15.92",
        "201806": "15.86",
        "201807": "14.84",
        "201808": "14.90",
        "201809": "15.13",
        "201810": "13.64",
        "201811": "13.50",
        "201812": "14.30",
        "201901": "14.51",
        "201902": "15.10",
        "201903": "15.52",
        "201904": "15.12",
        "201905": "14.78",
        "201906": "14.80",
        "201907": "14.69",
        "201908": "14.92",
        "201909": "15.30",
        "201910": "14.91",
        "201911": "15.38",
        "201912": "15.59",
        "202001": "15.67",
        "202002": "15.05",
        "202003": "12.64",
        "202004": "12.30",
        "202005": "13.00",
        "202006": "13.08",
        "202007": "13.58",
        "202008": "14.99",
        "202009": "16.41",
        "202010": "15.56",
        "202011": "14.77",
        "202012": "14.91",
        "202101": "15.02",
        "202102": "14.92",
        "202103": "18.63",
        "202104": "28.94",
        "202105": "21.33",
        "202106": "21.21",
        "202107": "21.07",
        "202108": "21.81",
        "202109": "22.48",
        "202110": "21.20",
        "202111": "22.78",
        "202112": "25.37",
        "202201": "22.94",
        "202202": "23.08",
        "202203": "22.41",
        "202204": "21.30",
        "202205": "20.37",
        "202206": "21.09",
        "202207": "20.26",
        "202208": "21.40",
        "202209": "22.05",
        "202210": "22.02",
        "202211": "21.40",
        "202212": "20.44",
        "202301": "20.27",
        "202302": "21.40",
        "202303": "21.73",
        "202304": "21.76",
        "202305": "21.62",
        "202306": "22.63"
    },
    "quarters": {
        "20011": {
            "year_quarter": 20011,
            "year": 2001,
            "quarter": 1,
            "eps": 2.64,
            "eps_growth_year": 54.39,
            "eps_4q": 9.49,
            "eps_4q_growth_year": 68.49,
            "roe": 12.31,
            "roe_4q": 12.31,
            "gross_profit": 202888,
            "gross_margin": 20.7,
            "gross_margin_4q_avg": 20.7,
            "net_income": 107491,
            "revenue": 980345,
            "common_shares": 406500,
            "book_valuer_per_share": 22.8,
            "book_valuer_per_share_4q_avg": 22.8,
            "equity": 926930,
            "current_ratio": 167.54,
            "debt_ratio": 50.76,
            "inventory_turnover_ratio": 1.67,
            "account_receivable_turnover_ratio": null,
            "reinvestment_rate": null,
            "research_to_sale_ratio": null,
            "price_fair": 0,
            "eps_avg_yearly": 0,
            "eps_latest_yearly": 0,
            "eps_growth_yearly": 0
        },
        "20012": {
            "year_quarter": 20012,
            "year": 2001,
            "quarter": 2,
            "eps": 2.84,
            "eps_growth_year": -25.26,
            "eps_4q": 9.74,
            "eps_4q_growth_year": 19.18,
            "roe": 12.05,
            "roe_4q": 24.36,
            "gross_profit": 278648,
            "gross_margin": 24.77,
            "gross_margin_4q_avg": 22.74,
            "net_income": 115247,
            "revenue": 1124759,
            "common_shares": 406500,
            "book_valuer_per_share": 24.26,
            "book_valuer_per_share_4q_avg": 23.53,
            "equity": 986147,
            "current_ratio": 166.94,
            "debt_ratio": 50.56,
            "inventory_turnover_ratio": 1.54,
            "account_receivable_turnover_ratio": null,
            "reinvestment_rate": null,
            "research_to_sale_ratio": null,
            "price_fair": 0,
            "eps_avg_yearly": 0,
            "eps_latest_yearly": 0,
            "eps_growth_yearly": 0
        },
        "20013": {
            "year_quarter": 20013,
            "year": 2001,
            "quarter": 3,
            "eps": 1.2,
            "eps_growth_year": -37.82,
            "eps_4q": 5.98,
            "eps_4q_growth_year": -12.37,
            "roe": 7.8,
            "roe_4q": 32.160000000000004,
            "gross_profit": 201995,
            "gross_margin": 20.77,
            "gross_margin_4q_avg": 22.08,
            "net_income": 79490,
            "revenue": 972735,
            "common_shares": 662728,
            "book_valuer_per_share": 15.88,
            "book_valuer_per_share_4q_avg": 20.98,
            "equity": 1052100,
            "current_ratio": 246.1,
            "debt_ratio": 59.55,
            "inventory_turnover_ratio": 1.27,
            "account_receivable_turnover_ratio": null,
            "reinvestment_rate": null,
            "research_to_sale_ratio": null,
            "price_fair": 0,
            "eps_avg_yearly": 0,
            "eps_latest_yearly": 0,
            "eps_growth_yearly": 0
        },
        "20014": {
            "year_quarter": 20014,
            "year": 2001,
            "quarter": 4,
            "eps": 1.22,
            "eps_growth_year": -47.19,
            "eps_4q": 5.78,
            "eps_4q_growth_year": -28.08,
            "roe": 7.34,
            "roe_4q": 39.5,
            "gross_profit": 221798,
            "gross_margin": 19.85,
            "gross_margin_4q_avg": 21.52,
            "net_income": 80929,
            "revenue": 1117383,
            "common_shares": 662728,
            "book_valuer_per_share": 17.4,
            "book_valuer_per_share_4q_avg": 20.09,
            "equity": 1153219,
            "current_ratio": 206.98,
            "debt_ratio": 58.46,
            "inventory_turnover_ratio": 1.12,
            "account_receivable_turnover_ratio": null,
            "reinvestment_rate": null,
            "research_to_sale_ratio": null,
            "price_fair": 0,
            "eps_avg_yearly": 0,
            "eps_latest_yearly": 0,
            "eps_growth_yearly": 0
        },
        "20021": {
            "year_quarter": 20021,
            "year": 2002,
            "quarter": 1,
            "eps": 1.15,
            "eps_growth_year": -56.44,
            "eps_4q": 5.26,
            "eps_4q_growth_year": -44.51,
            "roe": 5.42,
            "roe_4q": 32.61,
            "gross_profit": 224223,
            "gross_margin": 21.85,
            "gross_margin_4q_avg": 21.81,
            "net_income": 77062,
            "revenue": 1026279,
            "common_shares": 663875,
            "book_valuer_per_share": 25.48,
            "book_valuer_per_share_4q_avg": 20.76,
            "equity": 1691278,
            "current_ratio": 202.61,
            "debt_ratio": 47.91,
            "inventory_turnover_ratio": 0.91,
            "account_receivable_turnover_ratio": null,
            "reinvestment_rate": null,
            "research_to_sale_ratio": null,
            "price_fair": 13.8,
            "eps_avg_yearly": 4.6,
            "eps_latest_yearly": 4.6,
            "eps_growth_yearly": -22.95
        },
        "20022": {
            "year_quarter": 20022,
            "year": 2002,
            "quarter": 2,
            "eps": 0.6,
            "eps_growth_year": -78.87,
            "eps_4q": 4.09,
            "eps_4q_growth_year": -57.95,
            "roe": 2.44,
            "roe_4q": 23,
            "gross_profit": 168086,
            "gross_margin": 15.09,
            "gross_margin_4q_avg": 19.39,
            "net_income": 40771,
            "revenue": 1114070,
            "common_shares": 704866,
            "book_valuer_per_share": 23.33,
            "book_valuer_per_share_4q_avg": 20.52,
            "equity": 1644618,
            "current_ratio": 180.45,
            "debt_ratio": 51.95,
            "inventory_turnover_ratio": 1.38,
            "account_receivable_turnover_ratio": null,
            "reinvestment_rate": null,
            "research_to_sale_ratio": null,
            "price_fair": 10.5,
            "eps_avg_yearly": 3.5,
            "eps_latest_yearly": 2.4,
            "eps_growth_yearly": -107.13
        },
        "20023": {
            "year_quarter": 20023,
            "year": 2002,
            "quarter": 3,
            "eps": -0.39,
            "eps_growth_year": -132.5,
            "eps_4q": 1.69,
            "eps_4q_growth_year": -71.69,
            "roe": -2.26,
            "roe_4q": 12.94,
            "gross_profit": 116636,
            "gross_margin": 10.96,
            "gross_margin_4q_avg": 16.94,
            "net_income": -36641,
            "revenue": 1064176,
            "common_shares": 957706,
            "book_valuer_per_share": 16.75,
            "book_valuer_per_share_4q_avg": 20.74,
            "equity": 1604536,
            "current_ratio": 312.95,
            "debt_ratio": 60.32,
            "inventory_turnover_ratio": 1.77,
            "account_receivable_turnover_ratio": null,
            "reinvestment_rate": null,
            "research_to_sale_ratio": null,
            "price_fair": 10.5,
            "eps_avg_yearly": 3.5,
            "eps_latest_yearly": 2.4,
            "eps_growth_yearly": -107.13
        },
        "20024": {
            "year_quarter": 20024,
            "year": 2002,
            "quarter": 4,
            "eps": -0.15,
            "eps_growth_year": -112.3,
            "eps_4q": 0.71,
            "eps_4q_growth_year": -87.71,
            "roe": -0.88,
            "roe_4q": 4.720000000000001,
            "gross_profit": 216443,
            "gross_margin": 22.46,
            "gross_margin_4q_avg": 17.59,
            "net_income": -14078,
            "revenue": 963716,
            "common_shares": 957706,
            "book_valuer_per_share": 16.62,
            "book_valuer_per_share_4q_avg": 20.55,
            "equity": 1592151,
            "current_ratio": 331.84,
            "debt_ratio": 59.02,
            "inventory_turnover_ratio": 1.47,
            "account_receivable_turnover_ratio": null,
            "reinvestment_rate": 59.19,
            "research_to_sale_ratio": null,
            "price_fair": 10.5,
            "eps_avg_yearly": 3.5,
            "eps_latest_yearly": 2.4,
            "eps_growth_yearly": -107.13
        },
        "20031": {
            "year_quarter": 20031,
            "year": 2003,
            "quarter": 1,
            "eps": -1.39,
            "eps_growth_year": -220.87,
            "eps_4q": -1.49,
            "eps_4q_growth_year": -128.38,
            "roe": -8.74,
            "roe_4q": -9.440000000000001,
            "gross_profit": 49290,
            "gross_margin": 8.13,
            "gross_margin_4q_avg": 14.16,
            "net_income": -133193,
            "revenue": 606174,
            "common_shares": 957706,
            "book_valuer_per_share": 15.2,
            "book_valuer_per_share_4q_avg": 17.98,
            "equity": 1455798,
            "current_ratio": 389.9,
            "debt_ratio": 58.68,
            "inventory_turnover_ratio": 1.03,
            "account_receivable_turnover_ratio": null,
            "reinvestment_rate": 66.64,
            "research_to_sale_ratio": null,
            "price_fair": 10.5,
            "eps_avg_yearly": 3.5,
            "eps_latest_yearly": 2.4,
            "eps_growth_yearly": -107.13
        },
        "20032": {
            "year_quarter": 20032,
            "year": 2003,
            "quarter": 2,
            "eps": -1.08,
            "eps_growth_year": -280,
            "eps_4q": -3.06,
            "eps_4q_growth_year": -174.7,
            "roe": -7.78,
            "roe_4q": -19.659999999999997,
            "gross_profit": 115141,
            "gross_margin": 13.79,
            "gross_margin_4q_avg": 13.84,
            "net_income": -109021,
            "revenue": 834726,
            "common_shares": 957706,
            "book_valuer_per_share": 14.05,
            "book_valuer_per_share_4q_avg": 15.66,
            "equity": 1345929,
            "current_ratio": 344.16,
            "debt_ratio": 63.12,
            "inventory_turnover_ratio": 1.17,
            "account_receivable_turnover_ratio": null,
            "reinvestment_rate": 64.94,
            "research_to_sale_ratio": null,
            "price_fair": 10.5,
            "eps_avg_yearly": 3.5,
            "eps_latest_yearly": 2.4,
            "eps_growth_yearly": -107.13
        },
        "20033": {
            "year_quarter": 20033,
            "year": 2003,
            "quarter": 3,
            "eps": -0.73,
            "eps_growth_year": null,
            "eps_4q": -3.26,
            "eps_4q_growth_year": -292.62,
            "roe": -5.61,
            "roe_4q": -23.01,
            "gross_profit": 96748,
            "gross_margin": 12.37,
            "gross_margin_4q_avg": 14.19,
            "net_income": -73307,
            "revenue": 782185,
            "common_shares": 1010825,
            "book_valuer_per_share": 12.55,
            "book_valuer_per_share_4q_avg": 14.61,
            "equity": 1268435,
            "current_ratio": 108.11,
            "debt_ratio": 65.51,
            "inventory_turnover_ratio": 1.05,
            "account_receivable_turnover_ratio": null,
            "reinvestment_rate": 64.47,
            "research_to_sale_ratio": null,
            "price_fair": 10.5,
            "eps_avg_yearly": 3.5,
            "eps_latest_yearly": 2.4,
            "eps_growth_yearly": -107.13
        },
        "20034": {
            "year_quarter": 20034,
            "year": 2003,
            "quarter": 4,
            "eps": -1.75,
            "eps_growth_year": null,
            "eps_4q": -4.87,
            "eps_4q_growth_year": -785.84,
            "roe": -14.97,
            "roe_4q": -37.1,
            "gross_profit": 105223,
            "gross_margin": 9.37,
            "gross_margin_4q_avg": 10.92,
            "net_income": -176637,
            "revenue": 1123202,
            "common_shares": 1010825,
            "book_valuer_per_share": 10.8,
            "book_valuer_per_share_4q_avg": 13.15,
            "equity": 1092019,
            "current_ratio": 107.72,
            "debt_ratio": 75.77,
            "inventory_turnover_ratio": 1.46,
            "account_receivable_turnover_ratio": null,
            "reinvestment_rate": 114.67,
            "research_to_sale_ratio": null,
            "price_fair": 10.5,
            "eps_avg_yearly": 3.5,
            "eps_latest_yearly": 2.4,
            "eps_growth_yearly": -107.13
        },
        "20041": {
            "year_quarter": 20041,
            "year": 2004,
            "quarter": 1,
            "eps": -1.06,
            "eps_growth_year": null,
            "eps_4q": -4.57,
            "eps_4q_growth_year": null,
            "roe": -9.57,
            "roe_4q": -37.93,
            "gross_profit": 67820,
            "gross_margin": 12.83,
            "gross_margin_4q_avg": 12.09,
            "net_income": -108338,
            "revenue": 528541,
            "common_shares": 1145230,
            "book_valuer_per_share": 10.23,
            "book_valuer_per_share_4q_avg": 11.91,
            "equity": 1171757,
            "current_ratio": 109.29,
            "debt_ratio": 65.45,
            "inventory_turnover_ratio": 0.71,
            "account_receivable_turnover_ratio": null,
            "reinvestment_rate": 215.25,
            "research_to_sale_ratio": null,
            "price_fair": 10.5,
            "eps_avg_yearly": 3.5,
            "eps_latest_yearly": 2.4,
            "eps_growth_yearly": -107.13
        },
        "20042": {
            "year_quarter": 20042,
            "year": 2004,
            "quarter": 2,
            "eps": -6.9,
            "eps_growth_year": null,
            "eps_4q": -9.66,
            "eps_4q_growth_year": null,
            "roe": -94.21,
            "roe_4q": -124.36,
            "gross_profit": -22298,
            "gross_margin": -5.66,
            "gross_margin_4q_avg": 7.23,
            "net_income": -747638,
            "revenue": 393747,
            "common_shares": 1145230,
            "book_valuer_per_share": 3.63,
            "book_valuer_per_share_4q_avg": 9.3,
            "equity": 415496,
            "current_ratio": 63.26,
            "debt_ratio": 84.44,
            "inventory_turnover_ratio": 0.85,
            "account_receivable_turnover_ratio": null,
            "reinvestment_rate": null,
            "research_to_sale_ratio": null,
            "price_fair": 10.5,
            "eps_avg_yearly": 3.5,
            "eps_latest_yearly": 2.4,
            "eps_growth_yearly": -107.13
        },
        "20043": {
            "year_quarter": 20043,
            "year": 2004,
            "quarter": 3,
            "eps": -0.68,
            "eps_growth_year": null,
            "eps_4q": -9.68,
            "eps_4q_growth_year": null,
            "roe": -19.21,
            "roe_4q": -137.95999999999998,
            "gross_profit": -10649,
            "gross_margin": -2.79,
            "gross_margin_4q_avg": 3.44,
            "net_income": -75577,
            "revenue": 382133,
            "common_shares": 1145230,
            "book_valuer_per_share": 3.24,
            "book_valuer_per_share_4q_avg": 6.98,
            "equity": 371378,
            "current_ratio": 52.36,
            "debt_ratio": 81.81,
            "inventory_turnover_ratio": 1.24,
            "account_receivable_turnover_ratio": null,
            "reinvestment_rate": null,
            "research_to_sale_ratio": null,
            "price_fair": 10.5,
            "eps_avg_yearly": 3.5,
            "eps_latest_yearly": 2.4,
            "eps_growth_yearly": -107.13
        },
        "20044": {
            "year_quarter": 20044,
            "year": 2004,
            "quarter": 4,
            "eps": -1.74,
            "eps_growth_year": null,
            "eps_4q": -10.1,
            "eps_4q_growth_year": null,
            "roe": -71.07,
            "roe_4q": -194.06,
            "gross_profit": -7096,
            "gross_margin": -7.22,
            "gross_margin_4q_avg": -0.71,
            "net_income": -194128,
            "revenue": 98324,
            "common_shares": 1145230,
            "book_valuer_per_share": 1.53,
            "book_valuer_per_share_4q_avg": 4.66,
            "equity": 174929,
            "current_ratio": 54.09,
            "debt_ratio": 90.35,
            "inventory_turnover_ratio": 0.55,
            "account_receivable_turnover_ratio": null,
            "reinvestment_rate": null,
            "research_to_sale_ratio": null,
            "price_fair": 10.5,
            "eps_avg_yearly": 3.5,
            "eps_latest_yearly": 2.4,
            "eps_growth_yearly": -107.13
        },
        "20051": {
            "year_quarter": 20051,
            "year": 2005,
            "quarter": 1,
            "eps": -0.9,
            "eps_growth_year": null,
            "eps_4q": -9.78,
            "eps_4q_growth_year": null,
            "roe": -83.68,
            "roe_4q": -268.17,
            "gross_profit": 22464,
            "gross_margin": 33.15,
            "gross_margin_4q_avg": 4.37,
            "net_income": -103162,
            "revenue": 67761,
            "common_shares": 1145230,
            "book_valuer_per_share": 0.63,
            "book_valuer_per_share_4q_avg": 2.26,
            "equity": 71627,
            "current_ratio": 37.26,
            "debt_ratio": 93.89,
            "inventory_turnover_ratio": 0.35,
            "account_receivable_turnover_ratio": null,
            "reinvestment_rate": null,
            "research_to_sale_ratio": null,
            "price_fair": 10.5,
            "eps_avg_yearly": 3.5,
            "eps_latest_yearly": 2.4,
            "eps_growth_yearly": -107.13
        },
        "20052": {
            "year_quarter": 20052,
            "year": 2005,
            "quarter": 2,
            "eps": -0.29,
            "eps_growth_year": null,
            "eps_4q": -3.54,
            "eps_4q_growth_year": null,
            "roe": -59.02,
            "roe_4q": -232.98000000000002,
            "gross_profit": 27197,
            "gross_margin": 50.69,
            "gross_margin_4q_avg": 18.46,
            "net_income": -32740,
            "revenue": 53650,
            "common_shares": 1145230,
            "book_valuer_per_share": 0.34,
            "book_valuer_per_share_4q_avg": 1.44,
            "equity": 39309,
            "current_ratio": 33.15,
            "debt_ratio": 96.38,
            "inventory_turnover_ratio": 0.27,
            "account_receivable_turnover_ratio": null,
            "reinvestment_rate": null,
            "research_to_sale_ratio": null,
            "price_fair": 10.5,
            "eps_avg_yearly": 3.5,
            "eps_latest_yearly": 2.4,
            "eps_growth_yearly": -107.13
        },
        "20053": {
            "year_quarter": 20053,
            "year": 2005,
            "quarter": 3,
            "eps": -0.08,
            "eps_growth_year": null,
            "eps_4q": -2.96,
            "eps_4q_growth_year": null,
            "roe": -14.9,
            "roe_4q": -228.67000000000002,
            "gross_profit": 26972,
            "gross_margin": 51.4,
            "gross_margin_4q_avg": 32.01,
            "net_income": -9026,
            "revenue": 52476,
            "common_shares": 1145230,
            "book_valuer_per_share": 0.71,
            "book_valuer_per_share_4q_avg": 0.8,
            "equity": 81822,
            "current_ratio": 38.4,
            "debt_ratio": 92.34,
            "inventory_turnover_ratio": 0.26,
            "account_receivable_turnover_ratio": null,
            "reinvestment_rate": null,
            "research_to_sale_ratio": null,
            "price_fair": 10.5,
            "eps_avg_yearly": 3.5,
            "eps_latest_yearly": 2.4,
            "eps_growth_yearly": -107.13
        },
        "20054": {
            "year_quarter": 20054,
            "year": 2005,
            "quarter": 4,
            "eps": 0.02,
            "eps_growth_year": null,
            "eps_4q": -1.11,
            "eps_4q_growth_year": null,
            "roe": 2.33,
            "roe_4q": -155.27,
            "gross_profit": 23930,
            "gross_margin": 43.28,
            "gross_margin_4q_avg": 44.63,
            "net_income": 2560,
            "revenue": 55290,
            "common_shares": 2450230,
            "book_valuer_per_share": 0.56,
            "book_valuer_per_share_4q_avg": 0.56,
            "equity": 138231,
            "current_ratio": 103.43,
            "debt_ratio": 85.37,
            "inventory_turnover_ratio": 0.3,
            "account_receivable_turnover_ratio": null,
            "reinvestment_rate": null,
            "research_to_sale_ratio": null,
            "price_fair": 10.5,
            "eps_avg_yearly": 3.5,
            "eps_latest_yearly": 2.4,
            "eps_growth_yearly": -107.13
        },
        "20061": {
            "year_quarter": 20061,
            "year": 2006,
            "quarter": 1,
            "eps": -0.09,
            "eps_growth_year": null,
            "eps_4q": -0.25,
            "eps_4q_growth_year": null,
            "roe": -17.58,
            "roe_4q": -89.17,
            "gross_profit": 15189,
            "gross_margin": 43.56,
            "gross_margin_4q_avg": 47.23,
            "net_income": -22215,
            "revenue": 34866,
            "common_shares": 2450230,
            "book_valuer_per_share": 0.47,
            "book_valuer_per_share_4q_avg": 0.52,
            "equity": 114447,
            "current_ratio": 57.48,
            "debt_ratio": 84.56,
            "inventory_turnover_ratio": 0.2,
            "account_receivable_turnover_ratio": null,
            "reinvestment_rate": null,
            "research_to_sale_ratio": null,
            "price_fair": 7.2,
            "eps_avg_yearly": 2.4,
            "eps_latest_yearly": 2.4,
            "eps_growth_yearly": -191.3
        },
        "20062": {
            "year_quarter": 20062,
            "year": 2006,
            "quarter": 2,
            "eps": -0.9,
            "eps_growth_year": null,
            "eps_4q": -2.07,
            "eps_4q_growth_year": null,
            "roe": -21.33,
            "roe_4q": -51.48,
            "gross_profit": 11627,
            "gross_margin": 23.71,
            "gross_margin_4q_avg": 40.49,
            "net_income": -22081,
            "revenue": 49035,
            "common_shares": 245023,
            "book_valuer_per_share": 3.78,
            "book_valuer_per_share_4q_avg": 1.38,
            "equity": 92585,
            "current_ratio": 70.55,
            "debt_ratio": 86.73,
            "inventory_turnover_ratio": 0.46,
            "account_receivable_turnover_ratio": null,
            "reinvestment_rate": null,
            "research_to_sale_ratio": null,
            "price_fair": 0,
            "eps_avg_yearly": 0,
            "eps_latest_yearly": 0,
            "eps_growth_yearly": 0
        },
        "20063": {
            "year_quarter": 20063,
            "year": 2006,
            "quarter": 3,
            "eps": -0.88,
            "eps_growth_year": null,
            "eps_4q": -2.58,
            "eps_4q_growth_year": null,
            "roe": -26.38,
            "roe_4q": -62.959999999999994,
            "gross_profit": 14759,
            "gross_margin": 35.53,
            "gross_margin_4q_avg": 36.52,
            "net_income": -21597,
            "revenue": 41537,
            "common_shares": 245023,
            "book_valuer_per_share": 2.9,
            "book_valuer_per_share_4q_avg": 1.93,
            "equity": 71179,
            "current_ratio": 109.34,
            "debt_ratio": 87.71,
            "inventory_turnover_ratio": 0.35,
            "account_receivable_turnover_ratio": null,
            "reinvestment_rate": null,
            "research_to_sale_ratio": null,
            "price_fair": 0,
            "eps_avg_yearly": 0,
            "eps_latest_yearly": 0,
            "eps_growth_yearly": 0
        },
        "20064": {
            "year_quarter": 20064,
            "year": 2006,
            "quarter": 4,
            "eps": -0.96,
            "eps_growth_year": -4900,
            "eps_4q": -3.59,
            "eps_4q_growth_year": null,
            "roe": -39.56,
            "roe_4q": -104.85,
            "gross_profit": 8497,
            "gross_margin": 12.22,
            "gross_margin_4q_avg": 28.76,
            "net_income": -23532,
            "revenue": 69524,
            "common_shares": 245023,
            "book_valuer_per_share": 1.94,
            "book_valuer_per_share_4q_avg": 2.27,
            "equity": 47794,
            "current_ratio": 179.63,
            "debt_ratio": 91.75,
            "inventory_turnover_ratio": 0.8,
            "account_receivable_turnover_ratio": null,
            "reinvestment_rate": null,
            "research_to_sale_ratio": null,
            "price_fair": 0,
            "eps_avg_yearly": 0,
            "eps_latest_yearly": 0,
            "eps_growth_yearly": 0
        },
        "20071": {
            "year_quarter": 20071,
            "year": 2007,
            "quarter": 1,
            "eps": -0.56,
            "eps_growth_year": null,
            "eps_4q": -1.93,
            "eps_4q_growth_year": null,
            "roe": -16.89,
            "roe_4q": -104.16,
            "gross_profit": 34758,
            "gross_margin": 25.74,
            "gross_margin_4q_avg": 24.3,
            "net_income": -27496,
            "revenue": 135033,
            "common_shares": 510594,
            "book_valuer_per_share": 5.44,
            "book_valuer_per_share_4q_avg": 3.52,
            "equity": 277848,
            "current_ratio": 143.38,
            "debt_ratio": 69.06,
            "inventory_turnover_ratio": 1.37,
            "account_receivable_turnover_ratio": null,
            "reinvestment_rate": null,
            "research_to_sale_ratio": null,
            "price_fair": 0,
            "eps_avg_yearly": 0,
            "eps_latest_yearly": 0,
            "eps_growth_yearly": 0
        },
        "20072": {
            "year_quarter": 20072,
            "year": 2007,
            "quarter": 2,
            "eps": -0.27,
            "eps_growth_year": null,
            "eps_4q": -1.62,
            "eps_4q_growth_year": null,
            "roe": -4.86,
            "roe_4q": -87.69,
            "gross_profit": 37685,
            "gross_margin": 25.38,
            "gross_margin_4q_avg": 24.72,
            "net_income": -13683,
            "revenue": 148480,
            "common_shares": 532594,
            "book_valuer_per_share": 5.35,
            "book_valuer_per_share_4q_avg": 3.91,
            "equity": 285027,
            "current_ratio": 157.34,
            "debt_ratio": 66.59,
            "inventory_turnover_ratio": 1.67,
            "account_receivable_turnover_ratio": null,
            "reinvestment_rate": null,
            "research_to_sale_ratio": null,
            "price_fair": 0,
            "eps_avg_yearly": 0,
            "eps_latest_yearly": 0,
            "eps_growth_yearly": 0
        },
        "20073": {
            "year_quarter": 20073,
            "year": 2007,
            "quarter": 3,
            "eps": 0.2,
            "eps_growth_year": null,
            "eps_4q": -1.06,
            "eps_4q_growth_year": null,
            "roe": 3.56,
            "roe_4q": -57.75,
            "gross_profit": 50919,
            "gross_margin": 35.5,
            "gross_margin_4q_avg": 24.71,
            "net_income": 10291,
            "revenue": 143442,
            "common_shares": 532594,
            "book_valuer_per_share": 5.51,
            "book_valuer_per_share_4q_avg": 4.56,
            "equity": 293608,
            "current_ratio": 187.82,
            "debt_ratio": 64.97,
            "inventory_turnover_ratio": 1.46,
            "account_receivable_turnover_ratio": null,
            "reinvestment_rate": null,
            "research_to_sale_ratio": null,
            "price_fair": 0,
            "eps_avg_yearly": 0,
            "eps_latest_yearly": 0,
            "eps_growth_yearly": 0
        },
        "20074": {
            "year_quarter": 20074,
            "year": 2007,
            "quarter": 4,
            "eps": 0.64,
            "eps_growth_year": null,
            "eps_4q": 0.04,
            "eps_4q_growth_year": null,
            "roe": 10.62,
            "roe_4q": -7.57,
            "gross_profit": 49716,
            "gross_margin": 27.13,
            "gross_margin_4q_avg": 28.44,
            "net_income": 32977,
            "revenue": 183248,
            "common_shares": 532594,
            "book_valuer_per_share": 6.14,
            "book_valuer_per_share_4q_avg": 5.61,
            "equity": 327331,
            "current_ratio": 246.71,
            "debt_ratio": 61.96,
            "inventory_turnover_ratio": 2.15,
            "account_receivable_turnover_ratio": null,
            "reinvestment_rate": null,
            "research_to_sale_ratio": null,
            "price_fair": 89.6,
            "eps_avg_yearly": 2.56,
            "eps_latest_yearly": 2.56,
            "eps_growth_yearly": 880
        },
        "20081": {
            "year_quarter": 20081,
            "year": 2008,
            "quarter": 1,
            "eps": 0.03,
            "eps_growth_year": null,
            "eps_4q": 0.65,
            "eps_4q_growth_year": null,
            "roe": 0.31,
            "roe_4q": 9.629999999999999,
            "gross_profit": 41141,
            "gross_margin": 34.28,
            "gross_margin_4q_avg": 30.57,
            "net_income": 1432,
            "revenue": 120012,
            "common_shares": 832594,
            "book_valuer_per_share": 7.33,
            "book_valuer_per_share_4q_avg": 6.08,
            "equity": 610411,
            "current_ratio": 454.87,
            "debt_ratio": 42.97,
            "inventory_turnover_ratio": 1.33,
            "account_receivable_turnover_ratio": null,
            "reinvestment_rate": null,
            "research_to_sale_ratio": null,
            "price_fair": 46.9,
            "eps_avg_yearly": 1.34,
            "eps_latest_yearly": 0.12,
            "eps_growth_yearly": 249.38
        },
        "20082": {
            "year_quarter": 20082,
            "year": 2008,
            "quarter": 2,
            "eps": 0.07,
            "eps_growth_year": null,
            "eps_4q": 0.71,
            "eps_4q_growth_year": null,
            "roe": 0.8,
            "roe_4q": 15.29,
            "gross_profit": 57767,
            "gross_margin": 37.67,
            "gross_margin_4q_avg": 33.65,
            "net_income": 4872,
            "revenue": 153368,
            "common_shares": 832594,
            "book_valuer_per_share": 7.39,
            "book_valuer_per_share_4q_avg": 6.59,
            "equity": 615326,
            "current_ratio": 391.24,
            "debt_ratio": 30.64,
            "inventory_turnover_ratio": 1.72,
            "account_receivable_turnover_ratio": null,
            "reinvestment_rate": null,
            "research_to_sale_ratio": null,
            "price_fair": 34.53,
            "eps_avg_yearly": 0.99,
            "eps_latest_yearly": 0.28,
            "eps_growth_yearly": 344.03
        },
        "20083": {
            "year_quarter": 20083,
            "year": 2008,
            "quarter": 3,
            "eps": -0.23,
            "eps_growth_year": -215,
            "eps_4q": 0.27,
            "eps_4q_growth_year": null,
            "roe": -2.74,
            "roe_4q": 8.989999999999998,
            "gross_profit": 34280,
            "gross_margin": 27.16,
            "gross_margin_4q_avg": 31.56,
            "net_income": -16657,
            "revenue": 126237,
            "common_shares": 832594,
            "book_valuer_per_share": 7.19,
            "book_valuer_per_share_4q_avg": 7.01,
            "equity": 598571,
            "current_ratio": 240.98,
            "debt_ratio": 31.2,
            "inventory_turnover_ratio": 1.32,
            "account_receivable_turnover_ratio": null,
            "reinvestment_rate": null,
            "research_to_sale_ratio": null,
            "price_fair": 34.53,
            "eps_avg_yearly": 0.99,
            "eps_latest_yearly": 0.28,
            "eps_growth_yearly": 344.03
        },
        "20084": {
            "year_quarter": 20084,
            "year": 2008,
            "quarter": 4,
            "eps": 0.17,
            "eps_growth_year": -73.44,
            "eps_4q": 0.04,
            "eps_4q_growth_year": -10.74,
            "roe": 2.17,
            "roe_4q": 0.5399999999999998,
            "gross_profit": 38301,
            "gross_margin": 22.03,
            "gross_margin_4q_avg": 30.29,
            "net_income": 13153,
            "revenue": 173831,
            "common_shares": 832594,
            "book_valuer_per_share": 7.35,
            "book_valuer_per_share_4q_avg": 7.32,
            "equity": 611808,
            "current_ratio": 225.04,
            "debt_ratio": 31.96,
            "inventory_turnover_ratio": 1.92,
            "account_receivable_turnover_ratio": 1.61,
            "reinvestment_rate": null,
            "research_to_sale_ratio": null,
            "price_fair": 34.53,
            "eps_avg_yearly": 0.99,
            "eps_latest_yearly": 0.28,
            "eps_growth_yearly": 344.03
        },
        "20091": {
            "year_quarter": 20091,
            "year": 2009,
            "quarter": 1,
            "eps": -0.64,
            "eps_growth_year": -2233.33,
            "eps_4q": -0.63,
            "eps_4q_growth_year": -196.17,
            "roe": -9.13,
            "roe_4q": -8.9,
            "gross_profit": -9477,
            "gross_margin": -7.54,
            "gross_margin_4q_avg": 19.83,
            "net_income": -53426,
            "revenue": 125708,
            "common_shares": 832594,
            "book_valuer_per_share": 6.71,
            "book_valuer_per_share_4q_avg": 7.16,
            "equity": 558511,
            "current_ratio": 240.14,
            "debt_ratio": 28.12,
            "inventory_turnover_ratio": 4.13,
            "account_receivable_turnover_ratio": 0.63,
            "reinvestment_rate": null,
            "research_to_sale_ratio": null,
            "price_fair": 34.53,
            "eps_avg_yearly": 0.99,
            "eps_latest_yearly": 0.28,
            "eps_growth_yearly": 344.03
        },
        "20092": {
            "year_quarter": 20092,
            "year": 2009,
            "quarter": 2,
            "eps": 0,
            "eps_growth_year": -100,
            "eps_4q": -0.69,
            "eps_4q_growth_year": -196.61,
            "roe": 1.82,
            "roe_4q": -7.880000000000001,
            "gross_profit": 76223,
            "gross_margin": 29.13,
            "gross_margin_4q_avg": 17.7,
            "net_income": 10171,
            "revenue": 261699,
            "common_shares": 832594,
            "book_valuer_per_share": 6.72,
            "book_valuer_per_share_4q_avg": 6.99,
            "equity": 559424,
            "current_ratio": 174.31,
            "debt_ratio": 46.2,
            "inventory_turnover_ratio": 3.5,
            "account_receivable_turnover_ratio": 1.23,
            "reinvestment_rate": null,
            "research_to_sale_ratio": null,
            "price_fair": 34.53,
            "eps_avg_yearly": 0.99,
            "eps_latest_yearly": 0.28,
            "eps_growth_yearly": 344.03
        },
        "20093": {
            "year_quarter": 20093,
            "year": 2009,
            "quarter": 3,
            "eps": 0.18,
            "eps_growth_year": null,
            "eps_4q": -0.29,
            "eps_4q_growth_year": -207.5,
            "roe": 2.25,
            "roe_4q": -2.8900000000000006,
            "gross_profit": 53519,
            "gross_margin": 24.62,
            "gross_margin_4q_avg": 17.06,
            "net_income": 15492,
            "revenue": 217398,
            "common_shares": 1082594,
            "book_valuer_per_share": 7.58,
            "book_valuer_per_share_4q_avg": 7.09,
            "equity": 820161,
            "current_ratio": 273.85,
            "debt_ratio": 33.21,
            "inventory_turnover_ratio": 1.83,
            "account_receivable_turnover_ratio": 0.85,
            "reinvestment_rate": null,
            "research_to_sale_ratio": null,
            "price_fair": 34.53,
            "eps_avg_yearly": 0.99,
            "eps_latest_yearly": 0.28,
            "eps_growth_yearly": 344.03
        },
        "20094": {
            "year_quarter": 20094,
            "year": 2009,
            "quarter": 4,
            "eps": 0.45,
            "eps_growth_year": 164.71,
            "eps_4q": 0.03,
            "eps_4q_growth_year": -28.1,
            "roe": 3.64,
            "roe_4q": -1.42,
            "gross_profit": 30542,
            "gross_margin": 19.59,
            "gross_margin_4q_avg": 16.45,
            "net_income": 30528,
            "revenue": 155923,
            "common_shares": 1082594,
            "book_valuer_per_share": 7.94,
            "book_valuer_per_share_4q_avg": 7.24,
            "equity": 859440,
            "current_ratio": 282.46,
            "debt_ratio": 31.81,
            "inventory_turnover_ratio": 1.55,
            "account_receivable_turnover_ratio": 1.02,
            "reinvestment_rate": null,
            "research_to_sale_ratio": null,
            "price_fair": 41.65,
            "eps_avg_yearly": 1.19,
            "eps_latest_yearly": 1.8,
            "eps_growth_yearly": 408.02
        },
        "20101": {
            "year_quarter": 20101,
            "year": 2010,
            "quarter": 1,
            "eps": 0.04,
            "eps_growth_year": null,
            "eps_4q": 0.56,
            "eps_4q_growth_year": null,
            "roe": 0.45,
            "roe_4q": 8.16,
            "gross_profit": 74319,
            "gross_margin": 26.56,
            "gross_margin_4q_avg": 24.98,
            "net_income": 3906,
            "revenue": 279856,
            "common_shares": 1082594,
            "book_valuer_per_share": 7.94,
            "book_valuer_per_share_4q_avg": 7.55,
            "equity": 859973,
            "current_ratio": 188.6,
            "debt_ratio": 44.29,
            "inventory_turnover_ratio": 1.82,
            "account_receivable_turnover_ratio": 0.71,
            "reinvestment_rate": null,
            "research_to_sale_ratio": null,
            "price_fair": 34.44,
            "eps_avg_yearly": 0.98,
            "eps_latest_yearly": 0.16,
            "eps_growth_yearly": 253.53
        },
        "20102": {
            "year_quarter": 20102,
            "year": 2010,
            "quarter": 2,
            "eps": 0.22,
            "eps_growth_year": null,
            "eps_4q": 0.78,
            "eps_4q_growth_year": null,
            "roe": 2.72,
            "roe_4q": 9.06,
            "gross_profit": 97216,
            "gross_margin": 27.41,
            "gross_margin_4q_avg": 24.55,
            "net_income": 23838,
            "revenue": 354663,
            "common_shares": 1082594,
            "book_valuer_per_share": 8.22,
            "book_valuer_per_share_4q_avg": 7.92,
            "equity": 889747,
            "current_ratio": 199.32,
            "debt_ratio": 41.85,
            "inventory_turnover_ratio": 1.66,
            "account_receivable_turnover_ratio": 0.75,
            "reinvestment_rate": null,
            "research_to_sale_ratio": null,
            "price_fair": 33.83,
            "eps_avg_yearly": 0.97,
            "eps_latest_yearly": 0.88,
            "eps_growth_yearly": 511.27
        },
        "20103": {
            "year_quarter": 20103,
            "year": 2010,
            "quarter": 3,
            "eps": 0.06,
            "eps_growth_year": -67.13,
            "eps_4q": 0.7,
            "eps_4q_growth_year": null,
            "roe": 0.72,
            "roe_4q": 7.530000000000001,
            "gross_profit": 86880,
            "gross_margin": 24.26,
            "gross_margin_4q_avg": 24.46,
            "net_income": 6390,
            "revenue": 358177,
            "common_shares": 1082594,
            "book_valuer_per_share": 8.18,
            "book_valuer_per_share_4q_avg": 8.07,
            "equity": 885825,
            "current_ratio": 191.47,
            "debt_ratio": 42.93,
            "inventory_turnover_ratio": 1.65,
            "account_receivable_turnover_ratio": 0.77,
            "reinvestment_rate": 4839.34,
            "research_to_sale_ratio": null,
            "price_fair": 30.2,
            "eps_avg_yearly": 0.86,
            "eps_latest_yearly": 0.24,
            "eps_growth_yearly": 396.68
        },
        "20104": {
            "year_quarter": 20104,
            "year": 2010,
            "quarter": 4,
            "eps": 0.2,
            "eps_growth_year": -55.14,
            "eps_4q": 0.52,
            "eps_4q_growth_year": 1889.23,
            "roe": 2.48,
            "roe_4q": 6.37,
            "gross_profit": 72234,
            "gross_margin": 23.72,
            "gross_margin_4q_avg": 25.49,
            "net_income": 21840,
            "revenue": 304581,
            "common_shares": 1082594,
            "book_valuer_per_share": 8.09,
            "book_valuer_per_share_4q_avg": 8.11,
            "equity": 875776,
            "current_ratio": 213.31,
            "debt_ratio": 38.61,
            "inventory_turnover_ratio": 1.44,
            "account_receivable_turnover_ratio": 0.7,
            "reinvestment_rate": 1308.01,
            "research_to_sale_ratio": null,
            "price_fair": 29.93,
            "eps_avg_yearly": 0.86,
            "eps_latest_yearly": 0.8,
            "eps_growth_yearly": 463.76
        },
        "20111": {
            "year_quarter": 20111,
            "year": 2011,
            "quarter": 1,
            "eps": 0.09,
            "eps_growth_year": 125,
            "eps_4q": 0.57,
            "eps_4q_growth_year": 2.19,
            "roe": 1.06,
            "roe_4q": 6.98,
            "gross_profit": 81618,
            "gross_margin": 25.7,
            "gross_margin_4q_avg": 25.27,
            "net_income": 9386,
            "revenue": 317567,
            "common_shares": 1082594,
            "book_valuer_per_share": 8.23,
            "book_valuer_per_share_4q_avg": 8.18,
            "equity": 891446,
            "current_ratio": 203.48,
            "debt_ratio": 40.88,
            "inventory_turnover_ratio": 1.32,
            "account_receivable_turnover_ratio": 0.75,
            "reinvestment_rate": 839.11,
            "research_to_sale_ratio": null,
            "price_fair": 28,
            "eps_avg_yearly": 0.8,
            "eps_latest_yearly": 0.36,
            "eps_growth_yearly": 387.78
        },
        "20112": {
            "year_quarter": 20112,
            "year": 2011,
            "quarter": 2,
            "eps": 0.19,
            "eps_growth_year": -12.77,
            "eps_4q": 0.54,
            "eps_4q_growth_year": -30.75,
            "roe": 2.32,
            "roe_4q": 6.579999999999999,
            "gross_profit": 104989,
            "gross_margin": 27.24,
            "gross_margin_4q_avg": 25.23,
            "net_income": 20800,
            "revenue": 385365,
            "common_shares": 1082594,
            "book_valuer_per_share": 8.35,
            "book_valuer_per_share_4q_avg": 8.21,
            "equity": 903599,
            "current_ratio": 201.77,
            "debt_ratio": 41.49,
            "inventory_turnover_ratio": 1.46,
            "account_receivable_turnover_ratio": 0.75,
            "reinvestment_rate": 621.2,
            "research_to_sale_ratio": null,
            "price_fair": 27.86,
            "eps_avg_yearly": 0.8,
            "eps_latest_yearly": 0.76,
            "eps_growth_yearly": 393.45
        },
        "20113": {
            "year_quarter": 20113,
            "year": 2011,
            "quarter": 3,
            "eps": 0.21,
            "eps_growth_year": 247.14,
            "eps_4q": 0.69,
            "eps_4q_growth_year": -1.37,
            "roe": 2.38,
            "roe_4q": 8.24,
            "gross_profit": 94409,
            "gross_margin": 21.66,
            "gross_margin_4q_avg": 24.58,
            "net_income": 22240,
            "revenue": 435852,
            "common_shares": 1082594,
            "book_valuer_per_share": 8.92,
            "book_valuer_per_share_4q_avg": 8.4,
            "equity": 965918,
            "current_ratio": 208.51,
            "debt_ratio": 40.01,
            "inventory_turnover_ratio": 1.85,
            "account_receivable_turnover_ratio": 0.72,
            "reinvestment_rate": 620.87,
            "research_to_sale_ratio": null,
            "price_fair": 28,
            "eps_avg_yearly": 0.8,
            "eps_latest_yearly": 0.84,
            "eps_growth_yearly": 361.51
        },
        "20114": {
            "year_quarter": 20114,
            "year": 2011,
            "quarter": 4,
            "eps": 0.62,
            "eps_growth_year": 209.54,
            "eps_4q": 1.11,
            "eps_4q_growth_year": 114.24,
            "roe": 6.76,
            "roe_4q": 12.520000000000001,
            "gross_profit": 83738,
            "gross_margin": 20.87,
            "gross_margin_4q_avg": 23.87,
            "net_income": 67618,
            "revenue": 401278,
            "common_shares": 1082594,
            "book_valuer_per_share": 9.55,
            "book_valuer_per_share_4q_avg": 8.76,
            "equity": 1033575,
            "current_ratio": 209.23,
            "debt_ratio": 37.05,
            "inventory_turnover_ratio": 1.73,
            "account_receivable_turnover_ratio": 0.73,
            "reinvestment_rate": 492.68,
            "research_to_sale_ratio": null,
            "price_fair": 27.75,
            "eps_avg_yearly": 0.79,
            "eps_latest_yearly": 2.48,
            "eps_growth_yearly": 352.51
        },
        "20121": {
            "year_quarter": 20121,
            "year": 2012,
            "quarter": 1,
            "eps": 0.21,
            "eps_growth_year": 133.33,
            "eps_4q": 1.23,
            "eps_4q_growth_year": 117.35,
            "roe": 2.21,
            "roe_4q": 13.669999999999998,
            "gross_profit": 91452,
            "gross_margin": 26.48,
            "gross_margin_4q_avg": 24.06,
            "net_income": 22935,
            "revenue": 345375,
            "common_shares": 1082594,
            "book_valuer_per_share": 9.6,
            "book_valuer_per_share_4q_avg": 9.11,
            "equity": 1039745,
            "current_ratio": 225.59,
            "debt_ratio": 34.63,
            "inventory_turnover_ratio": 1.31,
            "account_receivable_turnover_ratio": 0.76,
            "reinvestment_rate": 442.84,
            "research_to_sale_ratio": 0,
            "price_fair": 30.04,
            "eps_avg_yearly": 0.86,
            "eps_latest_yearly": 0.84,
            "eps_growth_yearly": 363.12
        },
        "20122": {
            "year_quarter": 20122,
            "year": 2012,
            "quarter": 2,
            "eps": 0.24,
            "eps_growth_year": 25.69,
            "eps_4q": 1.28,
            "eps_4q_growth_year": 137.83,
            "roe": 2.48,
            "roe_4q": 13.829999999999998,
            "gross_profit": 104547,
            "gross_margin": 23.5,
            "gross_margin_4q_avg": 23.13,
            "net_income": 26157,
            "revenue": 444961,
            "common_shares": 1082594,
            "book_valuer_per_share": 9.9,
            "book_valuer_per_share_4q_avg": 9.49,
            "equity": 1071476,
            "current_ratio": 227.13,
            "debt_ratio": 34.64,
            "inventory_turnover_ratio": 1.67,
            "account_receivable_turnover_ratio": 0.92,
            "reinvestment_rate": 413.87,
            "research_to_sale_ratio": 0,
            "price_fair": 32.2,
            "eps_avg_yearly": 0.92,
            "eps_latest_yearly": 0.96,
            "eps_growth_yearly": 319.83
        },
        "20123": {
            "year_quarter": 20123,
            "year": 2012,
            "quarter": 3,
            "eps": 0,
            "eps_growth_year": -99.89,
            "eps_4q": 1.08,
            "eps_4q_growth_year": 57.23,
            "roe": 0,
            "roe_4q": 11.45,
            "gross_profit": 84330,
            "gross_margin": 20.26,
            "gross_margin_4q_avg": 22.78,
            "net_income": 25,
            "revenue": 416197,
            "common_shares": 1082594,
            "book_valuer_per_share": 9.82,
            "book_valuer_per_share_4q_avg": 9.72,
            "equity": 1062949,
            "current_ratio": 242.64,
            "debt_ratio": 32.59,
            "inventory_turnover_ratio": 1.72,
            "account_receivable_turnover_ratio": 0.79,
            "reinvestment_rate": 379.1,
            "research_to_sale_ratio": 0,
            "price_fair": 32.2,
            "eps_avg_yearly": 0.92,
            "eps_latest_yearly": 0.96,
            "eps_growth_yearly": 319.83
        },
        "20124": {
            "year_quarter": 20124,
            "year": 2012,
            "quarter": 4,
            "eps": 0.17,
            "eps_growth_year": -72.4,
            "eps_4q": 0.63,
            "eps_4q_growth_year": -43.54,
            "roe": 1.74,
            "roe_4q": 6.43,
            "gross_profit": 93806,
            "gross_margin": 23.32,
            "gross_margin_4q_avg": 23.39,
            "net_income": 18670,
            "revenue": 402169,
            "common_shares": 1082594,
            "book_valuer_per_share": 9.97,
            "book_valuer_per_share_4q_avg": 9.82,
            "equity": 1079620,
            "current_ratio": 252.71,
            "debt_ratio": 31.64,
            "inventory_turnover_ratio": 1.59,
            "account_receivable_turnover_ratio": 0.79,
            "reinvestment_rate": 367.56,
            "research_to_sale_ratio": 0,
            "price_fair": 32.2,
            "eps_avg_yearly": 0.92,
            "eps_latest_yearly": 0.96,
            "eps_growth_yearly": 319.83
        },
        "20131": {
            "year_quarter": 20131,
            "year": 2013,
            "quarter": 1,
            "eps": 0.06,
            "eps_growth_year": -71.43,
            "eps_4q": 0.48,
            "eps_4q_growth_year": -61.39,
            "roe": 0.62,
            "roe_4q": 4.84,
            "gross_profit": 73986,
            "gross_margin": 23.19,
            "gross_margin_4q_avg": 22.57,
            "net_income": 6744,
            "revenue": 319033,
            "common_shares": 1082594,
            "book_valuer_per_share": 10.15,
            "book_valuer_per_share_4q_avg": 9.96,
            "equity": 1099115,
            "current_ratio": 276.36,
            "debt_ratio": 28.85,
            "inventory_turnover_ratio": 1.15,
            "account_receivable_turnover_ratio": 0.69,
            "reinvestment_rate": 63.89,
            "research_to_sale_ratio": null,
            "price_fair": 30.22,
            "eps_avg_yearly": 0.86,
            "eps_latest_yearly": 0.24,
            "eps_growth_yearly": 271.61
        },
        "20132": {
            "year_quarter": 20132,
            "year": 2013,
            "quarter": 2,
            "eps": 0.23,
            "eps_growth_year": -4.8,
            "eps_4q": 0.46,
            "eps_4q_growth_year": -64.18,
            "roe": 2.18,
            "roe_4q": 4.54,
            "gross_profit": 97473,
            "gross_margin": 24.4,
            "gross_margin_4q_avg": 22.79,
            "net_income": 24346,
            "revenue": 399402,
            "common_shares": 1082594,
            "book_valuer_per_share": 10.47,
            "book_valuer_per_share_4q_avg": 10.1,
            "equity": 1133928,
            "current_ratio": 272.22,
            "debt_ratio": 27.87,
            "inventory_turnover_ratio": 1.32,
            "account_receivable_turnover_ratio": 0.88,
            "reinvestment_rate": 34.09,
            "research_to_sale_ratio": null,
            "price_fair": 30.37,
            "eps_avg_yearly": 0.87,
            "eps_latest_yearly": 0.92,
            "eps_growth_yearly": 337.89
        },
        "20133": {
            "year_quarter": 20133,
            "year": 2013,
            "quarter": 3,
            "eps": 0.14,
            "eps_growth_year": 60506.06,
            "eps_4q": 0.6,
            "eps_4q_growth_year": -44.67,
            "roe": 1.31,
            "roe_4q": 5.8500000000000005,
            "gross_profit": 84681,
            "gross_margin": 23.5,
            "gross_margin_4q_avg": 23.6,
            "net_income": 14854,
            "revenue": 360315,
            "common_shares": 1082594,
            "book_valuer_per_share": 10.49,
            "book_valuer_per_share_4q_avg": 10.27,
            "equity": 1135508,
            "current_ratio": 289.58,
            "debt_ratio": 26.2,
            "inventory_turnover_ratio": 1.17,
            "account_receivable_turnover_ratio": 0.8,
            "reinvestment_rate": 23.47,
            "research_to_sale_ratio": null,
            "price_fair": 29.6,
            "eps_avg_yearly": 0.85,
            "eps_latest_yearly": 0.56,
            "eps_growth_yearly": 302.58
        },
        "20134": {
            "year_quarter": 20134,
            "year": 2013,
            "quarter": 4,
            "eps": 0.02,
            "eps_growth_year": -87.78,
            "eps_4q": 0.45,
            "eps_4q_growth_year": -28.82,
            "roe": 0.2,
            "roe_4q": 4.3100000000000005,
            "gross_profit": 89545,
            "gross_margin": 24.95,
            "gross_margin_4q_avg": 24.01,
            "net_income": 2280,
            "revenue": 358911,
            "common_shares": 1082594,
            "book_valuer_per_share": 10.62,
            "book_valuer_per_share_4q_avg": 10.43,
            "equity": 1148717,
            "current_ratio": 281,
            "debt_ratio": 27.87,
            "inventory_turnover_ratio": 1.09,
            "account_receivable_turnover_ratio": 0.82,
            "reinvestment_rate": -121.81,
            "research_to_sale_ratio": null,
            "price_fair": 25.3,
            "eps_avg_yearly": 0.72,
            "eps_latest_yearly": 0.08,
            "eps_growth_yearly": 235.23
        },
        "20141": {
            "year_quarter": 20141,
            "year": 2014,
            "quarter": 1,
            "eps": 0.2,
            "eps_growth_year": 233.33,
            "eps_4q": 0.59,
            "eps_4q_growth_year": 24.51,
            "roe": 1.9,
            "roe_4q": 5.59,
            "gross_profit": 97931,
            "gross_margin": 26.7,
            "gross_margin_4q_avg": 24.89,
            "net_income": 21866,
            "revenue": 366719,
            "common_shares": 1082594,
            "book_valuer_per_share": 10.78,
            "book_valuer_per_share_4q_avg": 10.59,
            "equity": 1151009,
            "current_ratio": 278.12,
            "debt_ratio": 28.06,
            "inventory_turnover_ratio": 1,
            "account_receivable_turnover_ratio": 0.83,
            "reinvestment_rate": -180.75,
            "research_to_sale_ratio": null,
            "price_fair": 26.9,
            "eps_avg_yearly": 0.77,
            "eps_latest_yearly": 0.8,
            "eps_growth_yearly": 518.41
        },
        "20142": {
            "year_quarter": 20142,
            "year": 2014,
            "quarter": 2,
            "eps": 0.22,
            "eps_growth_year": -4.35,
            "eps_4q": 0.58,
            "eps_4q_growth_year": 26.99,
            "roe": 2.04,
            "roe_4q": 5.449999999999999,
            "gross_profit": 109939,
            "gross_margin": 23.63,
            "gross_margin_4q_avg": 24.7,
            "net_income": 23344,
            "revenue": 465306,
            "common_shares": 1082594,
            "book_valuer_per_share": 10.7,
            "book_valuer_per_share_4q_avg": 10.65,
            "equity": 1142310,
            "current_ratio": 245.09,
            "debt_ratio": 31.61,
            "inventory_turnover_ratio": 1.24,
            "account_receivable_turnover_ratio": 0.97,
            "reinvestment_rate": -197.29,
            "research_to_sale_ratio": null,
            "price_fair": 26.9,
            "eps_avg_yearly": 0.77,
            "eps_latest_yearly": 0.88,
            "eps_growth_yearly": 392.69
        },
        "20143": {
            "year_quarter": 20143,
            "year": 2014,
            "quarter": 3,
            "eps": 0.17,
            "eps_growth_year": 21.43,
            "eps_4q": 0.61,
            "eps_4q_growth_year": 2.65,
            "roe": 1.54,
            "roe_4q": 5.680000000000001,
            "gross_profit": 87826,
            "gross_margin": 22.7,
            "gross_margin_4q_avg": 24.5,
            "net_income": 17914,
            "revenue": 386915,
            "common_shares": 1082594,
            "book_valuer_per_share": 11.11,
            "book_valuer_per_share_4q_avg": 10.8,
            "equity": 1186731,
            "current_ratio": 267.44,
            "debt_ratio": 28.91,
            "inventory_turnover_ratio": 0.98,
            "account_receivable_turnover_ratio": 0.78,
            "reinvestment_rate": -193.59,
            "research_to_sale_ratio": null,
            "price_fair": 28,
            "eps_avg_yearly": 0.8,
            "eps_latest_yearly": 0.68,
            "eps_growth_yearly": 406.98
        },
        "20144": {
            "year_quarter": 20144,
            "year": 2014,
            "quarter": 4,
            "eps": 0.16,
            "eps_growth_year": 677.31,
            "eps_4q": 0.77,
            "eps_4q_growth_year": 71.95,
            "roe": 1.44,
            "roe_4q": 6.92,
            "gross_profit": 113471,
            "gross_margin": 26.42,
            "gross_margin_4q_avg": 24.86,
            "net_income": 17163,
            "revenue": 429570,
            "common_shares": 1082594,
            "book_valuer_per_share": 11.47,
            "book_valuer_per_share_4q_avg": 11.02,
            "equity": 1201773,
            "current_ratio": 238.86,
            "debt_ratio": 32.44,
            "inventory_turnover_ratio": 0.93,
            "account_receivable_turnover_ratio": 0.89,
            "reinvestment_rate": -182.68,
            "research_to_sale_ratio": null,
            "price_fair": 27.6,
            "eps_avg_yearly": 0.79,
            "eps_latest_yearly": 0.64,
            "eps_growth_yearly": 338.63
        },
        "20151": {
            "year_quarter": 20151,
            "year": 2015,
            "quarter": 1,
            "eps": 0.05,
            "eps_growth_year": -75,
            "eps_4q": 0.6,
            "eps_4q_growth_year": 1.93,
            "roe": 0.41,
            "roe_4q": 5.43,
            "gross_profit": 91701,
            "gross_margin": 22.34,
            "gross_margin_4q_avg": 23.77,
            "net_income": 4943,
            "revenue": 410482,
            "common_shares": 1082594,
            "book_valuer_per_share": 11.46,
            "book_valuer_per_share_4q_avg": 11.19,
            "equity": 1201112,
            "current_ratio": 248.44,
            "debt_ratio": 31.52,
            "inventory_turnover_ratio": 0.84,
            "account_receivable_turnover_ratio": 0.81,
            "reinvestment_rate": -188.57,
            "research_to_sale_ratio": null,
            "price_fair": 27.2,
            "eps_avg_yearly": 0.78,
            "eps_latest_yearly": 0.2,
            "eps_growth_yearly": 334.7
        },
        "20152": {
            "year_quarter": 20152,
            "year": 2015,
            "quarter": 2,
            "eps": 0.22,
            "eps_growth_year": 0,
            "eps_4q": 0.6,
            "eps_4q_growth_year": 2.71,
            "roe": 1.95,
            "roe_4q": 5.34,
            "gross_profit": 101530,
            "gross_margin": 22.48,
            "gross_margin_4q_avg": 23.49,
            "net_income": 22824,
            "revenue": 451635,
            "common_shares": 1082594,
            "book_valuer_per_share": 10.88,
            "book_valuer_per_share_4q_avg": 11.23,
            "equity": 1140025,
            "current_ratio": 218.3,
            "debt_ratio": 35.47,
            "inventory_turnover_ratio": 0.89,
            "account_receivable_turnover_ratio": 0.86,
            "reinvestment_rate": -185.65,
            "research_to_sale_ratio": null,
            "price_fair": 27.5,
            "eps_avg_yearly": 0.79,
            "eps_latest_yearly": 0.88,
            "eps_growth_yearly": 400.1
        },
        "20153": {
            "year_quarter": 20153,
            "year": 2015,
            "quarter": 3,
            "eps": 0.29,
            "eps_growth_year": 70.59,
            "eps_4q": 0.72,
            "eps_4q_growth_year": 17.49,
            "roe": 2.59,
            "roe_4q": 6.390000000000001,
            "gross_profit": 103182,
            "gross_margin": 23.25,
            "gross_margin_4q_avg": 23.62,
            "net_income": 30261,
            "revenue": 443860,
            "common_shares": 1079594,
            "book_valuer_per_share": 11.47,
            "book_valuer_per_share_4q_avg": 11.32,
            "equity": 1198686,
            "current_ratio": 218.24,
            "debt_ratio": 35.91,
            "inventory_turnover_ratio": 0.88,
            "account_receivable_turnover_ratio": 0.81,
            "reinvestment_rate": -203.89,
            "research_to_sale_ratio": null,
            "price_fair": 28.3,
            "eps_avg_yearly": 0.81,
            "eps_latest_yearly": 1.16,
            "eps_growth_yearly": 406.18
        },
        "20154": {
            "year_quarter": 20154,
            "year": 2015,
            "quarter": 4,
            "eps": 0.26,
            "eps_growth_year": 61.61,
            "eps_4q": 0.82,
            "eps_4q_growth_year": 7.03,
            "roe": 2.31,
            "roe_4q": 7.260000000000001,
            "gross_profit": 106600,
            "gross_margin": 22.58,
            "gross_margin_4q_avg": 22.66,
            "net_income": 27650,
            "revenue": 472105,
            "common_shares": 1079594,
            "book_valuer_per_share": 11.44,
            "book_valuer_per_share_4q_avg": 11.31,
            "equity": 1195607,
            "current_ratio": 191.89,
            "debt_ratio": 41.39,
            "inventory_turnover_ratio": 0.95,
            "account_receivable_turnover_ratio": 0.85,
            "reinvestment_rate": -241.11,
            "research_to_sale_ratio": null,
            "price_fair": 24.7,
            "eps_avg_yearly": 0.71,
            "eps_latest_yearly": 1.04,
            "eps_growth_yearly": 347.44
        },
        "20161": {
            "year_quarter": 20161,
            "year": 2016,
            "quarter": 1,
            "eps": 0.14,
            "eps_growth_year": 180,
            "eps_4q": 0.92,
            "eps_4q_growth_year": 51.66,
            "roe": 1.25,
            "roe_4q": 8.1,
            "gross_profit": 95685,
            "gross_margin": 23.95,
            "gross_margin_4q_avg": 23.07,
            "net_income": 15075,
            "revenue": 399564,
            "common_shares": 1079594,
            "book_valuer_per_share": 11.65,
            "book_valuer_per_share_4q_avg": 11.36,
            "equity": 1216746,
            "current_ratio": 194.98,
            "debt_ratio": 39.21,
            "inventory_turnover_ratio": 0.81,
            "account_receivable_turnover_ratio": 0.78,
            "reinvestment_rate": -242.46,
            "research_to_sale_ratio": null,
            "price_fair": 24,
            "eps_avg_yearly": 0.69,
            "eps_latest_yearly": 0.56,
            "eps_growth_yearly": 353.15
        },
        "20162": {
            "year_quarter": 20162,
            "year": 2016,
            "quarter": 2,
            "eps": 0.34,
            "eps_growth_year": 54.55,
            "eps_4q": 1.04,
            "eps_4q_growth_year": 72.66,
            "roe": 2.89,
            "roe_4q": 9.040000000000001,
            "gross_profit": 125266,
            "gross_margin": 25.54,
            "gross_margin_4q_avg": 23.83,
            "net_income": 35194,
            "revenue": 490530,
            "common_shares": 1079594,
            "book_valuer_per_share": 11.68,
            "book_valuer_per_share_4q_avg": 11.56,
            "equity": 1220630,
            "current_ratio": 209.47,
            "debt_ratio": 38.29,
            "inventory_turnover_ratio": 0.98,
            "account_receivable_turnover_ratio": 0.96,
            "reinvestment_rate": -271.82,
            "research_to_sale_ratio": null,
            "price_fair": 25,
            "eps_avg_yearly": 0.71,
            "eps_latest_yearly": 1.36,
            "eps_growth_yearly": 389.89
        },
        "20163": {
            "year_quarter": 20163,
            "year": 2016,
            "quarter": 3,
            "eps": 0.31,
            "eps_growth_year": 6.9,
            "eps_4q": 1.15,
            "eps_4q_growth_year": 59.95,
            "roe": 2.59,
            "roe_4q": 9.040000000000001,
            "gross_profit": 110993,
            "gross_margin": 22.39,
            "gross_margin_4q_avg": 23.62,
            "net_income": 30314,
            "revenue": 495674,
            "common_shares": 971635,
            "book_valuer_per_share": 11.87,
            "book_valuer_per_share_4q_avg": 11.66,
            "equity": 1116219,
            "current_ratio": 192.35,
            "debt_ratio": 41.39,
            "inventory_turnover_ratio": 1.08,
            "account_receivable_turnover_ratio": 0.85,
            "reinvestment_rate": -243.67,
            "research_to_sale_ratio": null,
            "price_fair": 26.23,
            "eps_avg_yearly": 0.75,
            "eps_latest_yearly": 1.24,
            "eps_growth_yearly": 361.54
        },
        "20164": {
            "year_quarter": 20164,
            "year": 2016,
            "quarter": 4,
            "eps": 0.27,
            "eps_growth_year": 0.11,
            "eps_4q": 1.12,
            "eps_4q_growth_year": 36.51,
            "roe": 2.22,
            "roe_4q": 8.950000000000001,
            "gross_profit": 122264,
            "gross_margin": 23.45,
            "gross_margin_4q_avg": 23.83,
            "net_income": 24988,
            "revenue": 521327,
            "common_shares": 971635,
            "book_valuer_per_share": 12.01,
            "book_valuer_per_share_4q_avg": 11.8,
            "equity": 1132146,
            "current_ratio": 199.26,
            "debt_ratio": 40.75,
            "inventory_turnover_ratio": 1.2,
            "account_receivable_turnover_ratio": 0.91,
            "reinvestment_rate": -246.9,
            "research_to_sale_ratio": null,
            "price_fair": 26.95,
            "eps_avg_yearly": 0.77,
            "eps_latest_yearly": 1.08,
            "eps_growth_yearly": 335.72
        },
        "20171": {
            "year_quarter": 20171,
            "year": 2017,
            "quarter": 1,
            "eps": 0.14,
            "eps_growth_year": 0,
            "eps_4q": 1.1,
            "eps_4q_growth_year": 19.75,
            "roe": 1.17,
            "roe_4q": 8.870000000000001,
            "gross_profit": 111064,
            "gross_margin": 24.63,
            "gross_margin_4q_avg": 24,
            "net_income": 13065,
            "revenue": 450914,
            "common_shares": 958135,
            "book_valuer_per_share": 11.66,
            "book_valuer_per_share_4q_avg": 11.81,
            "equity": 1099835,
            "current_ratio": 200.21,
            "debt_ratio": 39.86,
            "inventory_turnover_ratio": 1.04,
            "account_receivable_turnover_ratio": 0.85,
            "reinvestment_rate": -26.64,
            "research_to_sale_ratio": null,
            "price_fair": 27.65,
            "eps_avg_yearly": 0.79,
            "eps_latest_yearly": 0.56,
            "eps_growth_yearly": 339.86
        },
        "20172": {
            "year_quarter": 20172,
            "year": 2017,
            "quarter": 2,
            "eps": 0.43,
            "eps_growth_year": 26.47,
            "eps_4q": 1.16,
            "eps_4q_growth_year": 11.83,
            "roe": 3.73,
            "roe_4q": 9.71,
            "gross_profit": 135657,
            "gross_margin": 23.93,
            "gross_margin_4q_avg": 23.6,
            "net_income": 40828,
            "revenue": 566958,
            "common_shares": 958135,
            "book_valuer_per_share": 11.56,
            "book_valuer_per_share_4q_avg": 11.78,
            "equity": 1090530,
            "current_ratio": 181.24,
            "debt_ratio": 44.9,
            "inventory_turnover_ratio": 1.28,
            "account_receivable_turnover_ratio": 1.02,
            "reinvestment_rate": -26.24,
            "research_to_sale_ratio": null,
            "price_fair": 29.4,
            "eps_avg_yearly": 0.84,
            "eps_latest_yearly": 1.72,
            "eps_growth_yearly": 320.81
        },
        "20173": {
            "year_quarter": 20173,
            "year": 2017,
            "quarter": 3,
            "eps": 0.34,
            "eps_growth_year": 9.68,
            "eps_4q": 1.16,
            "eps_4q_growth_year": 1.15,
            "roe": 2.91,
            "roe_4q": 10.030000000000001,
            "gross_profit": 133190,
            "gross_margin": 24.77,
            "gross_margin_4q_avg": 24.2,
            "net_income": 32686,
            "revenue": 537721,
            "common_shares": 958135,
            "book_valuer_per_share": 12.08,
            "book_valuer_per_share_4q_avg": 11.83,
            "equity": 1157915,
            "current_ratio": 186.99,
            "debt_ratio": 43.5,
            "inventory_turnover_ratio": 1.15,
            "account_receivable_turnover_ratio": 0.92,
            "reinvestment_rate": -21.7,
            "research_to_sale_ratio": null,
            "price_fair": 31.15,
            "eps_avg_yearly": 0.89,
            "eps_latest_yearly": 1.36,
            "eps_growth_yearly": 325.36
        },
        "20174": {
            "year_quarter": 20174,
            "year": 2017,
            "quarter": 4,
            "eps": 0.23,
            "eps_growth_year": -12.18,
            "eps_4q": 1.14,
            "eps_4q_growth_year": 1.5,
            "roe": 1.91,
            "roe_4q": 9.72,
            "gross_profit": 130301,
            "gross_margin": 24.22,
            "gross_margin_4q_avg": 24.39,
            "net_income": 22300,
            "revenue": 537955,
            "common_shares": 958135,
            "book_valuer_per_share": 12.33,
            "book_valuer_per_share_4q_avg": 11.91,
            "equity": 1181502,
            "current_ratio": 191.69,
            "debt_ratio": 42.22,
            "inventory_turnover_ratio": 1.07,
            "account_receivable_turnover_ratio": 0.93,
            "reinvestment_rate": -21.31,
            "research_to_sale_ratio": null,
            "price_fair": 32.99,
            "eps_avg_yearly": 0.94,
            "eps_latest_yearly": 0.92,
            "eps_growth_yearly": 338.7
        },
        "20181": {
            "year_quarter": 20181,
            "year": 2018,
            "quarter": 1,
            "eps": 0.22,
            "eps_growth_year": 57.14,
            "eps_4q": 1.22,
            "eps_4q_growth_year": 10.89,
            "roe": 1.74,
            "roe_4q": 10.290000000000001,
            "gross_profit": 127995,
            "gross_margin": 23.67,
            "gross_margin_4q_avg": 24.15,
            "net_income": 20881,
            "revenue": 540673,
            "common_shares": 958135,
            "book_valuer_per_share": 12.71,
            "book_valuer_per_share_4q_avg": 12.17,
            "equity": 1218048,
            "current_ratio": 193.51,
            "debt_ratio": 41.75,
            "inventory_turnover_ratio": 1.03,
            "account_receivable_turnover_ratio": 0.91,
            "reinvestment_rate": -21.83,
            "research_to_sale_ratio": null,
            "price_fair": 33.16,
            "eps_avg_yearly": 0.95,
            "eps_latest_yearly": 0.88,
            "eps_growth_yearly": 112.61
        },
        "20182": {
            "year_quarter": 20182,
            "year": 2018,
            "quarter": 2,
            "eps": 0.51,
            "eps_growth_year": 18.6,
            "eps_4q": 1.31,
            "eps_4q_growth_year": 12.8,
            "roe": 4.1,
            "roe_4q": 10.66,
            "gross_profit": 148345,
            "gross_margin": 24.58,
            "gross_margin_4q_avg": 24.31,
            "net_income": 49299,
            "revenue": 603506,
            "common_shares": 958135,
            "book_valuer_per_share": 12.37,
            "book_valuer_per_share_4q_avg": 12.37,
            "equity": 1185781,
            "current_ratio": 172.85,
            "debt_ratio": 47.18,
            "inventory_turnover_ratio": 1.03,
            "account_receivable_turnover_ratio": 0.94,
            "reinvestment_rate": -20.8,
            "research_to_sale_ratio": null,
            "price_fair": 35.7,
            "eps_avg_yearly": 1.02,
            "eps_latest_yearly": 2.04,
            "eps_growth_yearly": 143.07
        },
        "20183": {
            "year_quarter": 20183,
            "year": 2018,
            "quarter": 3,
            "eps": 0.39,
            "eps_growth_year": 14.71,
            "eps_4q": 1.35,
            "eps_4q_growth_year": 16.25,
            "roe": 3.14,
            "roe_4q": 10.89,
            "gross_profit": 140849,
            "gross_margin": 22.54,
            "gross_margin_4q_avg": 23.75,
            "net_income": 37212,
            "revenue": 624796,
            "common_shares": 958135,
            "book_valuer_per_share": 12.39,
            "book_valuer_per_share_4q_avg": 12.45,
            "equity": 1187144,
            "current_ratio": 173.63,
            "debt_ratio": 46.18,
            "inventory_turnover_ratio": 0.99,
            "account_receivable_turnover_ratio": 0.94,
            "reinvestment_rate": -21.87,
            "research_to_sale_ratio": null,
            "price_fair": 37.63,
            "eps_avg_yearly": 1.08,
            "eps_latest_yearly": 1.56,
            "eps_growth_yearly": 142.87
        },
        "20184": {
            "year_quarter": 20184,
            "year": 2018,
            "quarter": 4,
            "eps": 0.18,
            "eps_growth_year": -21.97,
            "eps_4q": 1.31,
            "eps_4q_growth_year": 15.5,
            "roe": 1.44,
            "roe_4q": 10.42,
            "gross_profit": 139649,
            "gross_margin": 23.09,
            "gross_margin_4q_avg": 23.47,
            "net_income": 17248,
            "revenue": 604915,
            "common_shares": 958135,
            "book_valuer_per_share": 12.66,
            "book_valuer_per_share_4q_avg": 12.53,
            "equity": 1202443,
            "current_ratio": 173.39,
            "debt_ratio": 46.82,
            "inventory_turnover_ratio": 0.9,
            "account_receivable_turnover_ratio": 0.95,
            "reinvestment_rate": -18.97,
            "research_to_sale_ratio": null,
            "price_fair": 37.8,
            "eps_avg_yearly": 1.08,
            "eps_latest_yearly": 0.72,
            "eps_growth_yearly": 130.88
        },
        "20191": {
            "year_quarter": 20191,
            "year": 2019,
            "quarter": 1,
            "eps": 0.23,
            "eps_growth_year": 4.55,
            "eps_4q": 1.32,
            "eps_4q_growth_year": 8.46,
            "roe": 1.76,
            "roe_4q": 10.44,
            "gross_profit": 126390,
            "gross_margin": 22.11,
            "gross_margin_4q_avg": 23.08,
            "net_income": 21491,
            "revenue": 571735,
            "common_shares": 958135,
            "book_valuer_per_share": 13.14,
            "book_valuer_per_share_4q_avg": 12.64,
            "equity": 1245861,
            "current_ratio": 176.89,
            "debt_ratio": 46.47,
            "inventory_turnover_ratio": 0.86,
            "account_receivable_turnover_ratio": 0.95,
            "reinvestment_rate": -17.59,
            "research_to_sale_ratio": null,
            "price_fair": 39.38,
            "eps_avg_yearly": 1.13,
            "eps_latest_yearly": 0.92,
            "eps_growth_yearly": 155.01
        },
        "20192": {
            "year_quarter": 20192,
            "year": 2019,
            "quarter": 2,
            "eps": 0.51,
            "eps_growth_year": 0,
            "eps_4q": 1.32,
            "eps_4q_growth_year": 0.73,
            "roe": 3.97,
            "roe_4q": 10.31,
            "gross_profit": 141300,
            "gross_margin": 21.58,
            "gross_margin_4q_avg": 22.33,
            "net_income": 48822,
            "revenue": 654834,
            "common_shares": 958135,
            "book_valuer_per_share": 12.8,
            "book_valuer_per_share_4q_avg": 12.75,
            "equity": 1214138,
            "current_ratio": 168.37,
            "debt_ratio": 48.59,
            "inventory_turnover_ratio": 1.04,
            "account_receivable_turnover_ratio": 1.03,
            "reinvestment_rate": -15.6,
            "research_to_sale_ratio": null,
            "price_fair": 41.91,
            "eps_avg_yearly": 1.2,
            "eps_latest_yearly": 2.04,
            "eps_growth_yearly": 100.44
        },
        "20193": {
            "year_quarter": 20193,
            "year": 2019,
            "quarter": 3,
            "eps": 0.47,
            "eps_growth_year": 20.51,
            "eps_4q": 1.4,
            "eps_4q_growth_year": 3.09,
            "roe": 3.68,
            "roe_4q": 10.85,
            "gross_profit": 154960,
            "gross_margin": 23.86,
            "gross_margin_4q_avg": 22.66,
            "net_income": 44746,
            "revenue": 649572,
            "common_shares": 958135,
            "book_valuer_per_share": 12.82,
            "book_valuer_per_share_4q_avg": 12.86,
            "equity": 1215757,
            "current_ratio": 170.69,
            "debt_ratio": 48.18,
            "inventory_turnover_ratio": 1.01,
            "account_receivable_turnover_ratio": 0.97,
            "reinvestment_rate": -16.19,
            "research_to_sale_ratio": null,
            "price_fair": 43.49,
            "eps_avg_yearly": 1.24,
            "eps_latest_yearly": 1.88,
            "eps_growth_yearly": 90.53
        },
        "20194": {
            "year_quarter": 20194,
            "year": 2019,
            "quarter": 4,
            "eps": 0.23,
            "eps_growth_year": 24.05,
            "eps_4q": 1.44,
            "eps_4q_growth_year": 9.62,
            "roe": 1.75,
            "roe_4q": 11.16,
            "gross_profit": 153260,
            "gross_margin": 24.16,
            "gross_margin_4q_avg": 22.93,
            "net_income": 21361,
            "revenue": 634376,
            "common_shares": 958135,
            "book_valuer_per_share": 12.87,
            "book_valuer_per_share_4q_avg": 12.91,
            "equity": 1220135,
            "current_ratio": 166.86,
            "debt_ratio": 49.83,
            "inventory_turnover_ratio": 0.93,
            "account_receivable_turnover_ratio": 1,
            "reinvestment_rate": -17.1,
            "research_to_sale_ratio": null,
            "price_fair": 43.23,
            "eps_avg_yearly": 1.24,
            "eps_latest_yearly": 0.92,
            "eps_growth_yearly": 80.35
        },
        "20201": {
            "year_quarter": 20201,
            "year": 2020,
            "quarter": 1,
            "eps": -0.06,
            "eps_growth_year": -126.09,
            "eps_4q": 1.17,
            "eps_4q_growth_year": -11.75,
            "roe": -0.45,
            "roe_4q": 8.950000000000001,
            "gross_profit": 85789,
            "gross_margin": 15.8,
            "gross_margin_4q_avg": 21.35,
            "net_income": -5319,
            "revenue": 543097,
            "common_shares": 958135,
            "book_valuer_per_share": 12.35,
            "book_valuer_per_share_4q_avg": 12.71,
            "equity": 1161476,
            "current_ratio": 161.84,
            "debt_ratio": 51.45,
            "inventory_turnover_ratio": 0.82,
            "account_receivable_turnover_ratio": 0.98,
            "reinvestment_rate": -23.67,
            "research_to_sale_ratio": null,
            "price_fair": 44.8,
            "eps_avg_yearly": 1.28,
            "eps_latest_yearly": 0.92,
            "eps_growth_yearly": 98.01
        },
        "20202": {
            "year_quarter": 20202,
            "year": 2020,
            "quarter": 2,
            "eps": 0.59,
            "eps_growth_year": 15.69,
            "eps_4q": 1.25,
            "eps_4q_growth_year": -5.07,
            "roe": 4.72,
            "roe_4q": 9.7,
            "gross_profit": 164626,
            "gross_margin": 24.55,
            "gross_margin_4q_avg": 22.09,
            "net_income": 55392,
            "revenue": 670522,
            "common_shares": 940000,
            "book_valuer_per_share": 12.74,
            "book_valuer_per_share_4q_avg": 12.7,
            "equity": 1184593,
            "current_ratio": 159.96,
            "debt_ratio": 52.92,
            "inventory_turnover_ratio": 0.82,
            "account_receivable_turnover_ratio": 1.23,
            "reinvestment_rate": -7.8,
            "research_to_sale_ratio": null,
            "price_fair": 44.6,
            "eps_avg_yearly": 1.27,
            "eps_latest_yearly": 0.92,
            "eps_growth_yearly": 64.2
        },
        "20203": {
            "year_quarter": 20203,
            "year": 2020,
            "quarter": 3,
            "eps": 0.35,
            "eps_growth_year": -25.53,
            "eps_4q": 1.11,
            "eps_4q_growth_year": -20.18,
            "roe": 2.66,
            "roe_4q": 8.68,
            "gross_profit": 180463,
            "gross_margin": 23.57,
            "gross_margin_4q_avg": 22.02,
            "net_income": 32161,
            "revenue": 765694,
            "common_shares": 940000,
            "book_valuer_per_share": 13.24,
            "book_valuer_per_share_4q_avg": 12.8,
            "equity": 1231647,
            "current_ratio": 164.38,
            "debt_ratio": 51.98,
            "inventory_turnover_ratio": 0.9,
            "account_receivable_turnover_ratio": 1.17,
            "reinvestment_rate": -5.9,
            "research_to_sale_ratio": null,
            "price_fair": 45,
            "eps_avg_yearly": 1.29,
            "eps_latest_yearly": 1.4,
            "eps_growth_yearly": 55.1
        },
        "20204": {
            "year_quarter": 20204,
            "year": 2020,
            "quarter": 4,
            "eps": 0.15,
            "eps_growth_year": -34.35,
            "eps_4q": 1.03,
            "eps_4q_growth_year": -28.27,
            "roe": 1.11,
            "roe_4q": 8.040000000000001,
            "gross_profit": 141553,
            "gross_margin": 19.19,
            "gross_margin_4q_avg": 20.78,
            "net_income": 13754,
            "revenue": 737725,
            "common_shares": 940000,
            "book_valuer_per_share": 13.49,
            "book_valuer_per_share_4q_avg": 12.96,
            "equity": 1255021,
            "current_ratio": 148.34,
            "debt_ratio": 53.79,
            "inventory_turnover_ratio": 0.87,
            "account_receivable_turnover_ratio": 1.05,
            "reinvestment_rate": 28.93,
            "research_to_sale_ratio": null,
            "price_fair": 43.8,
            "eps_avg_yearly": 1.25,
            "eps_latest_yearly": 0.6,
            "eps_growth_yearly": 42.46
        },
        "20211": {
            "year_quarter": 20211,
            "year": 2021,
            "quarter": 1,
            "eps": 0.36,
            "eps_growth_year": null,
            "eps_4q": 1.45,
            "eps_4q_growth_year": 24.31,
            "roe": 2.72,
            "roe_4q": 11.21,
            "gross_profit": 159981,
            "gross_margin": 19.76,
            "gross_margin_4q_avg": 21.77,
            "net_income": 33463,
            "revenue": 809434,
            "common_shares": 940000,
            "book_valuer_per_share": 12.99,
            "book_valuer_per_share_4q_avg": 13.12,
            "equity": 1208360,
            "current_ratio": 145.56,
            "debt_ratio": 55.24,
            "inventory_turnover_ratio": 0.88,
            "account_receivable_turnover_ratio": 1.15,
            "reinvestment_rate": 28.9,
            "research_to_sale_ratio": null,
            "price_fair": 46,
            "eps_avg_yearly": 1.31,
            "eps_latest_yearly": 1.44,
            "eps_growth_yearly": 96.21
        },
        "20212": {
            "year_quarter": 20212,
            "year": 2021,
            "quarter": 2,
            "eps": 0.26,
            "eps_growth_year": -55.93,
            "eps_4q": 1.11,
            "eps_4q_growth_year": -10.89,
            "roe": 2,
            "roe_4q": 8.490000000000002,
            "gross_profit": 159647,
            "gross_margin": 20.87,
            "gross_margin_4q_avg": 20.85,
            "net_income": 24148,
            "revenue": 765034,
            "common_shares": 940000,
            "book_valuer_per_share": 12.98,
            "book_valuer_per_share_4q_avg": 13.18,
            "equity": 1207246,
            "current_ratio": 144.63,
            "debt_ratio": 55.99,
            "inventory_turnover_ratio": 0.78,
            "account_receivable_turnover_ratio": 1.11,
            "reinvestment_rate": 28.57,
            "research_to_sale_ratio": null,
            "price_fair": 44.3,
            "eps_avg_yearly": 1.27,
            "eps_latest_yearly": 1.04,
            "eps_growth_yearly": 29.09
        },
        "20213": {
            "year_quarter": 20213,
            "year": 2021,
            "quarter": 3,
            "eps": 0.68,
            "eps_growth_year": 94.29,
            "eps_4q": 1.45,
            "eps_4q_growth_year": 30.26,
            "roe": 5.17,
            "roe_4q": 11,
            "gross_profit": 203806,
            "gross_margin": 21.87,
            "gross_margin_4q_avg": 20.42,
            "net_income": 63573,
            "revenue": 932055,
            "common_shares": 940000,
            "book_valuer_per_share": 13.47,
            "book_valuer_per_share_4q_avg": 13.23,
            "equity": 1252942,
            "current_ratio": 150.79,
            "debt_ratio": 54.32,
            "inventory_turnover_ratio": 0.89,
            "account_receivable_turnover_ratio": 1.27,
            "reinvestment_rate": 23.25,
            "research_to_sale_ratio": null,
            "price_fair": 47.7,
            "eps_avg_yearly": 1.36,
            "eps_latest_yearly": 2.72,
            "eps_growth_yearly": 81.23
        },
        "20214": {
            "year_quarter": 20214,
            "year": 2021,
            "quarter": 4,
            "eps": 0.1,
            "eps_growth_year": -30.6,
            "eps_4q": 1.41,
            "eps_4q_growth_year": 36.2,
            "roe": 0.76,
            "roe_4q": 10.65,
            "gross_profit": 159114,
            "gross_margin": 18.35,
            "gross_margin_4q_avg": 20.21,
            "net_income": 9544,
            "revenue": 866915,
            "common_shares": 940000,
            "book_valuer_per_share": 13.65,
            "book_valuer_per_share_4q_avg": 13.27,
            "equity": 1269189,
            "current_ratio": 151.48,
            "debt_ratio": 54.52,
            "inventory_turnover_ratio": 0.83,
            "account_receivable_turnover_ratio": 1.1,
            "reinvestment_rate": 23.06,
            "research_to_sale_ratio": null,
            "price_fair": 46.4,
            "eps_avg_yearly": 1.33,
            "eps_latest_yearly": 0.4,
            "eps_growth_yearly": 66.1
        },
        "20221": {
            "year_quarter": 20221,
            "year": 2022,
            "quarter": 1,
            "eps": 0.56,
            "eps_growth_year": 55.56,
            "eps_4q": 1.61,
            "eps_4q_growth_year": 11.01,
            "roe": 4,
            "roe_4q": 11.93,
            "gross_profit": 190916,
            "gross_margin": 18.96,
            "gross_margin_4q_avg": 20.01,
            "net_income": 52335,
            "revenue": 1006794,
            "common_shares": 930000,
            "book_valuer_per_share": 14.49,
            "book_valuer_per_share_4q_avg": 13.65,
            "equity": 1347247,
            "current_ratio": 160.57,
            "debt_ratio": 52.07,
            "inventory_turnover_ratio": 0.98,
            "account_receivable_turnover_ratio": 1.26,
            "reinvestment_rate": 23.49,
            "research_to_sale_ratio": null,
            "price_fair": 49.8,
            "eps_avg_yearly": 1.42,
            "eps_latest_yearly": 2.24,
            "eps_growth_yearly": 198.77
        },
        "20222": {
            "year_quarter": 20222,
            "year": 2022,
            "quarter": 2,
            "eps": 0.43,
            "eps_growth_year": 65.38,
            "eps_4q": 1.73,
            "eps_4q_growth_year": 55.11,
            "roe": 2.94,
            "roe_4q": 12.87,
            "gross_profit": 176488,
            "gross_margin": 19.82,
            "gross_margin_4q_avg": 19.75,
            "net_income": 39945,
            "revenue": 890341,
            "common_shares": 930000,
            "book_valuer_per_share": 14.76,
            "book_valuer_per_share_4q_avg": 14.09,
            "equity": 1372714,
            "current_ratio": 155.56,
            "debt_ratio": 54.68,
            "inventory_turnover_ratio": 0.88,
            "account_receivable_turnover_ratio": 1.03,
            "reinvestment_rate": 22.33,
            "research_to_sale_ratio": null,
            "price_fair": 49,
            "eps_avg_yearly": 1.4,
            "eps_latest_yearly": 1.72,
            "eps_growth_yearly": 154.48
        },
        "20223": {
            "year_quarter": 20223,
            "year": 2022,
            "quarter": 3,
            "eps": 0.59,
            "eps_growth_year": -13.24,
            "eps_4q": 1.66,
            "eps_4q_growth_year": 14.18,
            "roe": 4.02,
            "roe_4q": 11.719999999999999,
            "gross_profit": 200593,
            "gross_margin": 18.14,
            "gross_margin_4q_avg": 18.82,
            "net_income": 57037,
            "revenue": 1105877,
            "common_shares": 958900,
            "book_valuer_per_share": 15.25,
            "book_valuer_per_share_4q_avg": 14.54,
            "equity": 1462077,
            "current_ratio": 159.29,
            "debt_ratio": 53.94,
            "inventory_turnover_ratio": 1.12,
            "account_receivable_turnover_ratio": 1.09,
            "reinvestment_rate": 22.66,
            "research_to_sale_ratio": null,
            "price_fair": 51,
            "eps_avg_yearly": 1.46,
            "eps_latest_yearly": 2.36,
            "eps_growth_yearly": 171.83
        },
        "20224": {
            "year_quarter": 20224,
            "year": 2022,
            "quarter": 4,
            "eps": 0.36,
            "eps_growth_year": 254.35,
            "eps_4q": 1.92,
            "eps_4q_growth_year": 36.65,
            "roe": 2.37,
            "roe_4q": 13.33,
            "gross_profit": 154896,
            "gross_margin": 17.11,
            "gross_margin_4q_avg": 18.51,
            "net_income": 34873,
            "revenue": 905172,
            "common_shares": 958900,
            "book_valuer_per_share": 15.49,
            "book_valuer_per_share_4q_avg": 15,
            "equity": 1485822,
            "current_ratio": 164.88,
            "debt_ratio": 51.76,
            "inventory_turnover_ratio": 0.96,
            "account_receivable_turnover_ratio": 0.86,
            "reinvestment_rate": 22.26,
            "research_to_sale_ratio": null,
            "price_fair": 52.8,
            "eps_avg_yearly": 1.51,
            "eps_latest_yearly": 1.44,
            "eps_growth_yearly": 176.08
        },
        "20231": {
            "year_quarter": 20231,
            "year": 2023,
            "quarter": 1,
            "eps": 0.31,
            "eps_growth_year": -44.64,
            "eps_4q": 1.68,
            "eps_4q_growth_year": 4.52,
            "roe": 2,
            "roe_4q": 11.33,
            "gross_profit": 131643,
            "gross_margin": 17.65,
            "gross_margin_4q_avg": 18.18,
            "net_income": 29382,
            "revenue": 745986,
            "common_shares": 958900,
            "book_valuer_per_share": 15.19,
            "book_valuer_per_share_4q_avg": 15.17,
            "equity": 1456335,
            "current_ratio": 168.73,
            "debt_ratio": 50,
            "inventory_turnover_ratio": 0.82,
            "account_receivable_turnover_ratio": 0.81,
            "reinvestment_rate": 21.34,
            "research_to_sale_ratio": null,
            "price_fair": 53.6,
            "eps_avg_yearly": 1.53,
            "eps_latest_yearly": 1.24,
            "eps_growth_yearly": 164.17
        }
    },
    "months": {
        "2002-08": {
            "month": "2002-08",
            "price": "60.20",
            "revenue": 346692
        },
        "2002-09": {
            "month": "2002-09",
            "price": "43.56",
            "revenue": 352501
        },
        "2002-10": {
            "month": "2002-10",
            "price": "35.98",
            "revenue": 260074
        },
        "2002-11": {
            "month": "2002-11",
            "price": "29.83",
            "revenue": 250647
        },
        "2002-12": {
            "month": "2002-12",
            "price": "24.74",
            "revenue": 449988
        },
        "2003-01": {
            "month": "2003-01",
            "price": "25.99",
            "revenue": 246668
        },
        "2003-02": {
            "month": "2003-02",
            "price": "22.98",
            "revenue": 189636
        },
        "2003-03": {
            "month": "2003-03",
            "price": "21.09",
            "revenue": 169868
        },
        "2003-04": {
            "month": "2003-04",
            "price": "18.06",
            "revenue": 234125
        },
        "2003-05": {
            "month": "2003-05",
            "price": "13.69",
            "revenue": 197428
        },
        "2003-06": {
            "month": "2003-06",
            "price": "17.44",
            "revenue": 355553
        },
        "2003-07": {
            "month": "2003-07",
            "price": "17.46",
            "revenue": 248360
        },
        "2003-08": {
            "month": "2003-08",
            "price": "14.65",
            "revenue": 229961
        },
        "2003-09": {
            "month": "2003-09",
            "price": "12.61",
            "revenue": 303863
        },
        "2003-10": {
            "month": "2003-10",
            "price": "13.46",
            "revenue": 403283
        },
        "2003-11": {
            "month": "2003-11",
            "price": "13.22",
            "revenue": 400387
        },
        "2003-12": {
            "month": "2003-12",
            "price": "14.79",
            "revenue": 319339
        },
        "2004-01": {
            "month": "2004-01",
            "price": "15.10",
            "revenue": 244678
        },
        "2004-02": {
            "month": "2004-02",
            "price": "15.78",
            "revenue": 170125
        },
        "2004-03": {
            "month": "2004-03",
            "price": "13.92",
            "revenue": 113703
        },
        "2004-04": {
            "month": "2004-04",
            "price": "11.97",
            "revenue": 193726
        },
        "2004-05": {
            "month": "2004-05",
            "price": "7.96",
            "revenue": 119504
        },
        "2004-06": {
            "month": "2004-06",
            "price": "5.66",
            "revenue": 133029
        },
        "2004-07": {
            "month": "2004-07",
            "price": "2.35",
            "revenue": 226494
        },
        "2004-08": {
            "month": "2004-08",
            "price": "1.04",
            "revenue": 53043
        },
        "2004-09": {
            "month": "2004-09",
            "price": "1.29",
            "revenue": 51131
        },
        "2004-10": {
            "month": "2004-10",
            "price": "1.83",
            "revenue": 34164
        },
        "2004-11": {
            "month": "2004-11",
            "price": "1.96",
            "revenue": 28584
        },
        "2005-06": {
            "month": "2005-06",
            "price": "1.63",
            "revenue": 22821
        },
        "2005-07": {
            "month": "2005-07",
            "price": "1.34",
            "revenue": 12297
        },
        "2005-08": {
            "month": "2005-08",
            "price": "1.17",
            "revenue": 19609
        },
        "2005-09": {
            "month": "2005-09",
            "price": "0.94",
            "revenue": 20571
        },
        "2005-10": {
            "month": "2005-10",
            "price": "1.16",
            "revenue": 15967
        },
        "2005-11": {
            "month": "2005-11",
            "price": "1.16",
            "revenue": 16102
        },
        "2005-12": {
            "month": "2005-12",
            "price": "1.12",
            "revenue": 23221
        },
        "2006-01": {
            "month": "2006-01",
            "price": "1.03",
            "revenue": 8778
        },
        "2006-02": {
            "month": "2006-02",
            "price": "0.92",
            "revenue": 11107
        },
        "2006-03": {
            "month": "2006-03",
            "price": "0.80",
            "revenue": 14981
        },
        "2006-04": {
            "month": "2006-04",
            "price": "0.86",
            "revenue": 11277
        },
        "2006-05": {
            "month": "2006-05",
            "price": "1.26",
            "revenue": 17860
        },
        "2006-06": {
            "month": "2006-06",
            "price": "1.53",
            "revenue": 19898
        },
        "2006-07": {
            "month": "2006-07",
            "price": "1.38",
            "revenue": 12253
        },
        "2006-08": {
            "month": "2006-08",
            "price": "1.25",
            "revenue": 16039
        },
        "2006-09": {
            "month": "2006-09",
            "price": "1.19",
            "revenue": 13245
        },
        "2006-10": {
            "month": "2006-10",
            "price": "9.88",
            "revenue": 14598
        },
        "2006-11": {
            "month": "2006-11",
            "price": "10.06",
            "revenue": 22431
        },
        "2006-12": {
            "month": "2006-12",
            "price": "11.39",
            "revenue": 32495
        },
        "2007-01": {
            "month": "2007-01",
            "price": "11.42",
            "revenue": 47791
        },
        "2007-02": {
            "month": "2007-02",
            "price": "10.88",
            "revenue": 38055
        },
        "2007-03": {
            "month": "2007-03",
            "price": "10.32",
            "revenue": 49188
        },
        "2007-04": {
            "month": "2007-04",
            "price": "9.43",
            "revenue": 46217
        },
        "2007-05": {
            "month": "2007-05",
            "price": "8.69",
            "revenue": 46571
        },
        "2007-06": {
            "month": "2007-06",
            "price": "8.72",
            "revenue": 55691
        },
        "2007-07": {
            "month": "2007-07",
            "price": "8.77",
            "revenue": 41734
        },
        "2007-08": {
            "month": "2007-08",
            "price": "9.16",
            "revenue": 58568
        },
        "2007-09": {
            "month": "2007-09",
            "price": "8.49",
            "revenue": 43139
        },
        "2007-10": {
            "month": "2007-10",
            "price": "8.88",
            "revenue": 42769
        },
        "2007-11": {
            "month": "2007-11",
            "price": "8.75",
            "revenue": 46757
        },
        "2007-12": {
            "month": "2007-12",
            "price": "8.36",
            "revenue": 93722
        },
        "2008-01": {
            "month": "2008-01",
            "price": "7.84",
            "revenue": 21335
        },
        "2008-02": {
            "month": "2008-02",
            "price": "7.51",
            "revenue": 39939
        },
        "2008-03": {
            "month": "2008-03",
            "price": "8.75",
            "revenue": 41913
        },
        "2008-04": {
            "month": "2008-04",
            "price": "9.00",
            "revenue": 30936
        },
        "2008-05": {
            "month": "2008-05",
            "price": "9.54",
            "revenue": 33656
        },
        "2008-06": {
            "month": "2008-06",
            "price": "8.84",
            "revenue": 65017
        },
        "2008-07": {
            "month": "2008-07",
            "price": "8.32",
            "revenue": 35122
        },
        "2008-08": {
            "month": "2008-08",
            "price": "9.07",
            "revenue": 39664
        },
        "2008-09": {
            "month": "2008-09",
            "price": "8.65",
            "revenue": 48918
        },
        "2008-10": {
            "month": "2008-10",
            "price": "7.68",
            "revenue": 42709
        },
        "2008-11": {
            "month": "2008-11",
            "price": "6.98",
            "revenue": 42813
        },
        "2008-12": {
            "month": "2008-12",
            "price": "6.52",
            "revenue": 88552
        },
        "2009-01": {
            "month": "2009-01",
            "price": "6.71",
            "revenue": 21218
        },
        "2009-02": {
            "month": "2009-02",
            "price": "7.04",
            "revenue": 43329
        },
        "2009-03": {
            "month": "2009-03",
            "price": "6.90",
            "revenue": 61161
        },
        "2009-04": {
            "month": "2009-04",
            "price": "8.26",
            "revenue": 41111
        },
        "2009-05": {
            "month": "2009-05",
            "price": "8.39",
            "revenue": 40389
        },
        "2009-06": {
            "month": "2009-06",
            "price": "8.89",
            "revenue": 53147
        },
        "2009-07": {
            "month": "2009-07",
            "price": "9.61",
            "revenue": 46603
        },
        "2009-08": {
            "month": "2009-08",
            "price": "9.27",
            "revenue": 39651
        },
        "2009-09": {
            "month": "2009-09",
            "price": "9.12",
            "revenue": 46054
        },
        "2009-10": {
            "month": "2009-10",
            "price": "9.81",
            "revenue": 47563
        },
        "2009-11": {
            "month": "2009-11",
            "price": "10.64",
            "revenue": 58345
        },
        "2009-12": {
            "month": "2009-12",
            "price": "13.55",
            "revenue": 60347
        },
        "2010-01": {
            "month": "2010-01",
            "price": "13.52",
            "revenue": 49281
        },
        "2010-02": {
            "month": "2010-02",
            "price": "12.62",
            "revenue": 41002
        },
        "2010-03": {
            "month": "2010-03",
            "price": "13.61",
            "revenue": 36733
        },
        "2010-04": {
            "month": "2010-04",
            "price": "14.34",
            "revenue": 38189
        },
        "2010-05": {
            "month": "2010-05",
            "price": "13.42",
            "revenue": 45516
        },
        "2010-06": {
            "month": "2010-06",
            "price": "12.91",
            "revenue": 33192
        },
        "2010-07": {
            "month": "2010-07",
            "price": "14.76",
            "revenue": 31551
        },
        "2010-08": {
            "month": "2010-08",
            "price": "14.47",
            "revenue": 43396
        },
        "2010-09": {
            "month": "2010-09",
            "price": "13.35",
            "revenue": 48740
        },
        "2010-10": {
            "month": "2010-10",
            "price": "13.07",
            "revenue": 41689
        },
        "2010-11": {
            "month": "2010-11",
            "price": "12.44",
            "revenue": 36103
        },
        "2010-12": {
            "month": "2010-12",
            "price": "12.06",
            "revenue": 57046
        },
        "2011-01": {
            "month": "2011-01",
            "price": "11.75",
            "revenue": 39259
        },
        "2011-02": {
            "month": "2011-02",
            "price": "11.35",
            "revenue": 81867
        },
        "2011-03": {
            "month": "2011-03",
            "price": "11.23",
            "revenue": 129418
        },
        "2011-04": {
            "month": "2011-04",
            "price": "11.17",
            "revenue": 138479
        },
        "2011-05": {
            "month": "2011-05",
            "price": "10.95",
            "revenue": 120855
        },
        "2011-06": {
            "month": "2011-06",
            "price": "10.71",
            "revenue": 129599
        },
        "2011-07": {
            "month": "2011-07",
            "price": "10.10",
            "revenue": 134487
        },
        "2011-08": {
            "month": "2011-08",
            "price": "9.88",
            "revenue": 149644
        },
        "2011-09": {
            "month": "2011-09",
            "price": "9.82",
            "revenue": 142114
        },
        "2011-10": {
            "month": "2011-10",
            "price": "9.99",
            "revenue": 137439
        },
        "2011-11": {
            "month": "2011-11",
            "price": "10.04",
            "revenue": 116930
        },
        "2011-12": {
            "month": "2011-12",
            "price": "9.86",
            "revenue": 141193
        },
        "2012-01": {
            "month": "2012-01",
            "price": "9.89",
            "revenue": 92905
        },
        "2012-02": {
            "month": "2012-02",
            "price": "12.62",
            "revenue": 100614
        },
        "2012-03": {
            "month": "2012-03",
            "price": "12.98",
            "revenue": 150439
        },
        "2012-04": {
            "month": "2012-04",
            "price": "14.98",
            "revenue": 148137
        },
        "2012-05": {
            "month": "2012-05",
            "price": "14.13",
            "revenue": 157562
        },
        "2012-06": {
            "month": "2012-06",
            "price": "14.10",
            "revenue": 137580
        },
        "2012-07": {
            "month": "2012-07",
            "price": "14.49",
            "revenue": 128029
        },
        "2012-08": {
            "month": "2012-08",
            "price": "14.16",
            "revenue": 146504
        },
        "2012-09": {
            "month": "2012-09",
            "price": "13.28",
            "revenue": 143855
        },
        "2012-10": {
            "month": "2012-10",
            "price": "13.03",
            "revenue": 117252
        },
        "2012-11": {
            "month": "2012-11",
            "price": "12.17",
            "revenue": 143205
        },
        "2012-12": {
            "month": "2012-12",
            "price": "12.23",
            "revenue": 143336
        },
        "2013-01": {
            "month": "2013-01",
            "price": "11.94",
            "revenue": 133020
        },
        "2013-02": {
            "month": "2013-02",
            "price": "11.98",
            "revenue": 78895
        },
        "2013-03": {
            "month": "2013-03",
            "price": "12.13",
            "revenue": 111355
        },
        "2013-04": {
            "month": "2013-04",
            "price": "11.97",
            "revenue": 129471
        },
        "2013-05": {
            "month": "2013-05",
            "price": "12.04",
            "revenue": 144086
        },
        "2013-06": {
            "month": "2013-06",
            "price": "11.00",
            "revenue": 126845
        },
        "2013-07": {
            "month": "2013-07",
            "price": "10.62",
            "revenue": 127224
        },
        "2013-08": {
            "month": "2013-08",
            "price": "10.96",
            "revenue": 112389
        },
        "2013-09": {
            "month": "2013-09",
            "price": "10.96",
            "revenue": 111933
        },
        "2013-10": {
            "month": "2013-10",
            "price": "10.64",
            "revenue": 116303
        },
        "2013-11": {
            "month": "2013-11",
            "price": "11.40",
            "revenue": 117664
        },
        "2013-12": {
            "month": "2013-12",
            "price": "11.36",
            "revenue": 128497
        },
        "2014-01": {
            "month": "2014-01",
            "price": "13.51",
            "revenue": 120080
        },
        "2014-02": {
            "month": "2014-02",
            "price": "13.97",
            "revenue": 102226
        },
        "2014-03": {
            "month": "2014-03",
            "price": "13.08",
            "revenue": 142581
        },
        "2014-04": {
            "month": "2014-04",
            "price": "12.67",
            "revenue": 159612
        },
        "2014-05": {
            "month": "2014-05",
            "price": "12.94",
            "revenue": 159259
        },
        "2014-06": {
            "month": "2014-06",
            "price": "14.18",
            "revenue": 149812
        },
        "2014-07": {
            "month": "2014-07",
            "price": "15.29",
            "revenue": 143914
        },
        "2014-08": {
            "month": "2014-08",
            "price": "13.94",
            "revenue": 130529
        },
        "2014-09": {
            "month": "2014-09",
            "price": "13.08",
            "revenue": 120028
        },
        "2014-10": {
            "month": "2014-10",
            "price": "12.34",
            "revenue": 120626
        },
        "2014-11": {
            "month": "2014-11",
            "price": "12.92",
            "revenue": 135627
        },
        "2014-12": {
            "month": "2014-12",
            "price": "13.01",
            "revenue": 168057
        },
        "2015-01": {
            "month": "2015-01",
            "price": "13.39",
            "revenue": 164760
        },
        "2015-02": {
            "month": "2015-02",
            "price": "13.43",
            "revenue": 93155
        },
        "2015-03": {
            "month": "2015-03",
            "price": "13.40",
            "revenue": 147143
        },
        "2015-04": {
            "month": "2015-04",
            "price": "13.12",
            "revenue": 139805
        },
        "2015-05": {
            "month": "2015-05",
            "price": "12.66",
            "revenue": 159400
        },
        "2015-06": {
            "month": "2015-06",
            "price": "12.05",
            "revenue": 154868
        },
        "2015-07": {
            "month": "2015-07",
            "price": "10.97",
            "revenue": 156405
        },
        "2015-08": {
            "month": "2015-08",
            "price": "10.75",
            "revenue": 135559
        },
        "2015-09": {
            "month": "2015-09",
            "price": "11.14",
            "revenue": 160307
        },
        "2015-10": {
            "month": "2015-10",
            "price": "11.75",
            "revenue": 134783
        },
        "2015-11": {
            "month": "2015-11",
            "price": "11.80",
            "revenue": 153045
        },
        "2015-12": {
            "month": "2015-12",
            "price": "11.75",
            "revenue": 155078
        },
        "2016-01": {
            "month": "2016-01",
            "price": "11.35",
            "revenue": 153819
        },
        "2016-02": {
            "month": "2016-02",
            "price": "11.70",
            "revenue": 93083
        },
        "2016-03": {
            "month": "2016-03",
            "price": "11.80",
            "revenue": 151725
        },
        "2016-04": {
            "month": "2016-04",
            "price": "12.12",
            "revenue": 148928
        },
        "2016-05": {
            "month": "2016-05",
            "price": "11.86",
            "revenue": 170081
        },
        "2016-06": {
            "month": "2016-06",
            "price": "12.08",
            "revenue": 179774
        },
        "2016-07": {
            "month": "2016-07",
            "price": "12.31",
            "revenue": 168078
        },
        "2016-08": {
            "month": "2016-08",
            "price": "13.12",
            "revenue": 174042
        },
        "2016-09": {
            "month": "2016-09",
            "price": "12.92",
            "revenue": 170183
        },
        "2016-10": {
            "month": "2016-10",
            "price": "13.83",
            "revenue": 142666
        },
        "2016-11": {
            "month": "2016-11",
            "price": "12.66",
            "revenue": 165249
        },
        "2016-12": {
            "month": "2016-12",
            "price": "12.59",
            "revenue": 173803
        },
        "2017-01": {
            "month": "2017-01",
            "price": "12.54",
            "revenue": 143842
        },
        "2017-02": {
            "month": "2017-02",
            "price": "12.84",
            "revenue": 136011
        },
        "2017-03": {
            "month": "2017-03",
            "price": "13.22",
            "revenue": 162796
        },
        "2017-04": {
            "month": "2017-04",
            "price": "12.97",
            "revenue": 185476
        },
        "2017-05": {
            "month": "2017-05",
            "price": "13.96",
            "revenue": 190982
        },
        "2017-06": {
            "month": "2017-06",
            "price": "14.81",
            "revenue": 188008
        },
        "2017-07": {
            "month": "2017-07",
            "price": "13.95",
            "revenue": 174867
        },
        "2017-08": {
            "month": "2017-08",
            "price": "14.25",
            "revenue": 196865
        },
        "2017-09": {
            "month": "2017-09",
            "price": "16.47",
            "revenue": 177793
        },
        "2017-10": {
            "month": "2017-10",
            "price": "17.07",
            "revenue": 161128
        },
        "2017-11": {
            "month": "2017-11",
            "price": "15.38",
            "revenue": 183794
        },
        "2017-12": {
            "month": "2017-12",
            "price": "14.52",
            "revenue": 191290
        },
        "2018-01": {
            "month": "2018-01",
            "price": "15.17",
            "revenue": 177284
        },
        "2018-02": {
            "month": "2018-02",
            "price": "13.97",
            "revenue": 149099
        },
        "2018-03": {
            "month": "2018-03",
            "price": "14.60",
            "revenue": 200423
        },
        "2018-04": {
            "month": "2018-04",
            "price": "15.64",
            "revenue": 189977
        },
        "2018-05": {
            "month": "2018-05",
            "price": "15.92",
            "revenue": 212710
        },
        "2018-06": {
            "month": "2018-06",
            "price": "15.86",
            "revenue": 202843
        },
        "2018-07": {
            "month": "2018-07",
            "price": "14.84",
            "revenue": 212390
        },
        "2018-08": {
            "month": "2018-08",
            "price": "14.90",
            "revenue": 221360
        },
        "2018-09": {
            "month": "2018-09",
            "price": "15.13",
            "revenue": 200145
        },
        "2018-10": {
            "month": "2018-10",
            "price": "13.64",
            "revenue": 195983
        },
        "2018-11": {
            "month": "2018-11",
            "price": "13.50",
            "revenue": 202079
        },
        "2018-12": {
            "month": "2018-12",
            "price": "14.30",
            "revenue": 216040
        },
        "2019-01": {
            "month": "2019-01",
            "price": "14.51",
            "revenue": 219836
        },
        "2019-02": {
            "month": "2019-02",
            "price": "15.10",
            "revenue": 147377
        },
        "2019-03": {
            "month": "2019-03",
            "price": "15.52",
            "revenue": 201036
        },
        "2019-04": {
            "month": "2019-04",
            "price": "15.12",
            "revenue": 217968
        },
        "2019-05": {
            "month": "2019-05",
            "price": "14.78",
            "revenue": 221653
        },
        "2019-06": {
            "month": "2019-06",
            "price": "14.80",
            "revenue": 214391
        },
        "2019-07": {
            "month": "2019-07",
            "price": "14.69",
            "revenue": 228535
        },
        "2019-08": {
            "month": "2019-08",
            "price": "14.92",
            "revenue": 218717
        },
        "2019-09": {
            "month": "2019-09",
            "price": "15.30",
            "revenue": 207180
        },
        "2019-10": {
            "month": "2019-10",
            "price": "14.91",
            "revenue": 206335
        },
        "2019-11": {
            "month": "2019-11",
            "price": "15.38",
            "revenue": 210599
        },
        "2019-12": {
            "month": "2019-12",
            "price": "15.59",
            "revenue": 226516
        },
        "2020-01": {
            "month": "2020-01",
            "price": "15.67",
            "revenue": 211399
        },
        "2020-02": {
            "month": "2020-02",
            "price": "15.05",
            "revenue": 128855
        },
        "2020-03": {
            "month": "2020-03",
            "price": "12.64",
            "revenue": 191981
        },
        "2020-04": {
            "month": "2020-04",
            "price": "12.30",
            "revenue": 219761
        },
        "2020-05": {
            "month": "2020-05",
            "price": "13.00",
            "revenue": 229644
        },
        "2020-06": {
            "month": "2020-06",
            "price": "13.08",
            "revenue": 238472
        },
        "2020-07": {
            "month": "2020-07",
            "price": "13.58",
            "revenue": 260761
        },
        "2020-08": {
            "month": "2020-08",
            "price": "14.99",
            "revenue": 250881
        },
        "2020-09": {
            "month": "2020-09",
            "price": "16.41",
            "revenue": 248594
        },
        "2020-10": {
            "month": "2020-10",
            "price": "15.56",
            "revenue": 247367
        },
        "2020-11": {
            "month": "2020-11",
            "price": "14.77",
            "revenue": 256428
        },
        "2020-12": {
            "month": "2020-12",
            "price": "14.91",
            "revenue": 239083
        },
        "2021-01": {
            "month": "2021-01",
            "price": "15.02",
            "revenue": 313235
        },
        "2021-02": {
            "month": "2021-02",
            "price": "14.92",
            "revenue": 219732
        },
        "2021-03": {
            "month": "2021-03",
            "price": "18.63",
            "revenue": 279680
        },
        "2021-04": {
            "month": "2021-04",
            "price": "28.94",
            "revenue": 261969
        },
        "2021-05": {
            "month": "2021-05",
            "price": "21.33",
            "revenue": 238846
        },
        "2021-06": {
            "month": "2021-06",
            "price": "21.21",
            "revenue": 266359
        },
        "2021-07": {
            "month": "2021-07",
            "price": "21.07",
            "revenue": 323338
        },
        "2021-08": {
            "month": "2021-08",
            "price": "21.81",
            "revenue": 325737
        },
        "2021-09": {
            "month": "2021-09",
            "price": "22.48",
            "revenue": 296639
        },
        "2021-10": {
            "month": "2021-10",
            "price": "21.20",
            "revenue": 305668
        },
        "2021-11": {
            "month": "2021-11",
            "price": "22.78",
            "revenue": 256570
        },
        "2021-12": {
            "month": "2021-12",
            "price": "25.37",
            "revenue": 284110
        },
        "2022-01": {
            "month": "2022-01",
            "price": "22.94",
            "revenue": 348186
        },
        "2022-02": {
            "month": "2022-02",
            "price": "23.08",
            "revenue": 286607
        },
        "2022-03": {
            "month": "2022-03",
            "price": "22.41",
            "revenue": 358910
        },
        "2022-04": {
            "month": "2022-04",
            "price": "21.30",
            "revenue": 266302
        },
        "2022-05": {
            "month": "2022-05",
            "price": "20.37",
            "revenue": 299621
        },
        "2022-06": {
            "month": "2022-06",
            "price": "21.09",
            "revenue": 332270
        },
        "2022-07": {
            "month": "2022-07",
            "price": "20.26",
            "revenue": 356402
        },
        "2022-08": {
            "month": "2022-08",
            "price": "21.40",
            "revenue": 393648
        },
        "2022-09": {
            "month": "2022-09",
            "price": "22.05",
            "revenue": 353579
        },
        "2022-10": {
            "month": "2022-10",
            "price": "22.02",
            "revenue": 305580
        },
        "2022-11": {
            "month": "2022-11",
            "price": "21.40",
            "revenue": 315153
        },
        "2022-12": {
            "month": "2022-12",
            "price": "20.44",
            "revenue": 284020
        },
        "2023-01": {
            "month": "2023-01",
            "price": "20.27",
            "revenue": 233247
        },
        "2023-02": {
            "month": "2023-02",
            "price": "21.40",
            "revenue": 253887
        },
        "2023-03": {
            "month": "2023-03",
            "price": "21.73",
            "revenue": 260529
        },
        "2023-04": {
            "month": "2023-04",
            "price": "21.76",
            "revenue": 225600
        },
        "2023-05": {
            "month": "2023-05",
            "price": "21.62",
            "revenue": 233384
        }
    }
}
