{
    "summary": {
        "stock_name": "威強電",
        "stock_id": "3022",
        "category": "電腦及週邊設備",
        "main_business": "本公司為全球工業電腦之供應廠商，專門設計、生產、及銷售各種網<br>路通訊與自動化設備產品。主要產品類有單板/嵌入型/液晶顯示電腦<br>、伺服器、網路儲存設備、工業機箱、介面卡、工作站、電源供應器",
        "website_url": "http://www.ieiworld.com/",
        "ceo": "江重良",
        "pe_ratio": 9,
        "report_year_from": 2001,
        "report_year_to": 2023,
        "age": 22,
        "eps_negative_percentage": 0,
        "eps_growth_avg": {
            "last_all": 9.36,
            "last_2y": 53.09,
            "last_4y": 28.45,
            "last_8y": 14.18,
            "last_12y": 18.13,
            "last_16y": 11.15,
            "last_20y": 9.36,
            "at_2006_last_3y": 5.75,
            "at_2007_last_3y": 0.43,
            "at_2008_last_3y": 6.28,
            "at_2009_last_3y": -11.53,
            "at_2010_last_3y": 12.2,
            "at_2011_last_3y": 22.25,
            "at_2012_last_3y": 16.31,
            "at_2013_last_3y": 27.03,
            "at_2014_last_3y": 11.27,
            "at_2015_last_3y": -9.2,
            "at_2016_last_3y": 4.86,
            "at_2017_last_3y": -3.66,
            "at_2018_last_3y": -9.44,
            "at_2019_last_3y": -8.07,
            "at_2020_last_3y": 12.63,
            "at_2021_last_3y": 17.5,
            "at_2022_last_3y": 35.03,
            "at_2023_last_3y": 35.03,
            "at_2006_last_all": 0.07,
            "at_2007_last_all": 2.9,
            "at_2008_last_all": 0.3,
            "at_2009_last_all": -4.89,
            "at_2010_last_all": 5.46,
            "at_2011_last_all": 10.64,
            "at_2012_last_all": 6.12,
            "at_2013_last_all": 5.75,
            "at_2014_last_all": 7.25,
            "at_2015_last_all": 4.97,
            "at_2016_last_all": 5.79,
            "at_2017_last_all": 3.4,
            "at_2018_last_all": 3.32,
            "at_2019_last_all": 2.07,
            "at_2020_last_all": 7.23,
            "at_2021_last_all": 6.22,
            "at_2022_last_all": 9.36,
            "at_2023_last_all": 9.36
        },
        "latest_eps": 9.28,
        "latest_price": 80.1,
        "latest_roe": 18.58,
        "latest_gross_margin": 35.98,
        "latest_equity": 9438191,
        "latest_revenue": 1913890,
        "latest_gross_profit": 688587,
        "latest_net_income": 344764,
        "latest_debt_ratio": 32.44,
        "latest_current_ratio": 277.68,
        "latest_account_receivable_turnover_ratio": 1.55,
        "latest_inventory_turnover_ratio": 0.9,
        "latest_reinvestment_rate": 18.73,
        "latest_research_to_sale_ratio": 7.13
    },
    "eps_dividends": {
        "2000": {
            "cash": 0,
            "stock": 4.5,
            "eps": 0
        },
        "2001": {
            "cash": 0,
            "stock": 2.5,
            "eps": 4.42
        },
        "2002": {
            "cash": 0,
            "stock": 2.5,
            "eps": 3.42
        },
        "2003": {
            "cash": 1.5,
            "stock": 2.5,
            "eps": 4.73
        },
        "2004": {
            "cash": 1.53,
            "stock": 0.51,
            "eps": 2.9
        },
        "2005": {
            "cash": 1.3,
            "stock": 0.5,
            "eps": 3.77
        },
        "2006": {
            "cash": 1.02,
            "stock": 0.31,
            "eps": 3.52
        },
        "2007": {
            "cash": 3.5,
            "stock": 0.5,
            "eps": 4.12
        },
        "2008": {
            "cash": 2.53,
            "stock": 0.51,
            "eps": 3.49
        },
        "2009": {
            "cash": 0.2,
            "stock": 0.51,
            "eps": 2.05
        },
        "2010": {
            "cash": 1.96,
            "stock": 0,
            "eps": 3.86
        },
        "2011": {
            "cash": 6,
            "stock": 3,
            "eps": 6.07
        },
        "2012": {
            "cash": 0,
            "stock": 0,
            "eps": 3.7
        },
        "2013": {
            "cash": 1.5,
            "stock": 0.5,
            "eps": 3.76
        },
        "2014": {
            "cash": 4.8,
            "stock": 0.6,
            "eps": 4.71
        },
        "2015": {
            "cash": 2.5,
            "stock": 0,
            "eps": 3.55
        },
        "2016": {
            "cash": 2,
            "stock": 0,
            "eps": 4.16
        },
        "2017": {
            "cash": 3,
            "stock": 0,
            "eps": 2.81
        },
        "2018": {
            "cash": 0.5,
            "stock": 0,
            "eps": 2.87
        },
        "2019": {
            "cash": 1.5,
            "stock": 0,
            "eps": 2.32
        },
        "2020": {
            "cash": 1,
            "stock": 0,
            "eps": 5.63
        },
        "2021": {
            "cash": 2,
            "stock": 0,
            "eps": 4.9
        },
        "2022": {
            "cash": 3,
            "stock": 0,
            "eps": 8.44
        },
        "2023": {
            "cash": 3.5,
            "stock": 0,
            "eps": 4.09
        }
    },
    "dividends": {
        "2000-04-15": {
            "cash": 0,
            "stock": 4.5
        },
        "2001-06-21": {
            "cash": 0,
            "stock": 2.5
        },
        "2002-04-22": {
            "cash": 0,
            "stock": 2.5
        },
        "2003-04-28": {
            "cash": 1.5,
            "stock": 2.5
        },
        "2004-04-27": {
            "cash": 1.53,
            "stock": 0.51
        },
        "2005-07-20": {
            "cash": 1.3,
            "stock": 0.5
        },
        "2006-04-27": {
            "cash": 1.02,
            "stock": 0.31
        },
        "2007-04-10": {
            "cash": 3.5,
            "stock": 0.5
        },
        "2008-03-25": {
            "cash": 2.53,
            "stock": 0.51
        },
        "2009-03-24": {
            "cash": 0.2,
            "stock": 0.51
        },
        "2010-03-25": {
            "cash": 1.96,
            "stock": 0
        },
        "2011-01-01": {
            "cash": 3,
            "stock": 3
        },
        "2011-03-16": {
            "cash": 3,
            "stock": 0
        },
        "2013-03-25": {
            "cash": 1.5,
            "stock": 0.5
        },
        "2014-11-19": {
            "cash": 4.8,
            "stock": 0.6
        },
        "2015-09-10": {
            "cash": 2.5,
            "stock": 0
        },
        "2016-09-14": {
            "cash": 2,
            "stock": 0
        },
        "2017-11-16": {
            "cash": 3,
            "stock": 0
        },
        "2018-08-31": {
            "cash": 0.5,
            "stock": 0
        },
        "2019-08-30": {
            "cash": 1.5,
            "stock": 0
        },
        "2020-09-10": {
            "cash": 1,
            "stock": 0
        },
        "2021-09-17": {
            "cash": 2,
            "stock": 0
        },
        "2022-08-12": {
            "cash": 3,
            "stock": 0
        },
        "2023-08-18": {
            "cash": 3.5,
            "stock": 0
        }
    },
    "prices": {
        "200101": "無",
        "200102": "無",
        "200103": "無",
        "200104": "無",
        "200105": "無",
        "200106": "無",
        "200107": "無",
        "200108": "無",
        "200109": "無",
        "200110": "無",
        "200111": "無",
        "200112": "無",
        "200201": "無",
        "200202": "無",
        "200203": "無",
        "200204": "無",
        "200205": "無",
        "200206": "無",
        "200207": "無",
        "200208": "37.56",
        "200209": "36.94",
        "200210": "32.89",
        "200211": "34.41",
        "200212": "34.02",
        "200301": "34.22",
        "200302": "33.17",
        "200303": "33.05",
        "200304": "41.15",
        "200305": "55.71",
        "200306": "60.58",
        "200307": "62.02",
        "200308": "69.02",
        "200309": "68.50",
        "200310": "69.86",
        "200311": "53.65",
        "200312": "55.00",
        "200401": "60.60",
        "200402": "59.48",
        "200403": "50.40",
        "200404": "44.17",
        "200405": "31.90",
        "200406": "29.20",
        "200407": "28.33",
        "200408": "27.51",
        "200409": "31.50",
        "200410": "33.80",
        "200411": "29.90",
        "200412": "29.71",
        "200501": "28.26",
        "200502": "29.64",
        "200503": "32.23",
        "200504": "39.92",
        "200505": "39.87",
        "200506": "38.08",
        "200507": "42.57",
        "200508": "42.02",
        "200509": "35.11",
        "200510": "29.94",
        "200511": "30.04",
        "200512": "32.73",
        "200601": "32.63",
        "200602": "30.25",
        "200603": "28.49",
        "200604": "29.79",
        "200605": "30.42",
        "200606": "26.56",
        "200607": "25.96",
        "200608": "26.11",
        "200609": "26.87",
        "200610": "26.34",
        "200611": "26.71",
        "200612": "28.99",
        "200701": "30.64",
        "200702": "30.78",
        "200703": "37.54",
        "200704": "42.60",
        "200705": "44.76",
        "200706": "55.06",
        "200707": "70.60",
        "200708": "72.52",
        "200709": "72.46",
        "200710": "69.44",
        "200711": "52.39",
        "200712": "45.89",
        "200801": "42.37",
        "200802": "42.34",
        "200803": "48.74",
        "200804": "54.50",
        "200805": "51.97",
        "200806": "41.82",
        "200807": "36.90",
        "200808": "38.38",
        "200809": "36.07",
        "200810": "29.28",
        "200811": "24.34",
        "200812": "24.35",
        "200901": "25.61",
        "200902": "25.35",
        "200903": "26.97",
        "200904": "26.84",
        "200905": "29.61",
        "200906": "28.59",
        "200907": "31.40",
        "200908": "35.82",
        "200909": "38.88",
        "200910": "36.36",
        "200911": "34.74",
        "200912": "36.98",
        "201001": "37.70",
        "201002": "34.31",
        "201003": "37.28",
        "201004": "39.73",
        "201005": "37.64",
        "201006": "38.64",
        "201007": "39.15",
        "201008": "38.86",
        "201009": "42.14",
        "201010": "42.89",
        "201011": "40.08",
        "201012": "42.44",
        "201101": "43.29",
        "201102": "45.45",
        "201103": "53.34",
        "201104": "60.00",
        "201105": "60.64",
        "201106": "56.42",
        "201107": "47.35",
        "201108": "38.55",
        "201109": "39.54",
        "201110": "40.94",
        "201111": "43.55",
        "201112": "38.69",
        "201201": "39.33",
        "201202": "43.94",
        "201203": "44.55",
        "201204": "40.60",
        "201205": "41.64",
        "201206": "45.06",
        "201207": "48.98",
        "201208": "50.82",
        "201209": "53.52",
        "201210": "49.18",
        "201211": "37.33",
        "201212": "40.23",
        "201301": "38.95",
        "201302": "39.39",
        "201303": "39.48",
        "201304": "37.77",
        "201305": "38.54",
        "201306": "36.59",
        "201307": "35.70",
        "201308": "37.25",
        "201309": "37.25",
        "201310": "39.11",
        "201311": "37.41",
        "201312": "39.14",
        "201401": "52.24",
        "201402": "56.41",
        "201403": "63.14",
        "201404": "47.00",
        "201405": "46.64",
        "201406": "53.42",
        "201407": "54.67",
        "201408": "56.28",
        "201409": "59.56",
        "201410": "50.48",
        "201411": "47.25",
        "201412": "48.64",
        "201501": "50.42",
        "201502": "50.12",
        "201503": "54.19",
        "201504": "55.56",
        "201505": "53.10",
        "201506": "52.95",
        "201507": "48.42",
        "201508": "38.72",
        "201509": "39.05",
        "201510": "41.45",
        "201511": "40.81",
        "201512": "39.39",
        "201601": "38.32",
        "201602": "39.77",
        "201603": "40.22",
        "201604": "36.54",
        "201605": "36.12",
        "201606": "38.50",
        "201607": "39.78",
        "201608": "42.06",
        "201609": "44.63",
        "201610": "46.58",
        "201611": "46.50",
        "201612": "46.33",
        "201701": "46.10",
        "201702": "46.64",
        "201703": "49.93",
        "201704": "46.50",
        "201705": "46.66",
        "201706": "47.44",
        "201707": "46.20",
        "201708": "45.39",
        "201709": "45.91",
        "201710": "42.89",
        "201711": "41.59",
        "201712": "40.61",
        "201801": "39.88",
        "201802": "40.18",
        "201803": "38.67",
        "201804": "36.86",
        "201805": "33.79",
        "201806": "37.12",
        "201807": "36.52",
        "201808": "36.88",
        "201809": "37.68",
        "201810": "33.35",
        "201811": "32.65",
        "201812": "34.36",
        "201901": "35.14",
        "201902": "36.34",
        "201903": "34.56",
        "201904": "34.09",
        "201905": "32.96",
        "201906": "32.72",
        "201907": "34.08",
        "201908": "34.28",
        "201909": "51.61",
        "201910": "55.72",
        "201911": "54.22",
        "201912": "53.30",
        "202001": "52.58",
        "202002": "47.69",
        "202003": "36.50",
        "202004": "33.24",
        "202005": "39.52",
        "202006": "43.41",
        "202007": "47.97",
        "202008": "47.91",
        "202009": "44.51",
        "202010": "43.62",
        "202011": "46.04",
        "202012": "50.55",
        "202101": "53.04",
        "202102": "51.75",
        "202103": "54.91",
        "202104": "58.41",
        "202105": "50.68",
        "202106": "50.34",
        "202107": "51.78",
        "202108": "48.30",
        "202109": "45.22",
        "202110": "43.98",
        "202111": "44.33",
        "202112": "45.19",
        "202201": "45.71",
        "202202": "46.62",
        "202203": "46.12",
        "202204": "45.50",
        "202205": "44.35",
        "202206": "44.66",
        "202207": "49.34",
        "202208": "63.16",
        "202209": "67.35",
        "202210": "54.56",
        "202211": "63.23",
        "202212": "75.38",
        "202301": "72.12",
        "202302": "79.77",
        "202303": "80.45",
        "202304": "81.61",
        "202305": "87.17",
        "202306": "91.68",
        "202307": "86.47",
        "202308": "79.91",
        "202309": "80.93"
    },
    "quarters": {
        "20011": {
            "year_quarter": 20011,
            "year": 2001,
            "quarter": 1,
            "eps": 1.14,
            "eps_growth_year": 62.86,
            "eps_4q": 3.3,
            "eps_4q_growth_year": null,
            "roe": 6.44,
            "roe_4q": 6.44,
            "gross_profit": 154563,
            "gross_margin": 36.97,
            "gross_margin_4q_avg": 36.97,
            "net_income": 76572,
            "revenue": 418079,
            "common_shares": 672478,
            "book_valuer_per_share": 18.25,
            "book_valuer_per_share_4q_avg": 18.25,
            "equity": 1227432,
            "current_ratio": 259.39,
            "debt_ratio": 20.46,
            "inventory_turnover_ratio": 1.12,
            "account_receivable_turnover_ratio": null,
            "reinvestment_rate": null,
            "research_to_sale_ratio": null,
            "price_fair": 0,
            "eps_avg_yearly": 0,
            "eps_latest_yearly": 0,
            "eps_growth_yearly": 0
        },
        "20012": {
            "year_quarter": 20012,
            "year": 2001,
            "quarter": 2,
            "eps": 1.46,
            "eps_growth_year": 124.62,
            "eps_4q": 4.11,
            "eps_4q_growth_year": null,
            "roe": 7.68,
            "roe_4q": 14.120000000000001,
            "gross_profit": 167069,
            "gross_margin": 38.29,
            "gross_margin_4q_avg": 37.63,
            "net_income": 97984,
            "revenue": 436379,
            "common_shares": 672478,
            "book_valuer_per_share": 19.69,
            "book_valuer_per_share_4q_avg": 18.97,
            "equity": 1323825,
            "current_ratio": 306.21,
            "debt_ratio": 16.02,
            "inventory_turnover_ratio": 1.01,
            "account_receivable_turnover_ratio": null,
            "reinvestment_rate": null,
            "research_to_sale_ratio": null,
            "price_fair": 0,
            "eps_avg_yearly": 0,
            "eps_latest_yearly": 0,
            "eps_growth_yearly": 0
        },
        "20013": {
            "year_quarter": 20013,
            "year": 2001,
            "quarter": 3,
            "eps": 0.81,
            "eps_growth_year": 32.79,
            "eps_4q": 3.55,
            "eps_4q_growth_year": null,
            "roe": 5.09,
            "roe_4q": 19.21,
            "gross_profit": 168762,
            "gross_margin": 40.08,
            "gross_margin_4q_avg": 38.45,
            "net_income": 69225,
            "revenue": 421046,
            "common_shares": 853330,
            "book_valuer_per_share": 16.36,
            "book_valuer_per_share_4q_avg": 18.1,
            "equity": 1396025,
            "current_ratio": 314.36,
            "debt_ratio": 15.74,
            "inventory_turnover_ratio": 0.88,
            "account_receivable_turnover_ratio": null,
            "reinvestment_rate": null,
            "research_to_sale_ratio": null,
            "price_fair": 0,
            "eps_avg_yearly": 0,
            "eps_latest_yearly": 0,
            "eps_growth_yearly": 0
        },
        "20014": {
            "year_quarter": 20014,
            "year": 2001,
            "quarter": 4,
            "eps": 1.01,
            "eps_growth_year": 13.48,
            "eps_4q": 3.86,
            "eps_4q_growth_year": 46.44,
            "roe": 6,
            "roe_4q": 25.21,
            "gross_profit": 184826,
            "gross_margin": 39.57,
            "gross_margin_4q_avg": 38.73,
            "net_income": 86426,
            "revenue": 467117,
            "common_shares": 853331,
            "book_valuer_per_share": 17.39,
            "book_valuer_per_share_4q_avg": 17.92,
            "equity": 1484023,
            "current_ratio": 403.21,
            "debt_ratio": 13.71,
            "inventory_turnover_ratio": 1.04,
            "account_receivable_turnover_ratio": null,
            "reinvestment_rate": null,
            "research_to_sale_ratio": null,
            "price_fair": 0,
            "eps_avg_yearly": 0,
            "eps_latest_yearly": 0,
            "eps_growth_yearly": 0
        },
        "20021": {
            "year_quarter": 20021,
            "year": 2002,
            "quarter": 1,
            "eps": 0.9,
            "eps_growth_year": -21.05,
            "eps_4q": 3.89,
            "eps_4q_growth_year": 17.93,
            "roe": 5.02,
            "roe_4q": 23.79,
            "gross_profit": 199054,
            "gross_margin": 37.37,
            "gross_margin_4q_avg": 38.83,
            "net_income": 76435,
            "revenue": 532608,
            "common_shares": 853331,
            "book_valuer_per_share": 18.29,
            "book_valuer_per_share_4q_avg": 17.93,
            "equity": 1560628,
            "current_ratio": 335.71,
            "debt_ratio": 17.02,
            "inventory_turnover_ratio": 1.26,
            "account_receivable_turnover_ratio": null,
            "reinvestment_rate": null,
            "research_to_sale_ratio": null,
            "price_fair": 10.8,
            "eps_avg_yearly": 3.6,
            "eps_latest_yearly": 3.6,
            "eps_growth_yearly": -43.56
        },
        "20022": {
            "year_quarter": 20022,
            "year": 2002,
            "quarter": 2,
            "eps": 0.77,
            "eps_growth_year": -47.26,
            "eps_4q": 2.91,
            "eps_4q_growth_year": -29.23,
            "roe": 5.24,
            "roe_4q": 21.349999999999998,
            "gross_profit": 217978,
            "gross_margin": 38.25,
            "gross_margin_4q_avg": 38.82,
            "net_income": 83649,
            "revenue": 569897,
            "common_shares": 1090438,
            "book_valuer_per_share": 14.97,
            "book_valuer_per_share_4q_avg": 16.75,
            "equity": 1632448,
            "current_ratio": 401.32,
            "debt_ratio": 13.64,
            "inventory_turnover_ratio": 1.19,
            "account_receivable_turnover_ratio": null,
            "reinvestment_rate": null,
            "research_to_sale_ratio": null,
            "price_fair": 10.02,
            "eps_avg_yearly": 3.34,
            "eps_latest_yearly": 3.08,
            "eps_growth_yearly": -50.67
        },
        "20023": {
            "year_quarter": 20023,
            "year": 2002,
            "quarter": 3,
            "eps": 0.81,
            "eps_growth_year": 0,
            "eps_4q": 3.06,
            "eps_4q_growth_year": -13.75,
            "roe": 5.27,
            "roe_4q": 21.53,
            "gross_profit": 199845,
            "gross_margin": 36.57,
            "gross_margin_4q_avg": 37.94,
            "net_income": 88622,
            "revenue": 546403,
            "common_shares": 1090438,
            "book_valuer_per_share": 15.87,
            "book_valuer_per_share_4q_avg": 16.63,
            "equity": 1730525,
            "current_ratio": 389.35,
            "debt_ratio": 14.95,
            "inventory_turnover_ratio": 1.07,
            "account_receivable_turnover_ratio": null,
            "reinvestment_rate": null,
            "research_to_sale_ratio": null,
            "price_fair": 9.92,
            "eps_avg_yearly": 3.31,
            "eps_latest_yearly": 3.24,
            "eps_growth_yearly": -26.85
        },
        "20024": {
            "year_quarter": 20024,
            "year": 2002,
            "quarter": 4,
            "eps": 0.94,
            "eps_growth_year": -6.93,
            "eps_4q": 3.22,
            "eps_4q_growth_year": -16.64,
            "roe": 5.76,
            "roe_4q": 21.29,
            "gross_profit": 232929,
            "gross_margin": 37.32,
            "gross_margin_4q_avg": 37.38,
            "net_income": 102675,
            "revenue": 624207,
            "common_shares": 1090438,
            "book_valuer_per_share": 16.81,
            "book_valuer_per_share_4q_avg": 16.49,
            "equity": 1832795,
            "current_ratio": 437.83,
            "debt_ratio": 15.2,
            "inventory_turnover_ratio": 1.16,
            "account_receivable_turnover_ratio": null,
            "reinvestment_rate": null,
            "research_to_sale_ratio": null,
            "price_fair": 10.26,
            "eps_avg_yearly": 3.42,
            "eps_latest_yearly": 3.76,
            "eps_growth_yearly": -4.09
        },
        "20031": {
            "year_quarter": 20031,
            "year": 2003,
            "quarter": 1,
            "eps": 1.58,
            "eps_growth_year": 75.56,
            "eps_4q": 4.1,
            "eps_4q_growth_year": 5.39,
            "roe": 9,
            "roe_4q": 25.270000000000003,
            "gross_profit": 285817,
            "gross_margin": 39.84,
            "gross_margin_4q_avg": 38,
            "net_income": 172656,
            "revenue": 717361,
            "common_shares": 1090438,
            "book_valuer_per_share": 18.39,
            "book_valuer_per_share_4q_avg": 16.51,
            "equity": 2005412,
            "current_ratio": 332.68,
            "debt_ratio": 17.48,
            "inventory_turnover_ratio": 1.21,
            "account_receivable_turnover_ratio": null,
            "reinvestment_rate": null,
            "research_to_sale_ratio": null,
            "price_fair": 140,
            "eps_avg_yearly": 4,
            "eps_latest_yearly": 6.32,
            "eps_growth_yearly": 51.2
        },
        "20032": {
            "year_quarter": 20032,
            "year": 2003,
            "quarter": 2,
            "eps": 1.42,
            "eps_growth_year": 84.42,
            "eps_4q": 4.75,
            "eps_4q_growth_year": 63.47,
            "roe": 7.76,
            "roe_4q": 27.789999999999996,
            "gross_profit": 270702,
            "gross_margin": 37.88,
            "gross_margin_4q_avg": 37.9,
            "net_income": 155152,
            "revenue": 714704,
            "common_shares": 1090438,
            "book_valuer_per_share": 18.27,
            "book_valuer_per_share_4q_avg": 17.34,
            "equity": 1992276,
            "current_ratio": 255.45,
            "debt_ratio": 23.48,
            "inventory_turnover_ratio": 1.07,
            "account_receivable_turnover_ratio": null,
            "reinvestment_rate": null,
            "research_to_sale_ratio": null,
            "price_fair": 149.8,
            "eps_avg_yearly": 4.28,
            "eps_latest_yearly": 5.68,
            "eps_growth_yearly": 35.91
        },
        "20033": {
            "year_quarter": 20033,
            "year": 2003,
            "quarter": 3,
            "eps": 0.98,
            "eps_growth_year": 20.99,
            "eps_4q": 4.91,
            "eps_4q_growth_year": 60.24,
            "roe": 5.26,
            "roe_4q": 27.78,
            "gross_profit": 216827,
            "gross_margin": 34.48,
            "gross_margin_4q_avg": 37.38,
            "net_income": 107391,
            "revenue": 628779,
            "common_shares": 1090438,
            "book_valuer_per_share": 19.19,
            "book_valuer_per_share_4q_avg": 18.17,
            "equity": 2093072,
            "current_ratio": 250.83,
            "debt_ratio": 22.72,
            "inventory_turnover_ratio": 0.86,
            "account_receivable_turnover_ratio": null,
            "reinvestment_rate": null,
            "research_to_sale_ratio": null,
            "price_fair": 97.57,
            "eps_avg_yearly": 4.23,
            "eps_latest_yearly": 3.92,
            "eps_growth_yearly": 13.08
        },
        "20034": {
            "year_quarter": 20034,
            "year": 2003,
            "quarter": 4,
            "eps": 0.75,
            "eps_growth_year": -20.21,
            "eps_4q": 3.89,
            "eps_4q_growth_year": 20.93,
            "roe": 4.84,
            "roe_4q": 26.86,
            "gross_profit": 256784,
            "gross_margin": 32.98,
            "gross_margin_4q_avg": 36.3,
            "net_income": 103936,
            "revenue": 778639,
            "common_shares": 1388348,
            "book_valuer_per_share": 15.84,
            "book_valuer_per_share_4q_avg": 17.92,
            "equity": 2198829,
            "current_ratio": 345.06,
            "debt_ratio": 17.47,
            "inventory_turnover_ratio": 1,
            "account_receivable_turnover_ratio": null,
            "reinvestment_rate": 32.01,
            "research_to_sale_ratio": null,
            "price_fair": 12.23,
            "eps_avg_yearly": 4.08,
            "eps_latest_yearly": 3,
            "eps_growth_yearly": -0.29
        },
        "20041": {
            "year_quarter": 20041,
            "year": 2004,
            "quarter": 1,
            "eps": 0.59,
            "eps_growth_year": -62.66,
            "eps_4q": 3.25,
            "eps_4q_growth_year": -20.73,
            "roe": 3.64,
            "roe_4q": 21.5,
            "gross_profit": 221015,
            "gross_margin": 31.18,
            "gross_margin_4q_avg": 34.13,
            "net_income": 81382,
            "revenue": 708824,
            "common_shares": 1388348,
            "book_valuer_per_share": 16.34,
            "book_valuer_per_share_4q_avg": 17.41,
            "equity": 2269248,
            "current_ratio": 303.23,
            "debt_ratio": 15.81,
            "inventory_turnover_ratio": 0.99,
            "account_receivable_turnover_ratio": null,
            "reinvestment_rate": 27.83,
            "research_to_sale_ratio": null,
            "price_fair": 11.65,
            "eps_avg_yearly": 3.88,
            "eps_latest_yearly": 2.36,
            "eps_growth_yearly": -9.74
        },
        "20042": {
            "year_quarter": 20042,
            "year": 2004,
            "quarter": 2,
            "eps": 0.86,
            "eps_growth_year": -39.44,
            "eps_4q": 2.96,
            "eps_4q_growth_year": -37.73,
            "roe": 5.46,
            "roe_4q": 19.2,
            "gross_profit": 230283,
            "gross_margin": 30.13,
            "gross_margin_4q_avg": 32.19,
            "net_income": 119952,
            "revenue": 764243,
            "common_shares": 1388348,
            "book_valuer_per_share": 15.28,
            "book_valuer_per_share_4q_avg": 16.66,
            "equity": 2122028,
            "current_ratio": 192.59,
            "debt_ratio": 25.85,
            "inventory_turnover_ratio": 1.33,
            "account_receivable_turnover_ratio": null,
            "reinvestment_rate": 28.06,
            "research_to_sale_ratio": null,
            "price_fair": 75.02,
            "eps_avg_yearly": 3.84,
            "eps_latest_yearly": 3.44,
            "eps_growth_yearly": 9.54
        },
        "20043": {
            "year_quarter": 20043,
            "year": 2004,
            "quarter": 3,
            "eps": 1.24,
            "eps_growth_year": 26.53,
            "eps_4q": 3.45,
            "eps_4q_growth_year": -29.77,
            "roe": 7.81,
            "roe_4q": 21.75,
            "gross_profit": 293438,
            "gross_margin": 34.7,
            "gross_margin_4q_avg": 32.25,
            "net_income": 171502,
            "revenue": 845671,
            "common_shares": 1388348,
            "book_valuer_per_share": 16.36,
            "book_valuer_per_share_4q_avg": 15.96,
            "equity": 2271327,
            "current_ratio": 202.37,
            "debt_ratio": 26.44,
            "inventory_turnover_ratio": 1.31,
            "account_receivable_turnover_ratio": null,
            "reinvestment_rate": 26.84,
            "research_to_sale_ratio": null,
            "price_fair": 136.93,
            "eps_avg_yearly": 3.94,
            "eps_latest_yearly": 4.96,
            "eps_growth_yearly": 24.74
        },
        "20044": {
            "year_quarter": 20044,
            "year": 2004,
            "quarter": 4,
            "eps": 0.21,
            "eps_growth_year": -72,
            "eps_4q": 2.73,
            "eps_4q_growth_year": -29.84,
            "roe": 1.37,
            "roe_4q": 18.28,
            "gross_profit": 265090,
            "gross_margin": 33.37,
            "gross_margin_4q_avg": 32.35,
            "net_income": 31076,
            "revenue": 794359,
            "common_shares": 1484937,
            "book_valuer_per_share": 15.32,
            "book_valuer_per_share_4q_avg": 15.83,
            "equity": 2275662,
            "current_ratio": 213.08,
            "debt_ratio": 24.45,
            "inventory_turnover_ratio": 1.18,
            "account_receivable_turnover_ratio": null,
            "reinvestment_rate": 32.32,
            "research_to_sale_ratio": null,
            "price_fair": 11.05,
            "eps_avg_yearly": 3.68,
            "eps_latest_yearly": 0.84,
            "eps_growth_yearly": -5.01
        },
        "20051": {
            "year_quarter": 20051,
            "year": 2005,
            "quarter": 1,
            "eps": 1.24,
            "eps_growth_year": 110.17,
            "eps_4q": 3.45,
            "eps_4q_growth_year": 6.37,
            "roe": 7.64,
            "roe_4q": 22.28,
            "gross_profit": 217530,
            "gross_margin": 27.22,
            "gross_margin_4q_avg": 31.36,
            "net_income": 180668,
            "revenue": 799277,
            "common_shares": 1484937,
            "book_valuer_per_share": 16.53,
            "book_valuer_per_share_4q_avg": 15.87,
            "equity": 2454656,
            "current_ratio": 278.72,
            "debt_ratio": 17.9,
            "inventory_turnover_ratio": 1.6,
            "account_receivable_turnover_ratio": null,
            "reinvestment_rate": 5.24,
            "research_to_sale_ratio": null,
            "price_fair": 132.35,
            "eps_avg_yearly": 3.78,
            "eps_latest_yearly": 4.96,
            "eps_growth_yearly": 146.29
        },
        "20052": {
            "year_quarter": 20052,
            "year": 2005,
            "quarter": 2,
            "eps": 1.19,
            "eps_growth_year": 38.37,
            "eps_4q": 3.82,
            "eps_4q_growth_year": 29.05,
            "roe": 7.01,
            "roe_4q": 23.83,
            "gross_profit": 279509,
            "gross_margin": 34.1,
            "gross_margin_4q_avg": 32.35,
            "net_income": 173543,
            "revenue": 819739,
            "common_shares": 1484937,
            "book_valuer_per_share": 16.82,
            "book_valuer_per_share_4q_avg": 16.26,
            "equity": 2498355,
            "current_ratio": 223.95,
            "debt_ratio": 24.83,
            "inventory_turnover_ratio": 1.85,
            "account_receivable_turnover_ratio": null,
            "reinvestment_rate": 5.27,
            "research_to_sale_ratio": null,
            "price_fair": 134.8,
            "eps_avg_yearly": 3.85,
            "eps_latest_yearly": 4.76,
            "eps_growth_yearly": 134.69
        },
        "20053": {
            "year_quarter": 20053,
            "year": 2005,
            "quarter": 3,
            "eps": 1.3,
            "eps_growth_year": 4.84,
            "eps_4q": 3.93,
            "eps_4q_growth_year": 13.89,
            "roe": 7.3,
            "roe_4q": 23.32,
            "gross_profit": 216962,
            "gross_margin": 35.16,
            "gross_margin_4q_avg": 32.46,
            "net_income": 190733,
            "revenue": 616982,
            "common_shares": 1484937,
            "book_valuer_per_share": 18.34,
            "book_valuer_per_share_4q_avg": 16.75,
            "equity": 2723889,
            "current_ratio": 307.52,
            "debt_ratio": 18.75,
            "inventory_turnover_ratio": 1.59,
            "account_receivable_turnover_ratio": null,
            "reinvestment_rate": 4.39,
            "research_to_sale_ratio": null,
            "price_fair": 137.95,
            "eps_avg_yearly": 3.94,
            "eps_latest_yearly": 5.2,
            "eps_growth_yearly": 128.17
        },
        "20054": {
            "year_quarter": 20054,
            "year": 2005,
            "quarter": 4,
            "eps": 0.04,
            "eps_growth_year": -80.95,
            "eps_4q": 3.58,
            "eps_4q_growth_year": 31.28,
            "roe": 0.23,
            "roe_4q": 22.18,
            "gross_profit": 148892,
            "gross_margin": 26.98,
            "gross_margin_4q_avg": 30.87,
            "net_income": 6152,
            "revenue": 551809,
            "common_shares": 1587184,
            "book_valuer_per_share": 17.16,
            "book_valuer_per_share_4q_avg": 17.21,
            "equity": 2724011,
            "current_ratio": 413.13,
            "debt_ratio": 14.88,
            "inventory_turnover_ratio": 1.33,
            "account_receivable_turnover_ratio": null,
            "reinvestment_rate": 23.42,
            "research_to_sale_ratio": null,
            "price_fair": 129.68,
            "eps_avg_yearly": 3.71,
            "eps_latest_yearly": 0.16,
            "eps_growth_yearly": 95.93
        },
        "20061": {
            "year_quarter": 20061,
            "year": 2006,
            "quarter": 1,
            "eps": 0.74,
            "eps_growth_year": -40.32,
            "eps_4q": 3.08,
            "eps_4q_growth_year": -10.9,
            "roe": 4.25,
            "roe_4q": 18.79,
            "gross_profit": 178017,
            "gross_margin": 32.92,
            "gross_margin_4q_avg": 32.29,
            "net_income": 117276,
            "revenue": 540811,
            "common_shares": 1587184,
            "book_valuer_per_share": 17.61,
            "book_valuer_per_share_4q_avg": 17.48,
            "equity": 2795673,
            "current_ratio": 445.87,
            "debt_ratio": 12.83,
            "inventory_turnover_ratio": 1.29,
            "account_receivable_turnover_ratio": null,
            "reinvestment_rate": 4.8,
            "research_to_sale_ratio": null,
            "price_fair": 128.28,
            "eps_avg_yearly": 3.67,
            "eps_latest_yearly": 2.96,
            "eps_growth_yearly": 536.15
        },
        "20062": {
            "year_quarter": 20062,
            "year": 2006,
            "quarter": 2,
            "eps": 0.81,
            "eps_growth_year": -31.93,
            "eps_4q": 2.8,
            "eps_4q_growth_year": -26.62,
            "roe": 4.67,
            "roe_4q": 16.45,
            "gross_profit": 223598,
            "gross_margin": 34.04,
            "gross_margin_4q_avg": 32.28,
            "net_income": 127775,
            "revenue": 656868,
            "common_shares": 1587184,
            "book_valuer_per_share": 16.9,
            "book_valuer_per_share_4q_avg": 17.5,
            "equity": 2682048,
            "current_ratio": 287.53,
            "debt_ratio": 18.6,
            "inventory_turnover_ratio": 2.16,
            "account_receivable_turnover_ratio": null,
            "reinvestment_rate": 6.39,
            "research_to_sale_ratio": null,
            "price_fair": 128.63,
            "eps_avg_yearly": 3.68,
            "eps_latest_yearly": 3.24,
            "eps_growth_yearly": 542.13
        },
        "20063": {
            "year_quarter": 20063,
            "year": 2006,
            "quarter": 3,
            "eps": 0.98,
            "eps_growth_year": -24.62,
            "eps_4q": 2.59,
            "eps_4q_growth_year": -34.09,
            "roe": 5.53,
            "roe_4q": 14.68,
            "gross_profit": 196215,
            "gross_margin": 30.59,
            "gross_margin_4q_avg": 31.13,
            "net_income": 153133,
            "revenue": 641475,
            "common_shares": 1587184,
            "book_valuer_per_share": 17.97,
            "book_valuer_per_share_4q_avg": 17.41,
            "equity": 2851671,
            "current_ratio": 311.85,
            "debt_ratio": 19.17,
            "inventory_turnover_ratio": 1.72,
            "account_receivable_turnover_ratio": null,
            "reinvestment_rate": 4.82,
            "research_to_sale_ratio": null,
            "price_fair": 130.11,
            "eps_avg_yearly": 3.72,
            "eps_latest_yearly": 3.92,
            "eps_growth_yearly": 546.08
        },
        "20064": {
            "year_quarter": 20064,
            "year": 2006,
            "quarter": 4,
            "eps": 0.99,
            "eps_growth_year": 2375,
            "eps_4q": 3.42,
            "eps_4q_growth_year": -4.49,
            "roe": 5.53,
            "roe_4q": 19.98,
            "gross_profit": 159158,
            "gross_margin": 23.68,
            "gross_margin_4q_avg": 30.31,
            "net_income": 162062,
            "revenue": 672228,
            "common_shares": 1672000,
            "book_valuer_per_share": 18.02,
            "book_valuer_per_share_4q_avg": 17.63,
            "equity": 3013178,
            "current_ratio": 359.75,
            "debt_ratio": 16.7,
            "inventory_turnover_ratio": 1.21,
            "account_receivable_turnover_ratio": null,
            "reinvestment_rate": 30.84,
            "research_to_sale_ratio": null,
            "price_fair": 130.55,
            "eps_avg_yearly": 3.73,
            "eps_latest_yearly": 3.96,
            "eps_growth_yearly": 542.32
        },
        "20071": {
            "year_quarter": 20071,
            "year": 2007,
            "quarter": 1,
            "eps": 0.93,
            "eps_growth_year": 25.68,
            "eps_4q": 3.64,
            "eps_4q_growth_year": 18.12,
            "roe": 4.92,
            "roe_4q": 20.65,
            "gross_profit": 181719,
            "gross_margin": 26.85,
            "gross_margin_4q_avg": 28.79,
            "net_income": 152296,
            "revenue": 676694,
            "common_shares": 1672000,
            "book_valuer_per_share": 18.99,
            "book_valuer_per_share_4q_avg": 17.97,
            "equity": 3175383,
            "current_ratio": 422.09,
            "debt_ratio": 14,
            "inventory_turnover_ratio": 1.21,
            "account_receivable_turnover_ratio": null,
            "reinvestment_rate": 6.4,
            "research_to_sale_ratio": null,
            "price_fair": 124.86,
            "eps_avg_yearly": 3.57,
            "eps_latest_yearly": 3.72,
            "eps_growth_yearly": 523.79
        },
        "20072": {
            "year_quarter": 20072,
            "year": 2007,
            "quarter": 2,
            "eps": 1.07,
            "eps_growth_year": 32.1,
            "eps_4q": 3.92,
            "eps_4q_growth_year": 40.07,
            "roe": 5.91,
            "roe_4q": 21.89,
            "gross_profit": 213306,
            "gross_margin": 28.04,
            "gross_margin_4q_avg": 27.29,
            "net_income": 175258,
            "revenue": 760584,
            "common_shares": 1672000,
            "book_valuer_per_share": 16.47,
            "book_valuer_per_share_4q_avg": 17.86,
            "equity": 2753912,
            "current_ratio": 183.04,
            "debt_ratio": 31.01,
            "inventory_turnover_ratio": 2,
            "account_receivable_turnover_ratio": null,
            "reinvestment_rate": 7.91,
            "research_to_sale_ratio": null,
            "price_fair": 121.8,
            "eps_avg_yearly": 3.48,
            "eps_latest_yearly": 4.28,
            "eps_growth_yearly": 530.08
        },
        "20073": {
            "year_quarter": 20073,
            "year": 2007,
            "quarter": 3,
            "eps": 1.07,
            "eps_growth_year": 9.18,
            "eps_4q": 4.05,
            "eps_4q_growth_year": 56.69,
            "roe": 6.18,
            "roe_4q": 22.54,
            "gross_profit": 212455,
            "gross_margin": 26.84,
            "gross_margin_4q_avg": 26.35,
            "net_income": 175536,
            "revenue": 791536,
            "common_shares": 1672000,
            "book_valuer_per_share": 17.52,
            "book_valuer_per_share_4q_avg": 17.75,
            "equity": 2929204,
            "current_ratio": 182.17,
            "debt_ratio": 30.69,
            "inventory_turnover_ratio": 1.94,
            "account_receivable_turnover_ratio": null,
            "reinvestment_rate": 4.5,
            "research_to_sale_ratio": null,
            "price_fair": 122.59,
            "eps_avg_yearly": 3.5,
            "eps_latest_yearly": 4.28,
            "eps_growth_yearly": 537.83
        },
        "20074": {
            "year_quarter": 20074,
            "year": 2007,
            "quarter": 4,
            "eps": 1.05,
            "eps_growth_year": 6.06,
            "eps_4q": 3.91,
            "eps_4q_growth_year": 14.33,
            "roe": 5.99,
            "roe_4q": 23,
            "gross_profit": 233508,
            "gross_margin": 25.36,
            "gross_margin_4q_avg": 26.77,
            "net_income": 184511,
            "revenue": 920737,
            "common_shares": 1793420,
            "book_valuer_per_share": 18,
            "book_valuer_per_share_4q_avg": 17.75,
            "equity": 3228694,
            "current_ratio": 246.37,
            "debt_ratio": 24.78,
            "inventory_turnover_ratio": 1.22,
            "account_receivable_turnover_ratio": null,
            "reinvestment_rate": 33.44,
            "research_to_sale_ratio": null,
            "price_fair": 125.21,
            "eps_avg_yearly": 3.58,
            "eps_latest_yearly": 4.2,
            "eps_growth_yearly": 543.23
        },
        "20081": {
            "year_quarter": 20081,
            "year": 2008,
            "quarter": 1,
            "eps": 0.76,
            "eps_growth_year": -18.28,
            "eps_4q": 3.74,
            "eps_4q_growth_year": 2.91,
            "roe": 4.17,
            "roe_4q": 22.25,
            "gross_profit": 383145,
            "gross_margin": 32.62,
            "gross_margin_4q_avg": 28.22,
            "net_income": 136489,
            "revenue": 1174462,
            "common_shares": 1793420,
            "book_valuer_per_share": 18.54,
            "book_valuer_per_share_4q_avg": 17.63,
            "equity": 3324342,
            "current_ratio": 360.19,
            "debt_ratio": 38.1,
            "inventory_turnover_ratio": 0.92,
            "account_receivable_turnover_ratio": null,
            "reinvestment_rate": 36.73,
            "research_to_sale_ratio": null,
            "price_fair": 126.7,
            "eps_avg_yearly": 3.62,
            "eps_latest_yearly": 3.04,
            "eps_growth_yearly": 541.66
        },
        "20082": {
            "year_quarter": 20082,
            "year": 2008,
            "quarter": 2,
            "eps": 1.73,
            "eps_growth_year": 61.68,
            "eps_4q": 4.5,
            "eps_4q_growth_year": 14.61,
            "roe": 9.54,
            "roe_4q": 25.88,
            "gross_profit": 446182,
            "gross_margin": 32.54,
            "gross_margin_4q_avg": 29.34,
            "net_income": 310404,
            "revenue": 1371272,
            "common_shares": 1793420,
            "book_valuer_per_share": 17.76,
            "book_valuer_per_share_4q_avg": 17.96,
            "equity": 3185217,
            "current_ratio": 252.66,
            "debt_ratio": 42.5,
            "inventory_turnover_ratio": 1.06,
            "account_receivable_turnover_ratio": null,
            "reinvestment_rate": 38.3,
            "research_to_sale_ratio": null,
            "price_fair": 134.31,
            "eps_avg_yearly": 3.84,
            "eps_latest_yearly": 6.92,
            "eps_growth_yearly": 562.12
        },
        "20083": {
            "year_quarter": 20083,
            "year": 2008,
            "quarter": 3,
            "eps": 0.93,
            "eps_growth_year": -13.08,
            "eps_4q": 4.45,
            "eps_4q_growth_year": 9.63,
            "roe": 5.1,
            "roe_4q": 24.799999999999997,
            "gross_profit": 388692,
            "gross_margin": 35.76,
            "gross_margin_4q_avg": 31.57,
            "net_income": 167057,
            "revenue": 1086979,
            "common_shares": 1776520,
            "book_valuer_per_share": 18.94,
            "book_valuer_per_share_4q_avg": 18.31,
            "equity": 3365049,
            "current_ratio": 249.92,
            "debt_ratio": 42.01,
            "inventory_turnover_ratio": 0.84,
            "account_receivable_turnover_ratio": null,
            "reinvestment_rate": 43.46,
            "research_to_sale_ratio": null,
            "price_fair": 131.6,
            "eps_avg_yearly": 3.76,
            "eps_latest_yearly": 3.72,
            "eps_growth_yearly": 539.52
        },
        "20084": {
            "year_quarter": 20084,
            "year": 2008,
            "quarter": 4,
            "eps": 0.07,
            "eps_growth_year": -93.33,
            "eps_4q": 2.84,
            "eps_4q_growth_year": -27.52,
            "roe": 0.45,
            "roe_4q": 19.259999999999998,
            "gross_profit": 371597,
            "gross_margin": 32.15,
            "gross_margin_4q_avg": 33.27,
            "net_income": 15489,
            "revenue": 1155716,
            "common_shares": 1903322,
            "book_valuer_per_share": 17.78,
            "book_valuer_per_share_4q_avg": 18.26,
            "equity": 3478544,
            "current_ratio": 293.85,
            "debt_ratio": 36,
            "inventory_turnover_ratio": 0.94,
            "account_receivable_turnover_ratio": 6.44,
            "reinvestment_rate": 50.49,
            "research_to_sale_ratio": null,
            "price_fair": 130.38,
            "eps_avg_yearly": 3.73,
            "eps_latest_yearly": 0.28,
            "eps_growth_yearly": 537.16
        },
        "20091": {
            "year_quarter": 20091,
            "year": 2009,
            "quarter": 1,
            "eps": 0.42,
            "eps_growth_year": -44.74,
            "eps_4q": 3.02,
            "eps_4q_growth_year": -19.36,
            "roe": 2.24,
            "roe_4q": 17.33,
            "gross_profit": 303777,
            "gross_margin": 35.05,
            "gross_margin_4q_avg": 33.88,
            "net_income": 79352,
            "revenue": 866628,
            "common_shares": 1902722,
            "book_valuer_per_share": 18.43,
            "book_valuer_per_share_4q_avg": 18.23,
            "equity": 3603470,
            "current_ratio": 309.56,
            "debt_ratio": 32.27,
            "inventory_turnover_ratio": 0.74,
            "account_receivable_turnover_ratio": 2.46,
            "reinvestment_rate": 67.61,
            "research_to_sale_ratio": null,
            "price_fair": 123.2,
            "eps_avg_yearly": 3.52,
            "eps_latest_yearly": 1.68,
            "eps_growth_yearly": 539.54
        },
        "20092": {
            "year_quarter": 20092,
            "year": 2009,
            "quarter": 2,
            "eps": 0.16,
            "eps_growth_year": -90.75,
            "eps_4q": 1.65,
            "eps_4q_growth_year": -63.33,
            "roe": 0.78,
            "roe_4q": 8.57,
            "gross_profit": 257767,
            "gross_margin": 33.57,
            "gross_margin_4q_avg": 34.13,
            "net_income": 28147,
            "revenue": 767912,
            "common_shares": 1902722,
            "book_valuer_per_share": 18.33,
            "book_valuer_per_share_4q_avg": 18.37,
            "equity": 3578219,
            "current_ratio": 270.42,
            "debt_ratio": 35.33,
            "inventory_turnover_ratio": 0.67,
            "account_receivable_turnover_ratio": 2.36,
            "reinvestment_rate": 72.51,
            "research_to_sale_ratio": null,
            "price_fair": 114.19,
            "eps_avg_yearly": 3.26,
            "eps_latest_yearly": 0.64,
            "eps_growth_yearly": 525.08
        },
        "20093": {
            "year_quarter": 20093,
            "year": 2009,
            "quarter": 3,
            "eps": 1.04,
            "eps_growth_year": 11.83,
            "eps_4q": 1.66,
            "eps_4q_growth_year": -62.68,
            "roe": 5.59,
            "roe_4q": 9.059999999999999,
            "gross_profit": 552858,
            "gross_margin": 33.86,
            "gross_margin_4q_avg": 33.66,
            "net_income": 206453,
            "revenue": 1632809,
            "common_shares": 2019681,
            "book_valuer_per_share": 18.44,
            "book_valuer_per_share_4q_avg": 18.25,
            "equity": 3814475,
            "current_ratio": 147.35,
            "debt_ratio": 40.31,
            "inventory_turnover_ratio": 1.25,
            "account_receivable_turnover_ratio": 3.6,
            "reinvestment_rate": 71.03,
            "research_to_sale_ratio": null,
            "price_fair": 111.91,
            "eps_avg_yearly": 3.2,
            "eps_latest_yearly": 4.16,
            "eps_growth_yearly": 660.27
        },
        "20094": {
            "year_quarter": 20094,
            "year": 2009,
            "quarter": 4,
            "eps": 0.43,
            "eps_growth_year": 514.29,
            "eps_4q": 1.98,
            "eps_4q_growth_year": -30.2,
            "roe": 2.18,
            "roe_4q": 10.79,
            "gross_profit": 487695,
            "gross_margin": 37.41,
            "gross_margin_4q_avg": 34.97,
            "net_income": 83547,
            "revenue": 1303501,
            "common_shares": 2031946,
            "book_valuer_per_share": 19.09,
            "book_valuer_per_share_4q_avg": 18.57,
            "equity": 3843111,
            "current_ratio": 150.84,
            "debt_ratio": 44.36,
            "inventory_turnover_ratio": 0.84,
            "account_receivable_turnover_ratio": 5.95,
            "reinvestment_rate": 53.86,
            "research_to_sale_ratio": null,
            "price_fair": 115.33,
            "eps_avg_yearly": 3.3,
            "eps_latest_yearly": 1.72,
            "eps_growth_yearly": 669.83
        },
        "20101": {
            "year_quarter": 20101,
            "year": 2010,
            "quarter": 1,
            "eps": 1.09,
            "eps_growth_year": 159.52,
            "eps_4q": 2.61,
            "eps_4q_growth_year": -13.46,
            "roe": 5.47,
            "roe_4q": 14.02,
            "gross_profit": 359296,
            "gross_margin": 31.82,
            "gross_margin_4q_avg": 34.17,
            "net_income": 221686,
            "revenue": 1129056,
            "common_shares": 2058580,
            "book_valuer_per_share": 20.93,
            "book_valuer_per_share_4q_avg": 19.2,
            "equity": 4269152,
            "current_ratio": 160.4,
            "debt_ratio": 42.96,
            "inventory_turnover_ratio": 0.71,
            "account_receivable_turnover_ratio": 2.36,
            "reinvestment_rate": 69.24,
            "research_to_sale_ratio": 7.76,
            "price_fair": 118.39,
            "eps_avg_yearly": 3.38,
            "eps_latest_yearly": 4.36,
            "eps_growth_yearly": 270.7
        },
        "20102": {
            "year_quarter": 20102,
            "year": 2010,
            "quarter": 2,
            "eps": 0.9,
            "eps_growth_year": 460.78,
            "eps_4q": 3.34,
            "eps_4q_growth_year": 102.74,
            "roe": 4.48,
            "roe_4q": 17.72,
            "gross_profit": 484642,
            "gross_margin": 32.86,
            "gross_margin_4q_avg": 33.99,
            "net_income": 188159,
            "revenue": 1475020,
            "common_shares": 2114728,
            "book_valuer_per_share": 19.73,
            "book_valuer_per_share_4q_avg": 19.55,
            "equity": 4136444,
            "current_ratio": 140.08,
            "debt_ratio": 52.15,
            "inventory_turnover_ratio": 0.8,
            "account_receivable_turnover_ratio": 2.38,
            "reinvestment_rate": 64.74,
            "research_to_sale_ratio": 7.71,
            "price_fair": 119.18,
            "eps_avg_yearly": 3.41,
            "eps_latest_yearly": 3.6,
            "eps_growth_yearly": 263.98
        },
        "20103": {
            "year_quarter": 20103,
            "year": 2010,
            "quarter": 3,
            "eps": 1.1,
            "eps_growth_year": 5.37,
            "eps_4q": 3.3,
            "eps_4q_growth_year": 98.78,
            "roe": 5.42,
            "roe_4q": 17.55,
            "gross_profit": 559328,
            "gross_margin": 27.09,
            "gross_margin_4q_avg": 32.3,
            "net_income": 246399,
            "revenue": 2064559,
            "common_shares": 2115667,
            "book_valuer_per_share": 23.51,
            "book_valuer_per_share_4q_avg": 20.82,
            "equity": 4951181,
            "current_ratio": 167.58,
            "debt_ratio": 43.34,
            "inventory_turnover_ratio": 1.04,
            "account_receivable_turnover_ratio": 2.18,
            "reinvestment_rate": 69.31,
            "research_to_sale_ratio": 8.22,
            "price_fair": 120.23,
            "eps_avg_yearly": 3.44,
            "eps_latest_yearly": 4.4,
            "eps_growth_yearly": 264.29
        },
        "20104": {
            "year_quarter": 20104,
            "year": 2010,
            "quarter": 4,
            "eps": 0.77,
            "eps_growth_year": 79.91,
            "eps_4q": 3.68,
            "eps_4q_growth_year": 85.82,
            "roe": 3.49,
            "roe_4q": 18.86,
            "gross_profit": 408332,
            "gross_margin": 25.84,
            "gross_margin_4q_avg": 29.4,
            "net_income": 174787,
            "revenue": 1580489,
            "common_shares": 2258171,
            "book_valuer_per_share": 22.47,
            "book_valuer_per_share_4q_avg": 21.66,
            "equity": 5051489,
            "current_ratio": 191.16,
            "debt_ratio": 37.08,
            "inventory_turnover_ratio": 0.79,
            "account_receivable_turnover_ratio": 1.68,
            "reinvestment_rate": 44.38,
            "research_to_sale_ratio": 8.2,
            "price_fair": 118.3,
            "eps_avg_yearly": 3.38,
            "eps_latest_yearly": 3.08,
            "eps_growth_yearly": 256.54
        },
        "20111": {
            "year_quarter": 20111,
            "year": 2011,
            "quarter": 1,
            "eps": 1.74,
            "eps_growth_year": 59.63,
            "eps_4q": 4.42,
            "eps_4q_growth_year": 69.47,
            "roe": 7.44,
            "roe_4q": 20.830000000000002,
            "gross_profit": 633888,
            "gross_margin": 28.21,
            "gross_margin_4q_avg": 28.5,
            "net_income": 393824,
            "revenue": 2246960,
            "common_shares": 2269089,
            "book_valuer_per_share": 24.44,
            "book_valuer_per_share_4q_avg": 22.54,
            "equity": 5541708,
            "current_ratio": 182.8,
            "debt_ratio": 39.72,
            "inventory_turnover_ratio": 1.13,
            "account_receivable_turnover_ratio": 2.58,
            "reinvestment_rate": 64,
            "research_to_sale_ratio": 6.92,
            "price_fair": 125.39,
            "eps_avg_yearly": 3.58,
            "eps_latest_yearly": 6.96,
            "eps_growth_yearly": 289.54
        },
        "20112": {
            "year_quarter": 20112,
            "year": 2011,
            "quarter": 2,
            "eps": 1.67,
            "eps_growth_year": 85.93,
            "eps_4q": 5.26,
            "eps_4q_growth_year": 57.39,
            "roe": 7.04,
            "roe_4q": 23.39,
            "gross_profit": 537274,
            "gross_margin": 25.84,
            "gross_margin_4q_avg": 26.75,
            "net_income": 378243,
            "revenue": 2079097,
            "common_shares": 2269089,
            "book_valuer_per_share": 22.94,
            "book_valuer_per_share_4q_avg": 23.34,
            "equity": 5200720,
            "current_ratio": 159.41,
            "debt_ratio": 48.97,
            "inventory_turnover_ratio": 1.17,
            "account_receivable_turnover_ratio": 2.16,
            "reinvestment_rate": 49.76,
            "research_to_sale_ratio": 6.36,
            "price_fair": 130.64,
            "eps_avg_yearly": 3.73,
            "eps_latest_yearly": 6.68,
            "eps_growth_yearly": 284.77
        },
        "20113": {
            "year_quarter": 20113,
            "year": 2011,
            "quarter": 3,
            "eps": 1.5,
            "eps_growth_year": 36.65,
            "eps_4q": 5.67,
            "eps_4q_growth_year": 72.06,
            "roe": 6.22,
            "roe_4q": 24.189999999999998,
            "gross_profit": 478773,
            "gross_margin": 31.45,
            "gross_margin_4q_avg": 27.84,
            "net_income": 339534,
            "revenue": 1522257,
            "common_shares": 2269089,
            "book_valuer_per_share": 25.19,
            "book_valuer_per_share_4q_avg": 23.76,
            "equity": 5711562,
            "current_ratio": 174.51,
            "debt_ratio": 44.02,
            "inventory_turnover_ratio": 0.94,
            "account_receivable_turnover_ratio": 1.87,
            "reinvestment_rate": 51.13,
            "research_to_sale_ratio": 6.81,
            "price_fair": 134.4,
            "eps_avg_yearly": 3.84,
            "eps_latest_yearly": 6,
            "eps_growth_yearly": 282.23
        },
        "20114": {
            "year_quarter": 20114,
            "year": 2011,
            "quarter": 4,
            "eps": 1.16,
            "eps_growth_year": 49.98,
            "eps_4q": 6.06,
            "eps_4q_growth_year": 64.83,
            "roe": 4.5,
            "roe_4q": 25.2,
            "gross_profit": 446117,
            "gross_margin": 32.81,
            "gross_margin_4q_avg": 29.58,
            "net_income": 263074,
            "revenue": 1359717,
            "common_shares": 2269089,
            "book_valuer_per_share": 26.34,
            "book_valuer_per_share_4q_avg": 24.73,
            "equity": 5971974,
            "current_ratio": 184.64,
            "debt_ratio": 41.61,
            "inventory_turnover_ratio": 0.99,
            "account_receivable_turnover_ratio": 2.09,
            "reinvestment_rate": 29.92,
            "research_to_sale_ratio": 13.28,
            "price_fair": 135.36,
            "eps_avg_yearly": 3.87,
            "eps_latest_yearly": 4.64,
            "eps_growth_yearly": 277.03
        },
        "20121": {
            "year_quarter": 20121,
            "year": 2012,
            "quarter": 1,
            "eps": 1.11,
            "eps_growth_year": -36.21,
            "eps_4q": 5.43,
            "eps_4q_growth_year": 22.83,
            "roe": 4.15,
            "roe_4q": 21.91,
            "gross_profit": 415995,
            "gross_margin": 36.87,
            "gross_margin_4q_avg": 31.74,
            "net_income": 251305,
            "revenue": 1128323,
            "common_shares": 2269089,
            "book_valuer_per_share": 27.14,
            "book_valuer_per_share_4q_avg": 25.4,
            "equity": 6153512,
            "current_ratio": 219.95,
            "debt_ratio": 34.15,
            "inventory_turnover_ratio": 0.82,
            "account_receivable_turnover_ratio": 1.97,
            "reinvestment_rate": 28.51,
            "research_to_sale_ratio": 9.74,
            "price_fair": 138.43,
            "eps_avg_yearly": 3.96,
            "eps_latest_yearly": 4.44,
            "eps_growth_yearly": 282.86
        },
        "20122": {
            "year_quarter": 20122,
            "year": 2012,
            "quarter": 2,
            "eps": 1,
            "eps_growth_year": -39.94,
            "eps_4q": 3.9,
            "eps_4q_growth_year": -25.96,
            "roe": 4.95,
            "roe_4q": 19.82,
            "gross_profit": 484226,
            "gross_margin": 35.32,
            "gross_margin_4q_avg": 34.11,
            "net_income": 295530,
            "revenue": 1371086,
            "common_shares": 2269089,
            "book_valuer_per_share": 25.52,
            "book_valuer_per_share_4q_avg": 26.05,
            "equity": 5790689,
            "current_ratio": 196.39,
            "debt_ratio": 38.67,
            "inventory_turnover_ratio": 0.85,
            "account_receivable_turnover_ratio": 2.22,
            "reinvestment_rate": 21.45,
            "research_to_sale_ratio": 9.6,
            "price_fair": 132.04,
            "eps_avg_yearly": 3.77,
            "eps_latest_yearly": 4,
            "eps_growth_yearly": 248.47
        },
        "20123": {
            "year_quarter": 20123,
            "year": 2012,
            "quarter": 3,
            "eps": 1.06,
            "eps_growth_year": -29.32,
            "eps_4q": 3.8,
            "eps_4q_growth_year": -32.95,
            "roe": 5.28,
            "roe_4q": 18.880000000000003,
            "gross_profit": 517813,
            "gross_margin": 31.81,
            "gross_margin_4q_avg": 34.2,
            "net_income": 312221,
            "revenue": 1627934,
            "common_shares": 2269089,
            "book_valuer_per_share": 26.63,
            "book_valuer_per_share_4q_avg": 26.41,
            "equity": 6043547,
            "current_ratio": 181.4,
            "debt_ratio": 42.37,
            "inventory_turnover_ratio": 0.97,
            "account_receivable_turnover_ratio": 2.4,
            "reinvestment_rate": 20.95,
            "research_to_sale_ratio": 7.08,
            "price_fair": 133.18,
            "eps_avg_yearly": 3.81,
            "eps_latest_yearly": 4.24,
            "eps_growth_yearly": 261.53
        },
        "20124": {
            "year_quarter": 20124,
            "year": 2012,
            "quarter": 4,
            "eps": 0.53,
            "eps_growth_year": -54.41,
            "eps_4q": 3.44,
            "eps_4q_growth_year": -43.24,
            "roe": 2.55,
            "roe_4q": 16.93,
            "gross_profit": 431666,
            "gross_margin": 31.17,
            "gross_margin_4q_avg": 33.79,
            "net_income": 156048,
            "revenue": 1385022,
            "common_shares": 2949816,
            "book_valuer_per_share": 20.95,
            "book_valuer_per_share_4q_avg": 25.06,
            "equity": 6181122,
            "current_ratio": 192.7,
            "debt_ratio": 38.35,
            "inventory_turnover_ratio": 0.95,
            "account_receivable_turnover_ratio": 1.98,
            "reinvestment_rate": 17.24,
            "research_to_sale_ratio": 10.92,
            "price_fair": 137.2,
            "eps_avg_yearly": 3.92,
            "eps_latest_yearly": 2.12,
            "eps_growth_yearly": 272.15
        },
        "20131": {
            "year_quarter": 20131,
            "year": 2013,
            "quarter": 1,
            "eps": 0.96,
            "eps_growth_year": -13.51,
            "eps_4q": 3.55,
            "eps_4q_growth_year": -34.69,
            "roe": 4.45,
            "roe_4q": 17.23,
            "gross_profit": 422562,
            "gross_margin": 33.36,
            "gross_margin_4q_avg": 32.92,
            "net_income": 283107,
            "revenue": 1266676,
            "common_shares": 2949816,
            "book_valuer_per_share": 22.14,
            "book_valuer_per_share_4q_avg": 23.81,
            "equity": 6531027,
            "current_ratio": 171.85,
            "debt_ratio": 41.53,
            "inventory_turnover_ratio": 0.98,
            "account_receivable_turnover_ratio": 1.77,
            "reinvestment_rate": 18.5,
            "research_to_sale_ratio": 8.85,
            "price_fair": 141.93,
            "eps_avg_yearly": 4.06,
            "eps_latest_yearly": 3.84,
            "eps_growth_yearly": 167.43
        },
        "20132": {
            "year_quarter": 20132,
            "year": 2013,
            "quarter": 2,
            "eps": 0.78,
            "eps_growth_year": -22.14,
            "eps_4q": 3.16,
            "eps_4q_growth_year": -18.78,
            "roe": 3.52,
            "roe_4q": 15.8,
            "gross_profit": 450767,
            "gross_margin": 31.68,
            "gross_margin_4q_avg": 32.01,
            "net_income": 227133,
            "revenue": 1422826,
            "common_shares": 2949816,
            "book_valuer_per_share": 21.58,
            "book_valuer_per_share_4q_avg": 22.83,
            "equity": 6387900,
            "current_ratio": 154.62,
            "debt_ratio": 47.53,
            "inventory_turnover_ratio": 1.21,
            "account_receivable_turnover_ratio": 1.95,
            "reinvestment_rate": 16.46,
            "research_to_sale_ratio": 7.09,
            "price_fair": 147.35,
            "eps_avg_yearly": 4.21,
            "eps_latest_yearly": 3.12,
            "eps_growth_yearly": 178.22
        },
        "20133": {
            "year_quarter": 20133,
            "year": 2013,
            "quarter": 3,
            "eps": 1.12,
            "eps_growth_year": 5.82,
            "eps_4q": 3.22,
            "eps_4q_growth_year": -15.37,
            "roe": 5.01,
            "roe_4q": 15.530000000000001,
            "gross_profit": 347708,
            "gross_margin": 20.79,
            "gross_margin_4q_avg": 29.25,
            "net_income": 327612,
            "revenue": 1672651,
            "common_shares": 2949816,
            "book_valuer_per_share": 22.58,
            "book_valuer_per_share_4q_avg": 21.81,
            "equity": 6681966,
            "current_ratio": 152.95,
            "debt_ratio": 49.35,
            "inventory_turnover_ratio": 1.63,
            "account_receivable_turnover_ratio": 2.35,
            "reinvestment_rate": 19.55,
            "research_to_sale_ratio": 6.74,
            "price_fair": 148.05,
            "eps_avg_yearly": 4.23,
            "eps_latest_yearly": 4.48,
            "eps_growth_yearly": 51.62
        },
        "20134": {
            "year_quarter": 20134,
            "year": 2013,
            "quarter": 4,
            "eps": 0.9,
            "eps_growth_year": 70.76,
            "eps_4q": 3.62,
            "eps_4q_growth_year": 5.16,
            "roe": 4.06,
            "roe_4q": 17.04,
            "gross_profit": 346080,
            "gross_margin": 65.51,
            "gross_margin_4q_avg": 37.84,
            "net_income": 278016,
            "revenue": 528263,
            "common_shares": 3097306,
            "book_valuer_per_share": 22.6,
            "book_valuer_per_share_4q_avg": 22.23,
            "equity": 7018267,
            "current_ratio": 141.3,
            "debt_ratio": 58.54,
            "inventory_turnover_ratio": 0.21,
            "account_receivable_turnover_ratio": 0.69,
            "reinvestment_rate": 20.88,
            "research_to_sale_ratio": 22.21,
            "price_fair": 152.16,
            "eps_avg_yearly": 4.35,
            "eps_latest_yearly": 3.6,
            "eps_growth_yearly": 61.37
        },
        "20141": {
            "year_quarter": 20141,
            "year": 2014,
            "quarter": 1,
            "eps": 1.2,
            "eps_growth_year": 25,
            "eps_4q": 3.91,
            "eps_4q_growth_year": 10.05,
            "roe": 5.15,
            "roe_4q": 17.740000000000002,
            "gross_profit": 400032,
            "gross_margin": 31.9,
            "gross_margin_4q_avg": 37.47,
            "net_income": 372000,
            "revenue": 1253857,
            "common_shares": 3097306,
            "book_valuer_per_share": 23.99,
            "book_valuer_per_share_4q_avg": 22.69,
            "equity": 7431136,
            "current_ratio": 131.15,
            "debt_ratio": 63.88,
            "inventory_turnover_ratio": 0.97,
            "account_receivable_turnover_ratio": 1.3,
            "reinvestment_rate": 17.21,
            "research_to_sale_ratio": 9.51,
            "price_fair": 153.13,
            "eps_avg_yearly": 4.38,
            "eps_latest_yearly": 4.8,
            "eps_growth_yearly": 31.33
        },
        "20142": {
            "year_quarter": 20142,
            "year": 2014,
            "quarter": 2,
            "eps": 1.03,
            "eps_growth_year": 32.05,
            "eps_4q": 3.96,
            "eps_4q_growth_year": 24.98,
            "roe": 4.66,
            "roe_4q": 18.880000000000003,
            "gross_profit": 549183,
            "gross_margin": 32.68,
            "gross_margin_4q_avg": 37.72,
            "net_income": 317689,
            "revenue": 1680736,
            "common_shares": 3097306,
            "book_valuer_per_share": 20.02,
            "book_valuer_per_share_4q_avg": 22.3,
            "equity": 6201694,
            "current_ratio": 132.99,
            "debt_ratio": 59.63,
            "inventory_turnover_ratio": 1.19,
            "account_receivable_turnover_ratio": 1.74,
            "reinvestment_rate": 15.42,
            "research_to_sale_ratio": 7.51,
            "price_fair": 154.26,
            "eps_avg_yearly": 4.41,
            "eps_latest_yearly": 4.12,
            "eps_growth_yearly": 32.15
        },
        "20143": {
            "year_quarter": 20143,
            "year": 2014,
            "quarter": 3,
            "eps": 1.21,
            "eps_growth_year": 8.04,
            "eps_4q": 4.09,
            "eps_4q_growth_year": 27.08,
            "roe": 5.82,
            "roe_4q": 19.69,
            "gross_profit": 583400,
            "gross_margin": 30.23,
            "gross_margin_4q_avg": 40.08,
            "net_income": 373616,
            "revenue": 1930000,
            "common_shares": 3097306,
            "book_valuer_per_share": 21.44,
            "book_valuer_per_share_4q_avg": 22.01,
            "equity": 6641880,
            "current_ratio": 133.71,
            "debt_ratio": 59.81,
            "inventory_turnover_ratio": 1.37,
            "account_receivable_turnover_ratio": 2.19,
            "reinvestment_rate": 15.16,
            "research_to_sale_ratio": 6.9,
            "price_fair": 155.23,
            "eps_avg_yearly": 4.44,
            "eps_latest_yearly": 4.84,
            "eps_growth_yearly": 30.96
        },
        "20144": {
            "year_quarter": 20144,
            "year": 2014,
            "quarter": 4,
            "eps": 1.27,
            "eps_growth_year": 40.75,
            "eps_4q": 4.51,
            "eps_4q_growth_year": 24.63,
            "roe": 6.02,
            "roe_4q": 21.65,
            "gross_profit": 490775,
            "gross_margin": 32.57,
            "gross_margin_4q_avg": 31.85,
            "net_income": 417452,
            "revenue": 1506823,
            "common_shares": 3283144,
            "book_valuer_per_share": 22.03,
            "book_valuer_per_share_4q_avg": 21.87,
            "equity": 7231225,
            "current_ratio": 144.98,
            "debt_ratio": 53.47,
            "inventory_turnover_ratio": 1.06,
            "account_receivable_turnover_ratio": 1.79,
            "reinvestment_rate": 17.8,
            "research_to_sale_ratio": 8.94,
            "price_fair": 159.6,
            "eps_avg_yearly": 4.56,
            "eps_latest_yearly": 5.08,
            "eps_growth_yearly": 39.7
        },
        "20151": {
            "year_quarter": 20151,
            "year": 2015,
            "quarter": 1,
            "eps": 1.02,
            "eps_growth_year": -15,
            "eps_4q": 4.4,
            "eps_4q_growth_year": 12.58,
            "roe": 4.54,
            "roe_4q": 21.04,
            "gross_profit": 534484,
            "gross_margin": 31.64,
            "gross_margin_4q_avg": 31.78,
            "net_income": 334861,
            "revenue": 1689392,
            "common_shares": 3283144,
            "book_valuer_per_share": 22.86,
            "book_valuer_per_share_4q_avg": 21.59,
            "equity": 7504227,
            "current_ratio": 148.74,
            "debt_ratio": 52.32,
            "inventory_turnover_ratio": 1.06,
            "account_receivable_turnover_ratio": 2.17,
            "reinvestment_rate": 14.52,
            "research_to_sale_ratio": 6.7,
            "price_fair": 58.21,
            "eps_avg_yearly": 4.38,
            "eps_latest_yearly": 4.08,
            "eps_growth_yearly": 3.29
        },
        "20152": {
            "year_quarter": 20152,
            "year": 2015,
            "quarter": 2,
            "eps": 0.99,
            "eps_growth_year": -3.88,
            "eps_4q": 4.42,
            "eps_4q_growth_year": 11.71,
            "roe": 4.49,
            "roe_4q": 20.87,
            "gross_profit": 675113,
            "gross_margin": 33.68,
            "gross_margin_4q_avg": 32.03,
            "net_income": 324720,
            "revenue": 2004333,
            "common_shares": 3283144,
            "book_valuer_per_share": 21.19,
            "book_valuer_per_share_4q_avg": 21.88,
            "equity": 6958285,
            "current_ratio": 140.73,
            "debt_ratio": 55.07,
            "inventory_turnover_ratio": 1.24,
            "account_receivable_turnover_ratio": 2.38,
            "reinvestment_rate": 17.41,
            "research_to_sale_ratio": 5.35,
            "price_fair": 57.08,
            "eps_avg_yearly": 4.21,
            "eps_latest_yearly": 3.96,
            "eps_growth_yearly": 3.56
        },
        "20153": {
            "year_quarter": 20153,
            "year": 2015,
            "quarter": 3,
            "eps": 0.88,
            "eps_growth_year": -27.27,
            "eps_4q": 4.16,
            "eps_4q_growth_year": 1.7,
            "roe": 4.04,
            "roe_4q": 19.09,
            "gross_profit": 590513,
            "gross_margin": 37.26,
            "gross_margin_4q_avg": 33.79,
            "net_income": 288890,
            "revenue": 1585013,
            "common_shares": 3283144,
            "book_valuer_per_share": 22.41,
            "book_valuer_per_share_4q_avg": 22.12,
            "equity": 7357039,
            "current_ratio": 170.33,
            "debt_ratio": 45.62,
            "inventory_turnover_ratio": 1.07,
            "account_receivable_turnover_ratio": 1.73,
            "reinvestment_rate": 15.18,
            "research_to_sale_ratio": 7.22,
            "price_fair": 54.04,
            "eps_avg_yearly": 4.06,
            "eps_latest_yearly": 3.52,
            "eps_growth_yearly": 3.33
        },
        "20154": {
            "year_quarter": 20154,
            "year": 2015,
            "quarter": 4,
            "eps": 0.66,
            "eps_growth_year": -47.7,
            "eps_4q": 3.55,
            "eps_4q_growth_year": -21.2,
            "roe": 2.94,
            "roe_4q": 16.01,
            "gross_profit": 467370,
            "gross_margin": 30.22,
            "gross_margin_4q_avg": 33.2,
            "net_income": 218322,
            "revenue": 1546549,
            "common_shares": 3283144,
            "book_valuer_per_share": 22.8,
            "book_valuer_per_share_4q_avg": 22.32,
            "equity": 7486053,
            "current_ratio": 204.27,
            "debt_ratio": 37.53,
            "inventory_turnover_ratio": 1.12,
            "account_receivable_turnover_ratio": 1.8,
            "reinvestment_rate": 20.66,
            "research_to_sale_ratio": 8.21,
            "price_fair": 50.08,
            "eps_avg_yearly": 3.93,
            "eps_latest_yearly": 2.64,
            "eps_growth_yearly": 2.74
        },
        "20161": {
            "year_quarter": 20161,
            "year": 2016,
            "quarter": 1,
            "eps": 1.03,
            "eps_growth_year": 0.98,
            "eps_4q": 3.56,
            "eps_4q_growth_year": -19.06,
            "roe": 4.42,
            "roe_4q": 15.889999999999999,
            "gross_profit": 583758,
            "gross_margin": 34.45,
            "gross_margin_4q_avg": 33.9,
            "net_income": 336591,
            "revenue": 1694704,
            "common_shares": 3283144,
            "book_valuer_per_share": 23.58,
            "book_valuer_per_share_4q_avg": 22.5,
            "equity": 7743197,
            "current_ratio": 230.27,
            "debt_ratio": 33.32,
            "inventory_turnover_ratio": 1.11,
            "account_receivable_turnover_ratio": 1.81,
            "reinvestment_rate": 19.35,
            "research_to_sale_ratio": 7.05,
            "price_fair": 108.84,
            "eps_avg_yearly": 3.91,
            "eps_latest_yearly": 4.12,
            "eps_growth_yearly": 17.84
        },
        "20162": {
            "year_quarter": 20162,
            "year": 2016,
            "quarter": 2,
            "eps": 0.87,
            "eps_growth_year": -12.12,
            "eps_4q": 3.44,
            "eps_4q_growth_year": -22.05,
            "roe": 3.82,
            "roe_4q": 15.219999999999999,
            "gross_profit": 536892,
            "gross_margin": 35.04,
            "gross_margin_4q_avg": 34.24,
            "net_income": 287026,
            "revenue": 1532020,
            "common_shares": 3283144,
            "book_valuer_per_share": 22.19,
            "book_valuer_per_share_4q_avg": 22.75,
            "equity": 7285001,
            "current_ratio": 205.05,
            "debt_ratio": 37.18,
            "inventory_turnover_ratio": 0.99,
            "account_receivable_turnover_ratio": 1.68,
            "reinvestment_rate": 20.91,
            "research_to_sale_ratio": 7.88,
            "price_fair": 102.48,
            "eps_avg_yearly": 3.88,
            "eps_latest_yearly": 3.48,
            "eps_growth_yearly": 16.43
        },
        "20163": {
            "year_quarter": 20163,
            "year": 2016,
            "quarter": 3,
            "eps": 0.99,
            "eps_growth_year": 12.5,
            "eps_4q": 3.56,
            "eps_4q_growth_year": -14.51,
            "roe": 4.41,
            "roe_4q": 15.59,
            "gross_profit": 616045,
            "gross_margin": 32.9,
            "gross_margin_4q_avg": 33.15,
            "net_income": 325726,
            "revenue": 1872559,
            "common_shares": 3283144,
            "book_valuer_per_share": 22.79,
            "book_valuer_per_share_4q_avg": 22.84,
            "equity": 7482349,
            "current_ratio": 235.1,
            "debt_ratio": 31.88,
            "inventory_turnover_ratio": 1.2,
            "account_receivable_turnover_ratio": 2.15,
            "reinvestment_rate": 17.3,
            "research_to_sale_ratio": 6.72,
            "price_fair": 109.54,
            "eps_avg_yearly": 3.86,
            "eps_latest_yearly": 3.96,
            "eps_growth_yearly": 18.38
        },
        "20164": {
            "year_quarter": 20164,
            "year": 2016,
            "quarter": 4,
            "eps": 1.27,
            "eps_growth_year": 91.43,
            "eps_4q": 4.16,
            "eps_4q_growth_year": 17.18,
            "roe": 5.43,
            "roe_4q": 18.08,
            "gross_profit": 855055,
            "gross_margin": 33.61,
            "gross_margin_4q_avg": 34,
            "net_income": 417927,
            "revenue": 2544354,
            "common_shares": 3283144,
            "book_valuer_per_share": 24.12,
            "book_valuer_per_share_4q_avg": 23.17,
            "equity": 7917981,
            "current_ratio": 240.67,
            "debt_ratio": 32.28,
            "inventory_turnover_ratio": 1.43,
            "account_receivable_turnover_ratio": 1.89,
            "reinvestment_rate": 12.22,
            "research_to_sale_ratio": 6.3,
            "price_fair": 141.58,
            "eps_avg_yearly": 4.05,
            "eps_latest_yearly": 5.08,
            "eps_growth_yearly": 37.95
        },
        "20171": {
            "year_quarter": 20171,
            "year": 2017,
            "quarter": 1,
            "eps": 1.14,
            "eps_growth_year": 10.68,
            "eps_4q": 4.28,
            "eps_4q_growth_year": 20.23,
            "roe": 4.69,
            "roe_4q": 18.35,
            "gross_profit": 735987,
            "gross_margin": 33.42,
            "gross_margin_4q_avg": 33.74,
            "net_income": 374270,
            "revenue": 2202357,
            "common_shares": 3283144,
            "book_valuer_per_share": 24.54,
            "book_valuer_per_share_4q_avg": 23.41,
            "equity": 8056687,
            "current_ratio": 277.83,
            "debt_ratio": 28.58,
            "inventory_turnover_ratio": 1.37,
            "account_receivable_turnover_ratio": 1.49,
            "reinvestment_rate": 10.19,
            "research_to_sale_ratio": 5.59,
            "price_fair": 102.69,
            "eps_avg_yearly": 4.09,
            "eps_latest_yearly": 4.56,
            "eps_growth_yearly": 15.11
        },
        "20172": {
            "year_quarter": 20172,
            "year": 2017,
            "quarter": 2,
            "eps": 0.73,
            "eps_growth_year": -16.09,
            "eps_4q": 4.14,
            "eps_4q_growth_year": 20.08,
            "roe": 3.1,
            "roe_4q": 17.630000000000003,
            "gross_profit": 519636,
            "gross_margin": 32.23,
            "gross_margin_4q_avg": 33.04,
            "net_income": 240007,
            "revenue": 1612111,
            "common_shares": 3283144,
            "book_valuer_per_share": 22.55,
            "book_valuer_per_share_4q_avg": 23.5,
            "equity": 7403524,
            "current_ratio": 226.54,
            "debt_ratio": 33.99,
            "inventory_turnover_ratio": 1.2,
            "account_receivable_turnover_ratio": 1.61,
            "reinvestment_rate": 10.45,
            "research_to_sale_ratio": 7.27,
            "price_fair": 84.82,
            "eps_avg_yearly": 4.08,
            "eps_latest_yearly": 2.92,
            "eps_growth_yearly": 10.8
        },
        "20173": {
            "year_quarter": 20173,
            "year": 2017,
            "quarter": 3,
            "eps": 0.66,
            "eps_growth_year": -33.33,
            "eps_4q": 3.8,
            "eps_4q_growth_year": 6.97,
            "roe": 2.88,
            "roe_4q": 16.1,
            "gross_profit": 507205,
            "gross_margin": 32.13,
            "gross_margin_4q_avg": 32.85,
            "net_income": 216881,
            "revenue": 1578728,
            "common_shares": 3283144,
            "book_valuer_per_share": 23.3,
            "book_valuer_per_share_4q_avg": 23.63,
            "equity": 7648124,
            "current_ratio": 242.02,
            "debt_ratio": 32.85,
            "inventory_turnover_ratio": 1.18,
            "account_receivable_turnover_ratio": 1.94,
            "reinvestment_rate": 8.99,
            "research_to_sale_ratio": 9,
            "price_fair": 11.89,
            "eps_avg_yearly": 3.96,
            "eps_latest_yearly": 2.64,
            "eps_growth_yearly": -2.49
        },
        "20174": {
            "year_quarter": 20174,
            "year": 2017,
            "quarter": 4,
            "eps": 0.28,
            "eps_growth_year": -77.73,
            "eps_4q": 2.82,
            "eps_4q_growth_year": -32.4,
            "roe": 1.21,
            "roe_4q": 11.879999999999999,
            "gross_profit": 473020,
            "gross_margin": 31.49,
            "gross_margin_4q_avg": 32.32,
            "net_income": 93081,
            "revenue": 1502323,
            "common_shares": 3283144,
            "book_valuer_per_share": 23.44,
            "book_valuer_per_share_4q_avg": 23.46,
            "equity": 7696694,
            "current_ratio": 249.38,
            "debt_ratio": 32.24,
            "inventory_turnover_ratio": 1.21,
            "account_receivable_turnover_ratio": 1.9,
            "reinvestment_rate": 7.24,
            "research_to_sale_ratio": 8.83,
            "price_fair": 11.42,
            "eps_avg_yearly": 3.81,
            "eps_latest_yearly": 1.12,
            "eps_growth_yearly": -11.97
        },
        "20181": {
            "year_quarter": 20181,
            "year": 2018,
            "quarter": 1,
            "eps": 0.42,
            "eps_growth_year": -63.16,
            "eps_4q": 2.1,
            "eps_4q_growth_year": -50.95,
            "roe": 1.8,
            "roe_4q": 8.99,
            "gross_profit": 409624,
            "gross_margin": 31.21,
            "gross_margin_4q_avg": 31.77,
            "net_income": 139219,
            "revenue": 1312454,
            "common_shares": 3283144,
            "book_valuer_per_share": 23.72,
            "book_valuer_per_share_4q_avg": 23.25,
            "equity": 7785980,
            "current_ratio": 258.65,
            "debt_ratio": 31.34,
            "inventory_turnover_ratio": 1.03,
            "account_receivable_turnover_ratio": 1.84,
            "reinvestment_rate": 8.26,
            "research_to_sale_ratio": 8.78,
            "price_fair": 10.84,
            "eps_avg_yearly": 3.61,
            "eps_latest_yearly": 1.68,
            "eps_growth_yearly": -7.81
        },
        "20182": {
            "year_quarter": 20182,
            "year": 2018,
            "quarter": 2,
            "eps": 0.85,
            "eps_growth_year": 16.44,
            "eps_4q": 2.22,
            "eps_4q_growth_year": -46.34,
            "roe": 3.56,
            "roe_4q": 9.45,
            "gross_profit": 451865,
            "gross_margin": 30.4,
            "gross_margin_4q_avg": 31.31,
            "net_income": 279472,
            "revenue": 1486351,
            "common_shares": 3283144,
            "book_valuer_per_share": 24.07,
            "book_valuer_per_share_4q_avg": 23.63,
            "equity": 7902157,
            "current_ratio": 266.01,
            "debt_ratio": 30.11,
            "inventory_turnover_ratio": 1.13,
            "account_receivable_turnover_ratio": 1.83,
            "reinvestment_rate": 8.88,
            "research_to_sale_ratio": 8.06,
            "price_fair": 111.77,
            "eps_avg_yearly": 3.57,
            "eps_latest_yearly": 3.4,
            "eps_growth_yearly": 21.33
        },
        "20183": {
            "year_quarter": 20183,
            "year": 2018,
            "quarter": 3,
            "eps": 0.89,
            "eps_growth_year": 34.85,
            "eps_4q": 2.64,
            "eps_4q_growth_year": -30.62,
            "roe": 3.44,
            "roe_4q": 10.010000000000002,
            "gross_profit": 521931,
            "gross_margin": 33.3,
            "gross_margin_4q_avg": 31.6,
            "net_income": 268152,
            "revenue": 1567471,
            "common_shares": 2954830,
            "book_valuer_per_share": 25.99,
            "book_valuer_per_share_4q_avg": 24.31,
            "equity": 7680073,
            "current_ratio": 299.02,
            "debt_ratio": 27.53,
            "inventory_turnover_ratio": 1.08,
            "account_receivable_turnover_ratio": 1.67,
            "reinvestment_rate": 6.67,
            "research_to_sale_ratio": 8.21,
            "price_fair": 98.13,
            "eps_avg_yearly": 3.49,
            "eps_latest_yearly": 3.56,
            "eps_growth_yearly": 18.14
        },
        "20184": {
            "year_quarter": 20184,
            "year": 2018,
            "quarter": 4,
            "eps": 0.71,
            "eps_growth_year": 151.96,
            "eps_4q": 3.04,
            "eps_4q_growth_year": 7.95,
            "roe": 2.71,
            "roe_4q": 11.510000000000002,
            "gross_profit": 589137,
            "gross_margin": 32.38,
            "gross_margin_4q_avg": 31.82,
            "net_income": 211077,
            "revenue": 1819470,
            "common_shares": 2954830,
            "book_valuer_per_share": 26.71,
            "book_valuer_per_share_4q_avg": 25.12,
            "equity": 7892021,
            "current_ratio": 318.85,
            "debt_ratio": 26.93,
            "inventory_turnover_ratio": 1.26,
            "account_receivable_turnover_ratio": 1.8,
            "reinvestment_rate": 4.72,
            "research_to_sale_ratio": 7.63,
            "price_fair": 73.11,
            "eps_avg_yearly": 3.35,
            "eps_latest_yearly": 2.84,
            "eps_growth_yearly": 11.84
        },
        "20191": {
            "year_quarter": 20191,
            "year": 2019,
            "quarter": 1,
            "eps": 0.72,
            "eps_growth_year": 71.43,
            "eps_4q": 3.29,
            "eps_4q_growth_year": 56.57,
            "roe": 2.64,
            "roe_4q": 12.35,
            "gross_profit": 494984,
            "gross_margin": 33.31,
            "gross_margin_4q_avg": 32.35,
            "net_income": 212472,
            "revenue": 1486131,
            "common_shares": 2954830,
            "book_valuer_per_share": 27.72,
            "book_valuer_per_share_4q_avg": 26.12,
            "equity": 8189929,
            "current_ratio": 343.82,
            "debt_ratio": 25.07,
            "inventory_turnover_ratio": 1.09,
            "account_receivable_turnover_ratio": 1.63,
            "reinvestment_rate": 4.79,
            "research_to_sale_ratio": 7.03,
            "price_fair": 88.73,
            "eps_avg_yearly": 3.27,
            "eps_latest_yearly": 2.88,
            "eps_growth_yearly": 17.11
        },
        "20192": {
            "year_quarter": 20192,
            "year": 2019,
            "quarter": 2,
            "eps": 0.76,
            "eps_growth_year": -10.59,
            "eps_4q": 3.1,
            "eps_4q_growth_year": 39.89,
            "roe": 2.8,
            "roe_4q": 11.589999999999998,
            "gross_profit": 493208,
            "gross_margin": 35.15,
            "gross_margin_4q_avg": 33.54,
            "net_income": 225652,
            "revenue": 1403081,
            "common_shares": 2954830,
            "book_valuer_per_share": 26.84,
            "book_valuer_per_share_4q_avg": 26.82,
            "equity": 7930447,
            "current_ratio": 323.37,
            "debt_ratio": 28.41,
            "inventory_turnover_ratio": 1.01,
            "account_receivable_turnover_ratio": 1.79,
            "reinvestment_rate": -8.4,
            "research_to_sale_ratio": 10.38,
            "price_fair": 94,
            "eps_avg_yearly": 3.22,
            "eps_latest_yearly": 3.04,
            "eps_growth_yearly": 19.24
        },
        "20193": {
            "year_quarter": 20193,
            "year": 2019,
            "quarter": 3,
            "eps": 1.06,
            "eps_growth_year": 19.1,
            "eps_4q": 5.21,
            "eps_4q_growth_year": 97.51,
            "roe": 3.7,
            "roe_4q": 11.850000000000001,
            "gross_profit": 548182,
            "gross_margin": 37.9,
            "gross_margin_4q_avg": 34.69,
            "net_income": 275049,
            "revenue": 1446462,
            "common_shares": 1772898,
            "book_valuer_per_share": 39.13,
            "book_valuer_per_share_4q_avg": 30.1,
            "equity": 6937135,
            "current_ratio": 327.1,
            "debt_ratio": 27.97,
            "inventory_turnover_ratio": 1.04,
            "account_receivable_turnover_ratio": 1.91,
            "reinvestment_rate": -7.92,
            "research_to_sale_ratio": 8.43,
            "price_fair": 114.1,
            "eps_avg_yearly": 3.26,
            "eps_latest_yearly": 4.24,
            "eps_growth_yearly": 31.88
        },
        "20194": {
            "year_quarter": 20194,
            "year": 2019,
            "quarter": 4,
            "eps": -0.22,
            "eps_growth_year": -130.88,
            "eps_4q": 3.8,
            "eps_4q_growth_year": 25.12,
            "roe": -0.56,
            "roe_4q": 8.58,
            "gross_profit": 439646,
            "gross_margin": 34.59,
            "gross_margin_4q_avg": 35.24,
            "net_income": -38670,
            "revenue": 1270917,
            "common_shares": 1772898,
            "book_valuer_per_share": 38.25,
            "book_valuer_per_share_4q_avg": 32.99,
            "equity": 6782291,
            "current_ratio": 326.07,
            "debt_ratio": 28.42,
            "inventory_turnover_ratio": 0.96,
            "account_receivable_turnover_ratio": 1.68,
            "reinvestment_rate": -19.31,
            "research_to_sale_ratio": 9.88,
            "price_fair": 115.55,
            "eps_avg_yearly": 3.3,
            "eps_latest_yearly": 4.24,
            "eps_growth_yearly": 40.68
        },
        "20201": {
            "year_quarter": 20201,
            "year": 2020,
            "quarter": 1,
            "eps": 1.15,
            "eps_growth_year": 59.72,
            "eps_4q": 3.75,
            "eps_4q_growth_year": 14.24,
            "roe": 2.99,
            "roe_4q": 8.93,
            "gross_profit": 364174,
            "gross_margin": 36.12,
            "gross_margin_4q_avg": 35.94,
            "net_income": 203263,
            "revenue": 1008136,
            "common_shares": 1772898,
            "book_valuer_per_share": 38.45,
            "book_valuer_per_share_4q_avg": 35.67,
            "equity": 6812372,
            "current_ratio": 328.99,
            "debt_ratio": 28.63,
            "inventory_turnover_ratio": 0.64,
            "account_receivable_turnover_ratio": 1.36,
            "reinvestment_rate": -22.82,
            "research_to_sale_ratio": 10.25,
            "price_fair": 113.5,
            "eps_avg_yearly": 3.24,
            "eps_latest_yearly": 4.24,
            "eps_growth_yearly": 27.56
        },
        "20202": {
            "year_quarter": 20202,
            "year": 2020,
            "quarter": 2,
            "eps": 1.53,
            "eps_growth_year": 101.32,
            "eps_4q": 4.03,
            "eps_4q_growth_year": 29.67,
            "roe": 3.96,
            "roe_4q": 10.09,
            "gross_profit": 573708,
            "gross_margin": 35.15,
            "gross_margin_4q_avg": 35.94,
            "net_income": 271114,
            "revenue": 1632098,
            "common_shares": 1772898,
            "book_valuer_per_share": 38.95,
            "book_valuer_per_share_4q_avg": 38.7,
            "equity": 6879832,
            "current_ratio": 290.42,
            "debt_ratio": 30.9,
            "inventory_turnover_ratio": 0.96,
            "account_receivable_turnover_ratio": 1.85,
            "reinvestment_rate": -18.25,
            "research_to_sale_ratio": 6.89,
            "price_fair": 120.1,
            "eps_avg_yearly": 3.43,
            "eps_latest_yearly": 6.12,
            "eps_growth_yearly": 41.44
        },
        "20203": {
            "year_quarter": 20203,
            "year": 2020,
            "quarter": 3,
            "eps": 1.45,
            "eps_growth_year": 36.79,
            "eps_4q": 3.92,
            "eps_4q_growth_year": -24.72,
            "roe": 3.65,
            "roe_4q": 10.04,
            "gross_profit": 554479,
            "gross_margin": 36.03,
            "gross_margin_4q_avg": 35.47,
            "net_income": 256885,
            "revenue": 1539011,
            "common_shares": 1765978,
            "book_valuer_per_share": 40.76,
            "book_valuer_per_share_4q_avg": 39.1,
            "equity": 7199847,
            "current_ratio": 283.78,
            "debt_ratio": 28.7,
            "inventory_turnover_ratio": 0.89,
            "account_receivable_turnover_ratio": 1.57,
            "reinvestment_rate": -14.4,
            "research_to_sale_ratio": 7.3,
            "price_fair": 124.7,
            "eps_avg_yearly": 3.56,
            "eps_latest_yearly": 5.8,
            "eps_growth_yearly": 36.01
        },
        "20204": {
            "year_quarter": 20204,
            "year": 2020,
            "quarter": 4,
            "eps": 1.5,
            "eps_growth_year": null,
            "eps_4q": 5.64,
            "eps_4q_growth_year": 48.45,
            "roe": 3.58,
            "roe_4q": 14.180000000000001,
            "gross_profit": 649848,
            "gross_margin": 36.75,
            "gross_margin_4q_avg": 36.01,
            "net_income": 265100,
            "revenue": 1768332,
            "common_shares": 1765978,
            "book_valuer_per_share": 43,
            "book_valuer_per_share_4q_avg": 40.29,
            "equity": 7594686,
            "current_ratio": 264.7,
            "debt_ratio": 30,
            "inventory_turnover_ratio": 1.01,
            "account_receivable_turnover_ratio": 1.72,
            "reinvestment_rate": -7.33,
            "research_to_sale_ratio": 9.21,
            "price_fair": 127,
            "eps_avg_yearly": 3.63,
            "eps_latest_yearly": 6,
            "eps_growth_yearly": 28.91
        },
        "20211": {
            "year_quarter": 20211,
            "year": 2021,
            "quarter": 1,
            "eps": 1.46,
            "eps_growth_year": 26.96,
            "eps_4q": 5.95,
            "eps_4q_growth_year": 58.51,
            "roe": 3.33,
            "roe_4q": 14.52,
            "gross_profit": 521319,
            "gross_margin": 36.54,
            "gross_margin_4q_avg": 36.12,
            "net_income": 257542,
            "revenue": 1426592,
            "common_shares": 1765978,
            "book_valuer_per_share": 44.46,
            "book_valuer_per_share_4q_avg": 41.79,
            "equity": 7852339,
            "current_ratio": 260.4,
            "debt_ratio": 30.37,
            "inventory_turnover_ratio": 0.77,
            "account_receivable_turnover_ratio": 1.39,
            "reinvestment_rate": -3.99,
            "research_to_sale_ratio": 8.27,
            "price_fair": 130.2,
            "eps_avg_yearly": 3.72,
            "eps_latest_yearly": 5.84,
            "eps_growth_yearly": 31.08
        },
        "20212": {
            "year_quarter": 20212,
            "year": 2021,
            "quarter": 2,
            "eps": 1.27,
            "eps_growth_year": -16.99,
            "eps_4q": 5.68,
            "eps_4q_growth_year": 41.15,
            "roe": 2.83,
            "roe_4q": 13.39,
            "gross_profit": 580374,
            "gross_margin": 35.83,
            "gross_margin_4q_avg": 36.29,
            "net_income": 223661,
            "revenue": 1619782,
            "common_shares": 1765978,
            "book_valuer_per_share": 45.17,
            "book_valuer_per_share_4q_avg": 43.35,
            "equity": 7976933,
            "current_ratio": 254.05,
            "debt_ratio": 31.66,
            "inventory_turnover_ratio": 0.75,
            "account_receivable_turnover_ratio": 1.67,
            "reinvestment_rate": -5.98,
            "research_to_sale_ratio": 8.65,
            "price_fair": 135.6,
            "eps_avg_yearly": 3.87,
            "eps_latest_yearly": 5.08,
            "eps_growth_yearly": 37.63
        },
        "20213": {
            "year_quarter": 20213,
            "year": 2021,
            "quarter": 3,
            "eps": 1.19,
            "eps_growth_year": -17.93,
            "eps_4q": 5.42,
            "eps_4q_growth_year": 38.12,
            "roe": 2.67,
            "roe_4q": 12.41,
            "gross_profit": 525790,
            "gross_margin": 33.56,
            "gross_margin_4q_avg": 35.67,
            "net_income": 210691,
            "revenue": 1566489,
            "common_shares": 1765978,
            "book_valuer_per_share": 44.1,
            "book_valuer_per_share_4q_avg": 44.18,
            "equity": 7789114,
            "current_ratio": 259.95,
            "debt_ratio": 31.02,
            "inventory_turnover_ratio": 0.68,
            "account_receivable_turnover_ratio": 1.5,
            "reinvestment_rate": -4.81,
            "research_to_sale_ratio": 8.81,
            "price_fair": 140.9,
            "eps_avg_yearly": 4.03,
            "eps_latest_yearly": 4.76,
            "eps_growth_yearly": 38.57
        },
        "20214": {
            "year_quarter": 20214,
            "year": 2021,
            "quarter": 4,
            "eps": 0.98,
            "eps_growth_year": -34.51,
            "eps_4q": 4.9,
            "eps_4q_growth_year": -13.12,
            "roe": 2.19,
            "roe_4q": 11.02,
            "gross_profit": 464424,
            "gross_margin": 28.48,
            "gross_margin_4q_avg": 33.6,
            "net_income": 173686,
            "revenue": 1630646,
            "common_shares": 1765978,
            "book_valuer_per_share": 45.51,
            "book_valuer_per_share_4q_avg": 44.81,
            "equity": 8037449,
            "current_ratio": 262.47,
            "debt_ratio": 30.69,
            "inventory_turnover_ratio": 0.76,
            "account_receivable_turnover_ratio": 1.58,
            "reinvestment_rate": -5.44,
            "research_to_sale_ratio": 6.17,
            "price_fair": 147.9,
            "eps_avg_yearly": 4.23,
            "eps_latest_yearly": 3.92,
            "eps_growth_yearly": 49.98
        },
        "20221": {
            "year_quarter": 20221,
            "year": 2022,
            "quarter": 1,
            "eps": 1.39,
            "eps_growth_year": -4.79,
            "eps_4q": 4.83,
            "eps_4q_growth_year": -18.8,
            "roe": 2.97,
            "roe_4q": 10.66,
            "gross_profit": 524694,
            "gross_margin": 33.72,
            "gross_margin_4q_avg": 32.9,
            "net_income": 244994,
            "revenue": 1556073,
            "common_shares": 1765978,
            "book_valuer_per_share": 47.77,
            "book_valuer_per_share_4q_avg": 45.64,
            "equity": 8436429,
            "current_ratio": 282.76,
            "debt_ratio": 29.18,
            "inventory_turnover_ratio": 0.65,
            "account_receivable_turnover_ratio": 1.66,
            "reinvestment_rate": -3.3,
            "research_to_sale_ratio": 7.12,
            "price_fair": 157.6,
            "eps_avg_yearly": 4.5,
            "eps_latest_yearly": 5.56,
            "eps_growth_yearly": 47.65
        },
        "20222": {
            "year_quarter": 20222,
            "year": 2022,
            "quarter": 2,
            "eps": 1.87,
            "eps_growth_year": 47.24,
            "eps_4q": 5.44,
            "eps_4q_growth_year": -4.31,
            "roe": 3.97,
            "roe_4q": 11.8,
            "gross_profit": 604772,
            "gross_margin": 36.66,
            "gross_margin_4q_avg": 33.11,
            "net_income": 330394,
            "revenue": 1649586,
            "common_shares": 1765978,
            "book_valuer_per_share": 46.48,
            "book_valuer_per_share_4q_avg": 45.97,
            "equity": 8209447,
            "current_ratio": 221.1,
            "debt_ratio": 35.62,
            "inventory_turnover_ratio": 0.54,
            "account_receivable_turnover_ratio": 1.55,
            "reinvestment_rate": -3.45,
            "research_to_sale_ratio": 7.19,
            "price_fair": 167.8,
            "eps_avg_yearly": 4.79,
            "eps_latest_yearly": 7.48,
            "eps_growth_yearly": 28.26
        },
        "20223": {
            "year_quarter": 20223,
            "year": 2022,
            "quarter": 3,
            "eps": 3.46,
            "eps_growth_year": 190.76,
            "eps_4q": 7.71,
            "eps_4q_growth_year": 42.18,
            "roe": 7.11,
            "roe_4q": 16.240000000000002,
            "gross_profit": 978025,
            "gross_margin": 38.45,
            "gross_margin_4q_avg": 34.33,
            "net_income": 611576,
            "revenue": 2543933,
            "common_shares": 1765978,
            "book_valuer_per_share": 50.86,
            "book_valuer_per_share_4q_avg": 47.66,
            "equity": 8981918,
            "current_ratio": 311.87,
            "debt_ratio": 29.83,
            "inventory_turnover_ratio": 0.77,
            "account_receivable_turnover_ratio": 1.99,
            "reinvestment_rate": 0.14,
            "research_to_sale_ratio": 5.83,
            "price_fair": 193.5,
            "eps_avg_yearly": 5.53,
            "eps_latest_yearly": 13.84,
            "eps_growth_yearly": 51.21
        },
        "20224": {
            "year_quarter": 20224,
            "year": 2022,
            "quarter": 4,
            "eps": 1.72,
            "eps_growth_year": 75.69,
            "eps_4q": 8.45,
            "eps_4q_growth_year": 72.32,
            "roe": 3.34,
            "roe_4q": 17.39,
            "gross_profit": 772216,
            "gross_margin": 35.22,
            "gross_margin_4q_avg": 36.01,
            "net_income": 304368,
            "revenue": 2192823,
            "common_shares": 1765978,
            "book_valuer_per_share": 52.28,
            "book_valuer_per_share_4q_avg": 49.35,
            "equity": 9232298,
            "current_ratio": 291.14,
            "debt_ratio": 30.97,
            "inventory_turnover_ratio": 0.78,
            "account_receivable_turnover_ratio": 1.91,
            "reinvestment_rate": 5.28,
            "research_to_sale_ratio": 8.09,
            "price_fair": 203.6,
            "eps_avg_yearly": 5.82,
            "eps_latest_yearly": 6.88,
            "eps_growth_yearly": 42.62
        },
        "20231": {
            "year_quarter": 20231,
            "year": 2023,
            "quarter": 1,
            "eps": 2.14,
            "eps_growth_year": 53.96,
            "eps_4q": 9.2,
            "eps_4q_growth_year": 90.48,
            "roe": 4,
            "roe_4q": 18.419999999999998,
            "gross_profit": 715815,
            "gross_margin": 33.24,
            "gross_margin_4q_avg": 35.89,
            "net_income": 378677,
            "revenue": 2153674,
            "common_shares": 1765978,
            "book_valuer_per_share": 54.89,
            "book_valuer_per_share_4q_avg": 51.13,
            "equity": 9693464,
            "current_ratio": 322.63,
            "debt_ratio": 28.46,
            "inventory_turnover_ratio": 0.9,
            "account_receivable_turnover_ratio": 1.83,
            "reinvestment_rate": 7.2,
            "research_to_sale_ratio": 6.03,
            "price_fair": 217.8,
            "eps_avg_yearly": 6.22,
            "eps_latest_yearly": 8.56,
            "eps_growth_yearly": 49.2
        },
        "20232": {
            "year_quarter": 20232,
            "year": 2023,
            "quarter": 2,
            "eps": 1.95,
            "eps_growth_year": 4.28,
            "eps_4q": 9.28,
            "eps_4q_growth_year": 70.74,
            "roe": 3.6,
            "roe_4q": 18.05,
            "gross_profit": 688587,
            "gross_margin": 35.98,
            "gross_margin_4q_avg": 35.72,
            "net_income": 344764,
            "revenue": 1913890,
            "common_shares": 1765978,
            "book_valuer_per_share": 53.44,
            "book_valuer_per_share_4q_avg": 52.87,
            "equity": 9438191,
            "current_ratio": 277.68,
            "debt_ratio": 32.44,
            "inventory_turnover_ratio": 0.9,
            "account_receivable_turnover_ratio": 1.55,
            "reinvestment_rate": 18.73,
            "research_to_sale_ratio": 7.13,
            "price_fair": 229.7,
            "eps_avg_yearly": 6.56,
            "eps_latest_yearly": 7.8,
            "eps_growth_yearly": 45.07
        }
    },
    "months": {
        "2002-08": {
            "month": "2002-08",
            "price": "37.56",
            "revenue": 215521
        },
        "2002-09": {
            "month": "2002-09",
            "price": "36.94",
            "revenue": 165900
        },
        "2002-10": {
            "month": "2002-10",
            "price": "32.89",
            "revenue": 204888
        },
        "2002-11": {
            "month": "2002-11",
            "price": "34.41",
            "revenue": 215749
        },
        "2002-12": {
            "month": "2002-12",
            "price": "34.02",
            "revenue": 211910
        },
        "2003-01": {
            "month": "2003-01",
            "price": "34.22",
            "revenue": 233535
        },
        "2003-02": {
            "month": "2003-02",
            "price": "33.17",
            "revenue": 201723
        },
        "2003-03": {
            "month": "2003-03",
            "price": "33.05",
            "revenue": 273763
        },
        "2003-04": {
            "month": "2003-04",
            "price": "41.15",
            "revenue": 262068
        },
        "2003-05": {
            "month": "2003-05",
            "price": "55.71",
            "revenue": 254227
        },
        "2003-06": {
            "month": "2003-06",
            "price": "60.58",
            "revenue": 198409
        },
        "2003-07": {
            "month": "2003-07",
            "price": "62.02",
            "revenue": 204028
        },
        "2003-08": {
            "month": "2003-08",
            "price": "69.02",
            "revenue": 207098
        },
        "2003-09": {
            "month": "2003-09",
            "price": "68.50",
            "revenue": 217653
        },
        "2003-10": {
            "month": "2003-10",
            "price": "69.86",
            "revenue": 294258
        },
        "2003-11": {
            "month": "2003-11",
            "price": "53.65",
            "revenue": 237346
        },
        "2003-12": {
            "month": "2003-12",
            "price": "55.00",
            "revenue": 247035
        },
        "2004-01": {
            "month": "2004-01",
            "price": "60.60",
            "revenue": 200841
        },
        "2004-02": {
            "month": "2004-02",
            "price": "59.48",
            "revenue": 239966
        },
        "2004-03": {
            "month": "2004-03",
            "price": "50.40",
            "revenue": 268016
        },
        "2004-04": {
            "month": "2004-04",
            "price": "44.17",
            "revenue": 229120
        },
        "2004-05": {
            "month": "2004-05",
            "price": "31.90",
            "revenue": 229710
        },
        "2004-06": {
            "month": "2004-06",
            "price": "29.20",
            "revenue": 305413
        },
        "2004-07": {
            "month": "2004-07",
            "price": "28.33",
            "revenue": 260985
        },
        "2004-08": {
            "month": "2004-08",
            "price": "27.51",
            "revenue": 270226
        },
        "2004-09": {
            "month": "2004-09",
            "price": "31.50",
            "revenue": 314460
        },
        "2004-10": {
            "month": "2004-10",
            "price": "33.80",
            "revenue": 288464
        },
        "2004-11": {
            "month": "2004-11",
            "price": "29.90",
            "revenue": 237991
        },
        "2004-12": {
            "month": "2004-12",
            "price": "29.71",
            "revenue": 267904
        },
        "2005-01": {
            "month": "2005-01",
            "price": "28.26",
            "revenue": 293625
        },
        "2005-02": {
            "month": "2005-02",
            "price": "29.64",
            "revenue": 205583
        },
        "2005-03": {
            "month": "2005-03",
            "price": "32.23",
            "revenue": 300069
        },
        "2005-04": {
            "month": "2005-04",
            "price": "39.92",
            "revenue": 269960
        },
        "2005-05": {
            "month": "2005-05",
            "price": "39.87",
            "revenue": 306323
        },
        "2005-06": {
            "month": "2005-06",
            "price": "38.08",
            "revenue": 284724
        },
        "2005-07": {
            "month": "2005-07",
            "price": "42.57",
            "revenue": 244517
        },
        "2005-08": {
            "month": "2005-08",
            "price": "42.02",
            "revenue": 207964
        },
        "2005-09": {
            "month": "2005-09",
            "price": "35.11",
            "revenue": 168762
        },
        "2005-10": {
            "month": "2005-10",
            "price": "29.94",
            "revenue": 192315
        },
        "2005-11": {
            "month": "2005-11",
            "price": "30.04",
            "revenue": 184992
        },
        "2005-12": {
            "month": "2005-12",
            "price": "32.73",
            "revenue": 181615
        },
        "2006-01": {
            "month": "2006-01",
            "price": "32.63",
            "revenue": 160888
        },
        "2006-02": {
            "month": "2006-02",
            "price": "30.25",
            "revenue": 155305
        },
        "2006-03": {
            "month": "2006-03",
            "price": "28.49",
            "revenue": 244379
        },
        "2006-04": {
            "month": "2006-04",
            "price": "29.79",
            "revenue": 200742
        },
        "2006-05": {
            "month": "2006-05",
            "price": "30.42",
            "revenue": 205364
        },
        "2006-06": {
            "month": "2006-06",
            "price": "26.56",
            "revenue": 230999
        },
        "2006-07": {
            "month": "2006-07",
            "price": "25.96",
            "revenue": 224578
        },
        "2006-08": {
            "month": "2006-08",
            "price": "26.11",
            "revenue": 232993
        },
        "2006-09": {
            "month": "2006-09",
            "price": "26.87",
            "revenue": 183906
        },
        "2006-10": {
            "month": "2006-10",
            "price": "26.34",
            "revenue": 218981
        },
        "2006-11": {
            "month": "2006-11",
            "price": "26.71",
            "revenue": 220554
        },
        "2006-12": {
            "month": "2006-12",
            "price": "28.99",
            "revenue": 232693
        },
        "2007-01": {
            "month": "2007-01",
            "price": "30.64",
            "revenue": 239202
        },
        "2007-02": {
            "month": "2007-02",
            "price": "30.78",
            "revenue": 186162
        },
        "2007-03": {
            "month": "2007-03",
            "price": "37.54",
            "revenue": 251329
        },
        "2007-04": {
            "month": "2007-04",
            "price": "42.60",
            "revenue": 266256
        },
        "2007-05": {
            "month": "2007-05",
            "price": "44.76",
            "revenue": 269049
        },
        "2007-06": {
            "month": "2007-06",
            "price": "55.06",
            "revenue": 238646
        },
        "2007-07": {
            "month": "2007-07",
            "price": "70.60",
            "revenue": 244283
        },
        "2007-08": {
            "month": "2007-08",
            "price": "72.52",
            "revenue": 270272
        },
        "2007-09": {
            "month": "2007-09",
            "price": "72.46",
            "revenue": 263615
        },
        "2007-10": {
            "month": "2007-10",
            "price": "69.44",
            "revenue": 318947
        },
        "2007-11": {
            "month": "2007-11",
            "price": "52.39",
            "revenue": 293643
        },
        "2007-12": {
            "month": "2007-12",
            "price": "45.89",
            "revenue": 308147
        },
        "2008-01": {
            "month": "2008-01",
            "price": "42.37",
            "revenue": 326967
        },
        "2008-02": {
            "month": "2008-02",
            "price": "42.34",
            "revenue": 227938
        },
        "2008-03": {
            "month": "2008-03",
            "price": "48.74",
            "revenue": 359686
        },
        "2008-04": {
            "month": "2008-04",
            "price": "54.50",
            "revenue": 398741
        },
        "2008-05": {
            "month": "2008-05",
            "price": "51.97",
            "revenue": 386934
        },
        "2008-06": {
            "month": "2008-06",
            "price": "41.82",
            "revenue": 292797
        },
        "2008-07": {
            "month": "2008-07",
            "price": "36.90",
            "revenue": 256717
        },
        "2008-08": {
            "month": "2008-08",
            "price": "38.38",
            "revenue": 318007
        },
        "2008-09": {
            "month": "2008-09",
            "price": "36.07",
            "revenue": 310941
        },
        "2008-10": {
            "month": "2008-10",
            "price": "29.28",
            "revenue": 300033
        },
        "2008-11": {
            "month": "2008-11",
            "price": "24.34",
            "revenue": 261689
        },
        "2008-12": {
            "month": "2008-12",
            "price": "24.35",
            "revenue": 239795
        },
        "2009-01": {
            "month": "2009-01",
            "price": "25.61",
            "revenue": 207358
        },
        "2009-02": {
            "month": "2009-02",
            "price": "25.35",
            "revenue": 188811
        },
        "2009-03": {
            "month": "2009-03",
            "price": "26.97",
            "revenue": 148390
        },
        "2009-04": {
            "month": "2009-04",
            "price": "26.84",
            "revenue": 143496
        },
        "2009-05": {
            "month": "2009-05",
            "price": "29.61",
            "revenue": 130156
        },
        "2009-06": {
            "month": "2009-06",
            "price": "28.59",
            "revenue": 149015
        },
        "2009-07": {
            "month": "2009-07",
            "price": "31.40",
            "revenue": 350742
        },
        "2009-08": {
            "month": "2009-08",
            "price": "35.82",
            "revenue": 400741
        },
        "2009-09": {
            "month": "2009-09",
            "price": "38.88",
            "revenue": 503649
        },
        "2009-10": {
            "month": "2009-10",
            "price": "36.36",
            "revenue": 422354
        },
        "2009-11": {
            "month": "2009-11",
            "price": "34.74",
            "revenue": 351617
        },
        "2009-12": {
            "month": "2009-12",
            "price": "36.98",
            "revenue": 285357
        },
        "2010-01": {
            "month": "2010-01",
            "price": "37.70",
            "revenue": 306745
        },
        "2010-02": {
            "month": "2010-02",
            "price": "34.31",
            "revenue": 277894
        },
        "2010-03": {
            "month": "2010-03",
            "price": "37.28",
            "revenue": 283426
        },
        "2010-04": {
            "month": "2010-04",
            "price": "39.73",
            "revenue": 307252
        },
        "2010-05": {
            "month": "2010-05",
            "price": "37.64",
            "revenue": 400663
        },
        "2010-06": {
            "month": "2010-06",
            "price": "38.64",
            "revenue": 363511
        },
        "2010-07": {
            "month": "2010-07",
            "price": "39.15",
            "revenue": 433455
        },
        "2010-08": {
            "month": "2010-08",
            "price": "38.86",
            "revenue": 592438
        },
        "2010-09": {
            "month": "2010-09",
            "price": "42.14",
            "revenue": 607721
        },
        "2010-10": {
            "month": "2010-10",
            "price": "42.89",
            "revenue": 462801
        },
        "2010-11": {
            "month": "2010-11",
            "price": "40.08",
            "revenue": 370745
        },
        "2010-12": {
            "month": "2010-12",
            "price": "42.44",
            "revenue": 363544
        },
        "2011-01": {
            "month": "2011-01",
            "price": "43.29",
            "revenue": 601047
        },
        "2011-02": {
            "month": "2011-02",
            "price": "45.45",
            "revenue": 544503
        },
        "2011-03": {
            "month": "2011-03",
            "price": "53.34",
            "revenue": 625103
        },
        "2011-04": {
            "month": "2011-04",
            "price": "60.00",
            "revenue": 628131
        },
        "2011-05": {
            "month": "2011-05",
            "price": "60.64",
            "revenue": 612618
        },
        "2011-06": {
            "month": "2011-06",
            "price": "56.42",
            "revenue": 272809
        },
        "2011-07": {
            "month": "2011-07",
            "price": "47.35",
            "revenue": 329520
        },
        "2011-08": {
            "month": "2011-08",
            "price": "38.55",
            "revenue": 293045
        },
        "2011-09": {
            "month": "2011-09",
            "price": "39.54",
            "revenue": 362412
        },
        "2011-10": {
            "month": "2011-10",
            "price": "40.94",
            "revenue": 337409
        },
        "2011-11": {
            "month": "2011-11",
            "price": "43.55",
            "revenue": 279591
        },
        "2011-12": {
            "month": "2011-12",
            "price": "38.69",
            "revenue": 276977
        },
        "2012-01": {
            "month": "2012-01",
            "price": "39.33",
            "revenue": 227396
        },
        "2012-02": {
            "month": "2012-02",
            "price": "43.94",
            "revenue": 238346
        },
        "2012-03": {
            "month": "2012-03",
            "price": "44.55",
            "revenue": 329277
        },
        "2012-04": {
            "month": "2012-04",
            "price": "40.60",
            "revenue": 298214
        },
        "2012-05": {
            "month": "2012-05",
            "price": "41.64",
            "revenue": 384782
        },
        "2012-06": {
            "month": "2012-06",
            "price": "45.06",
            "revenue": 303131
        },
        "2012-07": {
            "month": "2012-07",
            "price": "48.98",
            "revenue": 328576
        },
        "2012-08": {
            "month": "2012-08",
            "price": "50.82",
            "revenue": 391737
        },
        "2012-09": {
            "month": "2012-09",
            "price": "53.52",
            "revenue": 381320
        },
        "2012-10": {
            "month": "2012-10",
            "price": "49.18",
            "revenue": 364992
        },
        "2012-11": {
            "month": "2012-11",
            "price": "37.33",
            "revenue": 331305
        },
        "2012-12": {
            "month": "2012-12",
            "price": "40.23",
            "revenue": 234447
        },
        "2013-01": {
            "month": "2013-01",
            "price": "38.95",
            "revenue": 445293
        },
        "2013-02": {
            "month": "2013-02",
            "price": "39.39",
            "revenue": 316611
        },
        "2013-03": {
            "month": "2013-03",
            "price": "39.48",
            "revenue": 501451
        },
        "2013-04": {
            "month": "2013-04",
            "price": "37.77",
            "revenue": 435009
        },
        "2013-05": {
            "month": "2013-05",
            "price": "38.54",
            "revenue": 463591
        },
        "2013-06": {
            "month": "2013-06",
            "price": "36.59",
            "revenue": 381698
        },
        "2013-07": {
            "month": "2013-07",
            "price": "35.70",
            "revenue": 373867
        },
        "2013-08": {
            "month": "2013-08",
            "price": "37.25",
            "revenue": 399799
        },
        "2013-09": {
            "month": "2013-09",
            "price": "37.25",
            "revenue": 352787
        },
        "2013-10": {
            "month": "2013-10",
            "price": "39.11",
            "revenue": 357713
        },
        "2013-11": {
            "month": "2013-11",
            "price": "37.41",
            "revenue": 463483
        },
        "2013-12": {
            "month": "2013-12",
            "price": "39.14",
            "revenue": 399114
        },
        "2014-01": {
            "month": "2014-01",
            "price": "52.24",
            "revenue": 468744
        },
        "2014-02": {
            "month": "2014-02",
            "price": "56.41",
            "revenue": 333766
        },
        "2014-03": {
            "month": "2014-03",
            "price": "63.14",
            "revenue": 449883
        },
        "2014-04": {
            "month": "2014-04",
            "price": "47.00",
            "revenue": 567833
        },
        "2014-05": {
            "month": "2014-05",
            "price": "46.64",
            "revenue": 570662
        },
        "2014-06": {
            "month": "2014-06",
            "price": "53.42",
            "revenue": 539972
        },
        "2014-07": {
            "month": "2014-07",
            "price": "54.67",
            "revenue": 594326
        },
        "2014-08": {
            "month": "2014-08",
            "price": "56.28",
            "revenue": 744983
        },
        "2014-09": {
            "month": "2014-09",
            "price": "59.56",
            "revenue": 595029
        },
        "2014-10": {
            "month": "2014-10",
            "price": "50.48",
            "revenue": 455152
        },
        "2014-11": {
            "month": "2014-11",
            "price": "47.25",
            "revenue": 536460
        },
        "2014-12": {
            "month": "2014-12",
            "price": "48.64",
            "revenue": 514483
        },
        "2015-01": {
            "month": "2015-01",
            "price": "50.42",
            "revenue": 635865
        },
        "2015-02": {
            "month": "2015-02",
            "price": "50.12",
            "revenue": 414335
        },
        "2015-03": {
            "month": "2015-03",
            "price": "54.19",
            "revenue": 637865
        },
        "2015-04": {
            "month": "2015-04",
            "price": "55.56",
            "revenue": 650494
        },
        "2015-05": {
            "month": "2015-05",
            "price": "53.10",
            "revenue": 787139
        },
        "2015-06": {
            "month": "2015-06",
            "price": "52.95",
            "revenue": 568027
        },
        "2015-07": {
            "month": "2015-07",
            "price": "48.42",
            "revenue": 494856
        },
        "2015-08": {
            "month": "2015-08",
            "price": "38.72",
            "revenue": 558490
        },
        "2015-09": {
            "month": "2015-09",
            "price": "39.05",
            "revenue": 531667
        },
        "2015-10": {
            "month": "2015-10",
            "price": "41.45",
            "revenue": 519220
        },
        "2015-11": {
            "month": "2015-11",
            "price": "40.81",
            "revenue": 492946
        },
        "2015-12": {
            "month": "2015-12",
            "price": "39.39",
            "revenue": 534369
        },
        "2016-01": {
            "month": "2016-01",
            "price": "38.32",
            "revenue": 597245
        },
        "2016-02": {
            "month": "2016-02",
            "price": "39.77",
            "revenue": 497632
        },
        "2016-03": {
            "month": "2016-03",
            "price": "40.22",
            "revenue": 599827
        },
        "2016-04": {
            "month": "2016-04",
            "price": "36.54",
            "revenue": 609014
        },
        "2016-05": {
            "month": "2016-05",
            "price": "36.12",
            "revenue": 403958
        },
        "2016-06": {
            "month": "2016-06",
            "price": "38.50",
            "revenue": 519048
        },
        "2016-07": {
            "month": "2016-07",
            "price": "39.78",
            "revenue": 518708
        },
        "2016-08": {
            "month": "2016-08",
            "price": "42.06",
            "revenue": 573609
        },
        "2016-09": {
            "month": "2016-09",
            "price": "44.63",
            "revenue": 780242
        },
        "2016-10": {
            "month": "2016-10",
            "price": "46.58",
            "revenue": 723757
        },
        "2016-11": {
            "month": "2016-11",
            "price": "46.50",
            "revenue": 836435
        },
        "2016-12": {
            "month": "2016-12",
            "price": "46.33",
            "revenue": 984162
        },
        "2017-01": {
            "month": "2017-01",
            "price": "46.10",
            "revenue": 707082
        },
        "2017-02": {
            "month": "2017-02",
            "price": "46.64",
            "revenue": 779535
        },
        "2017-03": {
            "month": "2017-03",
            "price": "49.93",
            "revenue": 715740
        },
        "2017-04": {
            "month": "2017-04",
            "price": "46.50",
            "revenue": 648918
        },
        "2017-05": {
            "month": "2017-05",
            "price": "46.66",
            "revenue": 480235
        },
        "2017-06": {
            "month": "2017-06",
            "price": "47.44",
            "revenue": 482958
        },
        "2017-07": {
            "month": "2017-07",
            "price": "46.20",
            "revenue": 515010
        },
        "2017-08": {
            "month": "2017-08",
            "price": "45.39",
            "revenue": 511036
        },
        "2017-09": {
            "month": "2017-09",
            "price": "45.91",
            "revenue": 552682
        },
        "2017-10": {
            "month": "2017-10",
            "price": "42.89",
            "revenue": 468980
        },
        "2017-11": {
            "month": "2017-11",
            "price": "41.59",
            "revenue": 480682
        },
        "2017-12": {
            "month": "2017-12",
            "price": "40.61",
            "revenue": 552632
        },
        "2018-01": {
            "month": "2018-01",
            "price": "39.88",
            "revenue": 472557
        },
        "2018-02": {
            "month": "2018-02",
            "price": "40.18",
            "revenue": 365584
        },
        "2018-03": {
            "month": "2018-03",
            "price": "38.67",
            "revenue": 474313
        },
        "2018-04": {
            "month": "2018-04",
            "price": "36.86",
            "revenue": 473888
        },
        "2018-05": {
            "month": "2018-05",
            "price": "33.79",
            "revenue": 530074
        },
        "2018-06": {
            "month": "2018-06",
            "price": "37.12",
            "revenue": 482389
        },
        "2018-07": {
            "month": "2018-07",
            "price": "36.52",
            "revenue": 474173
        },
        "2018-08": {
            "month": "2018-08",
            "price": "36.88",
            "revenue": 556200
        },
        "2018-09": {
            "month": "2018-09",
            "price": "37.68",
            "revenue": 537098
        },
        "2018-10": {
            "month": "2018-10",
            "price": "33.35",
            "revenue": 533776
        },
        "2018-11": {
            "month": "2018-11",
            "price": "32.65",
            "revenue": 669895
        },
        "2018-12": {
            "month": "2018-12",
            "price": "34.36",
            "revenue": 617565
        },
        "2019-01": {
            "month": "2019-01",
            "price": "35.14",
            "revenue": 619704
        },
        "2019-02": {
            "month": "2019-02",
            "price": "36.34",
            "revenue": 316824
        },
        "2019-03": {
            "month": "2019-03",
            "price": "34.56",
            "revenue": 549603
        },
        "2019-04": {
            "month": "2019-04",
            "price": "34.09",
            "revenue": 400335
        },
        "2019-05": {
            "month": "2019-05",
            "price": "32.96",
            "revenue": 505966
        },
        "2019-06": {
            "month": "2019-06",
            "price": "32.72",
            "revenue": 496780
        },
        "2019-07": {
            "month": "2019-07",
            "price": "34.08",
            "revenue": 508644
        },
        "2019-08": {
            "month": "2019-08",
            "price": "34.28",
            "revenue": 458537
        },
        "2019-09": {
            "month": "2019-09",
            "price": "51.61",
            "revenue": 479281
        },
        "2019-10": {
            "month": "2019-10",
            "price": "55.72",
            "revenue": 403255
        },
        "2019-11": {
            "month": "2019-11",
            "price": "54.22",
            "revenue": 415615
        },
        "2019-12": {
            "month": "2019-12",
            "price": "53.30",
            "revenue": 452464
        },
        "2020-01": {
            "month": "2020-01",
            "price": "52.58",
            "revenue": 382736
        },
        "2020-02": {
            "month": "2020-02",
            "price": "47.69",
            "revenue": 247603
        },
        "2020-03": {
            "month": "2020-03",
            "price": "36.50",
            "revenue": 377797
        },
        "2020-04": {
            "month": "2020-04",
            "price": "33.24",
            "revenue": 470153
        },
        "2020-05": {
            "month": "2020-05",
            "price": "39.52",
            "revenue": 579592
        },
        "2020-06": {
            "month": "2020-06",
            "price": "43.41",
            "revenue": 582353
        },
        "2020-07": {
            "month": "2020-07",
            "price": "47.97",
            "revenue": 534352
        },
        "2020-08": {
            "month": "2020-08",
            "price": "47.91",
            "revenue": 504448
        },
        "2020-09": {
            "month": "2020-09",
            "price": "44.51",
            "revenue": 500211
        },
        "2020-10": {
            "month": "2020-10",
            "price": "43.62",
            "revenue": 482887
        },
        "2020-11": {
            "month": "2020-11",
            "price": "46.04",
            "revenue": 595161
        },
        "2020-12": {
            "month": "2020-12",
            "price": "50.55",
            "revenue": 690285
        },
        "2021-01": {
            "month": "2021-01",
            "price": "53.04",
            "revenue": 494980
        },
        "2021-02": {
            "month": "2021-02",
            "price": "51.75",
            "revenue": 372770
        },
        "2021-03": {
            "month": "2021-03",
            "price": "54.91",
            "revenue": 558842
        },
        "2021-04": {
            "month": "2021-04",
            "price": "58.41",
            "revenue": 513413
        },
        "2021-05": {
            "month": "2021-05",
            "price": "50.68",
            "revenue": 503746
        },
        "2021-06": {
            "month": "2021-06",
            "price": "50.34",
            "revenue": 602546
        },
        "2021-07": {
            "month": "2021-07",
            "price": "51.78",
            "revenue": 544766
        },
        "2021-08": {
            "month": "2021-08",
            "price": "48.30",
            "revenue": 516569
        },
        "2021-09": {
            "month": "2021-09",
            "price": "45.22",
            "revenue": 505231
        },
        "2021-10": {
            "month": "2021-10",
            "price": "43.98",
            "revenue": 417331
        },
        "2021-11": {
            "month": "2021-11",
            "price": "44.33",
            "revenue": 496134
        },
        "2021-12": {
            "month": "2021-12",
            "price": "45.19",
            "revenue": 717181
        },
        "2022-01": {
            "month": "2022-01",
            "price": "45.71",
            "revenue": 618164
        },
        "2022-02": {
            "month": "2022-02",
            "price": "46.62",
            "revenue": 471425
        },
        "2022-03": {
            "month": "2022-03",
            "price": "46.12",
            "revenue": 466483
        },
        "2022-04": {
            "month": "2022-04",
            "price": "45.50",
            "revenue": 454487
        },
        "2022-05": {
            "month": "2022-05",
            "price": "44.35",
            "revenue": 518773
        },
        "2022-06": {
            "month": "2022-06",
            "price": "44.66",
            "revenue": 676327
        },
        "2022-07": {
            "month": "2022-07",
            "price": "49.34",
            "revenue": 859297
        },
        "2022-08": {
            "month": "2022-08",
            "price": "63.16",
            "revenue": 941034
        },
        "2022-09": {
            "month": "2022-09",
            "price": "67.35",
            "revenue": 743602
        },
        "2022-10": {
            "month": "2022-10",
            "price": "54.56",
            "revenue": 678522
        },
        "2022-11": {
            "month": "2022-11",
            "price": "63.23",
            "revenue": 807780
        },
        "2022-12": {
            "month": "2022-12",
            "price": "75.38",
            "revenue": 738946
        },
        "2023-01": {
            "month": "2023-01",
            "price": "72.12",
            "revenue": 666814
        },
        "2023-02": {
            "month": "2023-02",
            "price": "79.77",
            "revenue": 722839
        },
        "2023-03": {
            "month": "2023-03",
            "price": "80.45",
            "revenue": 764021
        },
        "2023-04": {
            "month": "2023-04",
            "price": "81.61",
            "revenue": 638988
        },
        "2023-05": {
            "month": "2023-05",
            "price": "87.17",
            "revenue": 674170
        },
        "2023-06": {
            "month": "2023-06",
            "price": "91.68",
            "revenue": 600732
        },
        "2023-07": {
            "month": "2023-07",
            "price": "86.47",
            "revenue": 636666
        },
        "2023-08": {
            "month": "2023-08",
            "price": "79.91",
            "revenue": 683857
        }
    }
}
