{
    "summary": {
        "stock_name": "信邦",
        "stock_id": "3023",
        "category": "電子零組件",
        "main_business": "各種電子零件加工、製造及其成品之買賣業務<br>電腦週邊設備、通訊器材、電腦通訊網路及其零組件之製造加工買賣<br>代理各種電子零件有關產品之報價經銷",
        "website_url": "http://www.sinbon.com",
        "ceo": "梁偉銘",
        "pe_ratio": 22,
        "report_year_from": 2001,
        "report_year_to": 2023,
        "age": 23,
        "eps_negative_percentage": 0,
        "eps_growth_avg": {
            "last_all": 12.56,
            "last_2y": 8.02,
            "last_4y": 12.98,
            "last_8y": 13.1,
            "last_12y": 13.59,
            "last_16y": 15.44,
            "last_20y": 14.14,
            "at_2006_last_3y": 8.58,
            "at_2007_last_3y": 6.01,
            "at_2008_last_3y": -28.29,
            "at_2009_last_3y": -4.59,
            "at_2010_last_3y": 21.48,
            "at_2011_last_3y": 28.11,
            "at_2012_last_3y": 57.06,
            "at_2013_last_3y": 34.65,
            "at_2014_last_3y": 14.67,
            "at_2015_last_3y": 16.52,
            "at_2016_last_3y": 16.05,
            "at_2017_last_3y": 14.46,
            "at_2018_last_3y": 13.26,
            "at_2019_last_3y": 13.15,
            "at_2020_last_3y": 15.02,
            "at_2021_last_3y": 16.5,
            "at_2022_last_3y": 18.21,
            "at_2023_last_3y": 11.44,
            "at_2024_last_3y": 11.44,
            "at_2006_last_all": 2.75,
            "at_2007_last_all": -0.1,
            "at_2008_last_all": -14.33,
            "at_2009_last_all": -0.04,
            "at_2010_last_all": 11.07,
            "at_2011_last_all": 11.18,
            "at_2012_last_all": 11.63,
            "at_2013_last_all": 11.52,
            "at_2014_last_all": 12.18,
            "at_2015_last_all": 12.71,
            "at_2016_last_all": 12.81,
            "at_2017_last_all": 12.26,
            "at_2018_last_all": 12.43,
            "at_2019_last_all": 12.81,
            "at_2020_last_all": 13.27,
            "at_2021_last_all": 13.11,
            "at_2022_last_all": 13.53,
            "at_2023_last_all": 12.56,
            "at_2024_last_all": 12.56
        },
        "latest_eps": 13.67,
        "latest_price": 299,
        "latest_roe": 24.03,
        "latest_gross_margin": 25.69,
        "latest_equity": 13498445,
        "latest_revenue": 8209756,
        "latest_gross_profit": 2108718,
        "latest_net_income": 873239,
        "latest_debt_ratio": 57.03,
        "latest_current_ratio": 158.45,
        "latest_account_receivable_turnover_ratio": 0.95,
        "latest_inventory_turnover_ratio": 0.55,
        "latest_reinvestment_rate": 13.68,
        "latest_research_to_sale_ratio": 3.17
    },
    "eps_dividends": {
        "1999": {
            "cash": 0.3,
            "stock": 1.5,
            "eps": 0
        },
        "2000": {
            "cash": 0,
            "stock": 2,
            "eps": 0
        },
        "2001": {
            "cash": 0,
            "stock": 0,
            "eps": 4.03
        },
        "2002": {
            "cash": 0.5,
            "stock": 2,
            "eps": 3.2
        },
        "2003": {
            "cash": 1.5,
            "stock": 1,
            "eps": 3.07
        },
        "2004": {
            "cash": 2,
            "stock": 0.5,
            "eps": 4.22
        },
        "2005": {
            "cash": 0.55,
            "stock": 2.55,
            "eps": 4.44
        },
        "2006": {
            "cash": 2.8,
            "stock": 0.5,
            "eps": 4.25
        },
        "2007": {
            "cash": 2.3,
            "stock": 1.2,
            "eps": 3.64
        },
        "2008": {
            "cash": 1.01,
            "stock": 0.5,
            "eps": 0.01
        },
        "2009": {
            "cash": 1.1,
            "stock": 0,
            "eps": 1.07
        },
        "2010": {
            "cash": 1,
            "stock": 0,
            "eps": 2.22
        },
        "2011": {
            "cash": 3.4,
            "stock": 0,
            "eps": 2.49
        },
        "2012": {
            "cash": 0,
            "stock": 0,
            "eps": 2.89
        },
        "2013": {
            "cash": 2,
            "stock": 0,
            "eps": 3.19
        },
        "2014": {
            "cash": 2.5,
            "stock": 0,
            "eps": 3.83
        },
        "2015": {
            "cash": 2.8,
            "stock": 0.2,
            "eps": 4.58
        },
        "2016": {
            "cash": 3.1,
            "stock": 0.3,
            "eps": 5.23
        },
        "2017": {
            "cash": 3.7,
            "stock": 0,
            "eps": 5.44
        },
        "2018": {
            "cash": 4,
            "stock": 0,
            "eps": 6.27
        },
        "2019": {
            "cash": 4.5,
            "stock": 0,
            "eps": 7.47
        },
        "2020": {
            "cash": 5.3,
            "stock": 0,
            "eps": 9.09
        },
        "2021": {
            "cash": 6.3,
            "stock": 0,
            "eps": 9.99
        },
        "2022": {
            "cash": 7,
            "stock": 0,
            "eps": 12.2
        },
        "2023": {
            "cash": 17,
            "stock": 0,
            "eps": 11.23
        }
    },
    "dividends": {
        "1999-06-05": {
            "cash": 0.3,
            "stock": 1.5
        },
        "2000-06-12": {
            "cash": 0,
            "stock": 2
        },
        "2002-06-18": {
            "cash": 0.5,
            "stock": 2
        },
        "2003-03-14": {
            "cash": 1.5,
            "stock": 1
        },
        "2004-03-19": {
            "cash": 2,
            "stock": 0.5
        },
        "2005-03-21": {
            "cash": 0.55,
            "stock": 2.55
        },
        "2006-03-28": {
            "cash": 2.8,
            "stock": 0.5
        },
        "2007-03-21": {
            "cash": 2.3,
            "stock": 1.2
        },
        "2008-03-21": {
            "cash": 1.01,
            "stock": 0.5
        },
        "2009-04-23": {
            "cash": 1.1,
            "stock": 0
        },
        "2010-03-25": {
            "cash": 1,
            "stock": 0
        },
        "2011-01-01": {
            "cash": 1.7,
            "stock": 0
        },
        "2011-03-21": {
            "cash": 1.7,
            "stock": 0
        },
        "2013-03-22": {
            "cash": 2,
            "stock": 0
        },
        "2014-09-19": {
            "cash": 2.5,
            "stock": 0
        },
        "2015-10-22": {
            "cash": 2.8,
            "stock": 0.2
        },
        "2016-09-22": {
            "cash": 3.1,
            "stock": 0.3
        },
        "2017-08-16": {
            "cash": 3.7,
            "stock": 0
        },
        "2018-08-13": {
            "cash": 4,
            "stock": 0
        },
        "2019-08-28": {
            "cash": 4.5,
            "stock": 0
        },
        "2020-08-25": {
            "cash": 5.3,
            "stock": 0
        },
        "2021-09-17": {
            "cash": 6.3,
            "stock": 0
        },
        "2022-09-16": {
            "cash": 7,
            "stock": 0
        },
        "2023-03-09": {
            "cash": 8.5,
            "stock": 0
        },
        "2023-09-28": {
            "cash": 8.5,
            "stock": 0
        }
    },
    "prices": {
        "200101": "無",
        "200102": "無",
        "200103": "無",
        "200104": "無",
        "200105": "無",
        "200106": "無",
        "200107": "無",
        "200108": "無",
        "200109": "無",
        "200110": "無",
        "200111": "無",
        "200112": "無",
        "200201": "無",
        "200202": "無",
        "200203": "無",
        "200204": "無",
        "200205": "無",
        "200206": "無",
        "200207": "無",
        "200208": "47.32",
        "200209": "42.32",
        "200210": "36.04",
        "200211": "36.64",
        "200212": "39.82",
        "200301": "37.33",
        "200302": "31.06",
        "200303": "32.10",
        "200304": "31.81",
        "200305": "29.70",
        "200306": "32.72",
        "200307": "33.53",
        "200308": "34.98",
        "200309": "32.02",
        "200310": "32.68",
        "200311": "33.10",
        "200312": "34.60",
        "200401": "35.12",
        "200402": "34.54",
        "200403": "32.97",
        "200404": "36.61",
        "200405": "35.45",
        "200406": "34.67",
        "200407": "29.95",
        "200408": "28.54",
        "200409": "29.85",
        "200410": "28.08",
        "200411": "28.40",
        "200412": "28.81",
        "200501": "28.37",
        "200502": "30.55",
        "200503": "32.80",
        "200504": "31.95",
        "200505": "33.61",
        "200506": "29.84",
        "200507": "31.80",
        "200508": "30.45",
        "200509": "30.32",
        "200510": "30.15",
        "200511": "29.43",
        "200512": "31.79",
        "200601": "31.97",
        "200602": "31.63",
        "200603": "35.46",
        "200604": "37.78",
        "200605": "38.18",
        "200606": "34.64",
        "200607": "35.09",
        "200608": "33.81",
        "200609": "33.84",
        "200610": "36.05",
        "200611": "37.78",
        "200612": "38.00",
        "200701": "42.65",
        "200702": "41.99",
        "200703": "40.50",
        "200704": "39.83",
        "200705": "38.06",
        "200706": "38.88",
        "200707": "39.74",
        "200708": "31.61",
        "200709": "32.86",
        "200710": "33.69",
        "200711": "32.28",
        "200712": "30.42",
        "200801": "27.77",
        "200802": "27.03",
        "200803": "26.83",
        "200804": "25.51",
        "200805": "24.77",
        "200806": "21.54",
        "200807": "18.49",
        "200808": "16.33",
        "200809": "12.24",
        "200810": "11.35",
        "200811": "9.07",
        "200812": "7.81",
        "200901": "7.74",
        "200902": "8.66",
        "200903": "10.24",
        "200904": "13.22",
        "200905": "15.30",
        "200906": "15.08",
        "200907": "16.40",
        "200908": "17.22",
        "200909": "19.67",
        "200910": "20.94",
        "200911": "20.15",
        "200912": "22.40",
        "201001": "22.63",
        "201002": "20.73",
        "201003": "22.16",
        "201004": "23.59",
        "201005": "23.54",
        "201006": "23.40",
        "201007": "23.66",
        "201008": "24.76",
        "201009": "25.05",
        "201010": "25.20",
        "201011": "23.12",
        "201012": "23.58",
        "201101": "23.23",
        "201102": "22.22",
        "201103": "21.73",
        "201104": "23.33",
        "201105": "24.41",
        "201106": "24.42",
        "201107": "22.30",
        "201108": "18.77",
        "201109": "18.46",
        "201110": "18.64",
        "201111": "19.82",
        "201112": "18.91",
        "201201": "19.15",
        "201202": "22.08",
        "201203": "23.25",
        "201204": "23.26",
        "201205": "24.00",
        "201206": "23.22",
        "201207": "23.65",
        "201208": "24.63",
        "201209": "25.84",
        "201210": "25.89",
        "201211": "25.98",
        "201212": "26.40",
        "201301": "26.27",
        "201302": "27.08",
        "201303": "28.14",
        "201304": "28.10",
        "201305": "27.97",
        "201306": "27.57",
        "201307": "27.92",
        "201308": "31.88",
        "201309": "34.21",
        "201310": "34.57",
        "201311": "34.27",
        "201312": "36.81",
        "201401": "39.26",
        "201402": "38.94",
        "201403": "42.40",
        "201404": "44.91",
        "201405": "44.70",
        "201406": "47.13",
        "201407": "48.19",
        "201408": "46.37",
        "201409": "41.09",
        "201410": "38.78",
        "201411": "40.65",
        "201412": "43.86",
        "201501": "44.61",
        "201502": "46.25",
        "201503": "50.03",
        "201504": "52.65",
        "201505": "54.17",
        "201506": "60.50",
        "201507": "51.65",
        "201508": "49.24",
        "201509": "54.74",
        "201510": "56.00",
        "201511": "61.56",
        "201512": "60.71",
        "201601": "59.51",
        "201602": "63.54",
        "201603": "64.56",
        "201604": "65.87",
        "201605": "72.85",
        "201606": "73.61",
        "201607": "75.88",
        "201608": "74.51",
        "201609": "71.83",
        "201610": "69.68",
        "201611": "69.13",
        "201612": "68.64",
        "201701": "69.84",
        "201702": "71.73",
        "201703": "73.61",
        "201704": "74.35",
        "201705": "72.84",
        "201706": "70.80",
        "201707": "71.40",
        "201708": "73.71",
        "201709": "77.05",
        "201710": "83.93",
        "201711": "84.72",
        "201712": "84.81",
        "201801": "82.84",
        "201802": "79.28",
        "201803": "78.43",
        "201804": "81.03",
        "201805": "79.06",
        "201806": "82.76",
        "201807": "85.15",
        "201808": "86.93",
        "201809": "85.15",
        "201810": "86.86",
        "201811": "83.48",
        "201812": "80.28",
        "201901": "82.60",
        "201902": "88.29",
        "201903": "95.88",
        "201904": "104.86",
        "201905": "109.91",
        "201906": "109.37",
        "201907": "121.87",
        "201908": "133.38",
        "201909": "129.21",
        "201910": "122.79",
        "201911": "116.33",
        "201912": "122.09",
        "202001": "129.93",
        "202002": "132.32",
        "202003": "117.35",
        "202004": "131.52",
        "202005": "146.55",
        "202006": "150.55",
        "202007": "166.93",
        "202008": "174.26",
        "202009": "182.86",
        "202010": "189.26",
        "202011": "195.12",
        "202012": "208.48",
        "202101": "249.20",
        "202102": "267.31",
        "202103": "268.00",
        "202104": "263.32",
        "202105": "250.57",
        "202106": "270.33",
        "202107": "265.30",
        "202108": "224.61",
        "202109": "223.90",
        "202110": "236.30",
        "202111": "247.68",
        "202112": "267.89",
        "202201": "278.47",
        "202202": "273.93",
        "202203": "257.72",
        "202204": "258.89",
        "202205": "256.07",
        "202206": "259.29",
        "202207": "251.90",
        "202208": "276.43",
        "202209": "272.83",
        "202210": "271.72",
        "202211": "269.41",
        "202212": "277.36",
        "202301": "280.88",
        "202302": "300.53",
        "202303": "306.93",
        "202304": "337.79",
        "202305": "351.41",
        "202306": "361.95",
        "202307": "357.43",
        "202308": "320.45",
        "202309": "314.15",
        "202310": "313.28",
        "202311": "279.91",
        "202312": "293.79"
    },
    "quarters": {
        "20011": {
            "year_quarter": 20011,
            "year": 2001,
            "quarter": 1,
            "eps": 1.05,
            "eps_growth_year": 156.1,
            "eps_4q": 3.99,
            "eps_4q_growth_year": null,
            "roe": 6.28,
            "roe_4q": 6.28,
            "gross_profit": 117634,
            "gross_margin": 36.78,
            "gross_margin_4q_avg": 36.78,
            "net_income": 52600,
            "net_income_4q": null,
            "revenue": 319820,
            "revenue_4q": null,
            "common_shares": 500000,
            "book_valuer_per_share": 16.99,
            "book_valuer_per_share_4q_avg": 16.99,
            "equity": 849490,
            "current_ratio": 212.64,
            "debt_ratio": 34.89,
            "inventory_turnover_ratio": 1.06,
            "account_receivable_turnover_ratio": null,
            "reinvestment_rate": null,
            "research_to_sale_ratio": null,
            "price_fair": 0,
            "eps_avg_yearly": 0,
            "eps_latest_yearly": 0,
            "eps_growth_yearly": 0
        },
        "20012": {
            "year_quarter": 20012,
            "year": 2001,
            "quarter": 2,
            "eps": 0.8,
            "eps_growth_year": -4.76,
            "eps_4q": 3.5,
            "eps_4q_growth_year": null,
            "roe": 5.72,
            "roe_4q": 12,
            "gross_profit": 105444,
            "gross_margin": 29.45,
            "gross_margin_4q_avg": 33.12,
            "net_income": 49272,
            "net_income_4q": null,
            "revenue": 357990,
            "revenue_4q": null,
            "common_shares": 615000,
            "book_valuer_per_share": 14.2,
            "book_valuer_per_share_4q_avg": 15.6,
            "equity": 873330,
            "current_ratio": 223.87,
            "debt_ratio": 35.63,
            "inventory_turnover_ratio": 1.59,
            "account_receivable_turnover_ratio": null,
            "reinvestment_rate": null,
            "research_to_sale_ratio": null,
            "price_fair": 0,
            "eps_avg_yearly": 0,
            "eps_latest_yearly": 0,
            "eps_growth_yearly": 0
        },
        "20013": {
            "year_quarter": 20013,
            "year": 2001,
            "quarter": 3,
            "eps": 0.82,
            "eps_growth_year": -38.81,
            "eps_4q": 3.3,
            "eps_4q_growth_year": null,
            "roe": 5.61,
            "roe_4q": 17.61,
            "gross_profit": 104145,
            "gross_margin": 26.19,
            "gross_margin_4q_avg": 30.81,
            "net_income": 50478,
            "net_income_4q": null,
            "revenue": 397626,
            "revenue_4q": null,
            "common_shares": 615000,
            "book_valuer_per_share": 15.04,
            "book_valuer_per_share_4q_avg": 15.41,
            "equity": 924792,
            "current_ratio": 184.84,
            "debt_ratio": 40.42,
            "inventory_turnover_ratio": 1.73,
            "account_receivable_turnover_ratio": null,
            "reinvestment_rate": null,
            "research_to_sale_ratio": null,
            "price_fair": 0,
            "eps_avg_yearly": 0,
            "eps_latest_yearly": 0,
            "eps_growth_yearly": 0
        },
        "20014": {
            "year_quarter": 20014,
            "year": 2001,
            "quarter": 4,
            "eps": 1.36,
            "eps_growth_year": 25.93,
            "eps_4q": 3.84,
            "eps_4q_growth_year": 10.9,
            "roe": 8.35,
            "roe_4q": 25.96,
            "gross_profit": 159346,
            "gross_margin": 30.85,
            "gross_margin_4q_avg": 30.82,
            "net_income": 83491,
            "net_income_4q": null,
            "revenue": 516565,
            "revenue_4q": null,
            "common_shares": 615000,
            "book_valuer_per_share": 16.4,
            "book_valuer_per_share_4q_avg": 15.66,
            "equity": 1074637,
            "current_ratio": 203.36,
            "debt_ratio": 55.47,
            "inventory_turnover_ratio": 1.57,
            "account_receivable_turnover_ratio": null,
            "reinvestment_rate": null,
            "research_to_sale_ratio": null,
            "price_fair": 0,
            "eps_avg_yearly": 0,
            "eps_latest_yearly": 0,
            "eps_growth_yearly": 0
        },
        "20021": {
            "year_quarter": 20021,
            "year": 2002,
            "quarter": 1,
            "eps": 0.82,
            "eps_growth_year": -21.9,
            "eps_4q": 3.78,
            "eps_4q_growth_year": -5.2,
            "roe": 4.13,
            "roe_4q": 23.81,
            "gross_profit": 130060,
            "gross_margin": 26.67,
            "gross_margin_4q_avg": 28.29,
            "net_income": 50730,
            "net_income_4q": null,
            "revenue": 487590,
            "revenue_4q": null,
            "common_shares": 707981,
            "book_valuer_per_share": 19.49,
            "book_valuer_per_share_4q_avg": 16.28,
            "equity": 1379620,
            "current_ratio": 310.88,
            "debt_ratio": 29.27,
            "inventory_turnover_ratio": 1.55,
            "account_receivable_turnover_ratio": null,
            "reinvestment_rate": null,
            "research_to_sale_ratio": null,
            "price_fair": 9.84,
            "eps_avg_yearly": 3.28,
            "eps_latest_yearly": 3.28,
            "eps_growth_yearly": -158.82
        },
        "20022": {
            "year_quarter": 20022,
            "year": 2002,
            "quarter": 2,
            "eps": 1.08,
            "eps_growth_year": 35,
            "eps_4q": 3.86,
            "eps_4q_growth_year": 10.3,
            "roe": 5.14,
            "roe_4q": 23.229999999999997,
            "gross_profit": 180832,
            "gross_margin": 28.16,
            "gross_margin_4q_avg": 27.97,
            "net_income": 71754,
            "net_income_4q": null,
            "revenue": 642228,
            "revenue_4q": null,
            "common_shares": 707981,
            "book_valuer_per_share": 19.96,
            "book_valuer_per_share_4q_avg": 17.72,
            "equity": 1412993,
            "current_ratio": 217.92,
            "debt_ratio": 37.65,
            "inventory_turnover_ratio": 2.5,
            "account_receivable_turnover_ratio": null,
            "reinvestment_rate": null,
            "research_to_sale_ratio": null,
            "price_fair": 11.4,
            "eps_avg_yearly": 3.8,
            "eps_latest_yearly": 4.32,
            "eps_growth_yearly": -16
        },
        "20023": {
            "year_quarter": 20023,
            "year": 2002,
            "quarter": 3,
            "eps": 0.41,
            "eps_growth_year": -50,
            "eps_4q": 2.88,
            "eps_4q_growth_year": -12.8,
            "roe": 2.33,
            "roe_4q": 19.95,
            "gross_profit": 138627,
            "gross_margin": 23.16,
            "gross_margin_4q_avg": 27.21,
            "net_income": 34187,
            "net_income_4q": null,
            "revenue": 598585,
            "revenue_4q": null,
            "common_shares": 900279,
            "book_valuer_per_share": 16.84,
            "book_valuer_per_share_4q_avg": 18.17,
            "equity": 1515832,
            "current_ratio": 453.41,
            "debt_ratio": 58.7,
            "inventory_turnover_ratio": 2.49,
            "account_receivable_turnover_ratio": null,
            "reinvestment_rate": null,
            "research_to_sale_ratio": null,
            "price_fair": 9.24,
            "eps_avg_yearly": 3.08,
            "eps_latest_yearly": 1.64,
            "eps_growth_yearly": -93.38
        },
        "20024": {
            "year_quarter": 20024,
            "year": 2002,
            "quarter": 4,
            "eps": 0.89,
            "eps_growth_year": -34.56,
            "eps_4q": 2.73,
            "eps_4q_growth_year": -28.99,
            "roe": 4.94,
            "roe_4q": 16.54,
            "gross_profit": 185555,
            "gross_margin": 25.46,
            "gross_margin_4q_avg": 25.86,
            "net_income": 75868,
            "net_income_4q": null,
            "revenue": 728788,
            "revenue_4q": null,
            "common_shares": 904554,
            "book_valuer_per_share": 16.55,
            "book_valuer_per_share_4q_avg": 18.21,
            "equity": 1553997,
            "current_ratio": 302.41,
            "debt_ratio": 63.46,
            "inventory_turnover_ratio": 2.06,
            "account_receivable_turnover_ratio": null,
            "reinvestment_rate": null,
            "research_to_sale_ratio": null,
            "price_fair": 112,
            "eps_avg_yearly": 3.2,
            "eps_latest_yearly": 3.56,
            "eps_growth_yearly": 47.04
        },
        "20031": {
            "year_quarter": 20031,
            "year": 2003,
            "quarter": 1,
            "eps": 0.55,
            "eps_growth_year": -32.93,
            "eps_4q": 2.65,
            "eps_4q_growth_year": -30.04,
            "roe": 3.08,
            "roe_4q": 15.489999999999998,
            "gross_profit": 134192,
            "gross_margin": 25.27,
            "gross_margin_4q_avg": 25.51,
            "net_income": 47710,
            "net_income_4q": null,
            "revenue": 531018,
            "revenue_4q": null,
            "common_shares": 905780,
            "book_valuer_per_share": 17.02,
            "book_valuer_per_share_4q_avg": 17.59,
            "equity": 1541523,
            "current_ratio": 369.83,
            "debt_ratio": 59,
            "inventory_turnover_ratio": 1.52,
            "account_receivable_turnover_ratio": null,
            "reinvestment_rate": null,
            "research_to_sale_ratio": null,
            "price_fair": 51.2,
            "eps_avg_yearly": 3,
            "eps_latest_yearly": 2.2,
            "eps_growth_yearly": 7.07
        },
        "20032": {
            "year_quarter": 20032,
            "year": 2003,
            "quarter": 2,
            "eps": 0.7,
            "eps_growth_year": -35.19,
            "eps_4q": 2.32,
            "eps_4q_growth_year": -40.02,
            "roe": 4.56,
            "roe_4q": 14.91,
            "gross_profit": 138362,
            "gross_margin": 24.67,
            "gross_margin_4q_avg": 24.64,
            "net_income": 68369,
            "net_income_4q": null,
            "revenue": 560944,
            "revenue_4q": null,
            "common_shares": 905780,
            "book_valuer_per_share": 16.08,
            "book_valuer_per_share_4q_avg": 16.62,
            "equity": 1456627,
            "current_ratio": 293,
            "debt_ratio": 62.34,
            "inventory_turnover_ratio": 2.33,
            "account_receivable_turnover_ratio": null,
            "reinvestment_rate": null,
            "research_to_sale_ratio": null,
            "price_fair": 101.08,
            "eps_avg_yearly": 2.97,
            "eps_latest_yearly": 2.8,
            "eps_growth_yearly": 24.07
        },
        "20033": {
            "year_quarter": 20033,
            "year": 2003,
            "quarter": 3,
            "eps": 0.81,
            "eps_growth_year": 97.56,
            "eps_4q": 2.77,
            "eps_4q_growth_year": -3.78,
            "roe": 5.21,
            "roe_4q": 17.79,
            "gross_profit": 166562,
            "gross_margin": 24.01,
            "gross_margin_4q_avg": 24.85,
            "net_income": 79274,
            "net_income_4q": null,
            "revenue": 693724,
            "revenue_4q": null,
            "common_shares": 1017970,
            "book_valuer_per_share": 15.57,
            "book_valuer_per_share_4q_avg": 16.31,
            "equity": 1584529,
            "current_ratio": 103.57,
            "debt_ratio": 58.86,
            "inventory_turnover_ratio": 2.96,
            "account_receivable_turnover_ratio": null,
            "reinvestment_rate": null,
            "research_to_sale_ratio": null,
            "price_fair": 105.2,
            "eps_avg_yearly": 3.01,
            "eps_latest_yearly": 3.24,
            "eps_growth_yearly": 29.61
        },
        "20034": {
            "year_quarter": 20034,
            "year": 2003,
            "quarter": 4,
            "eps": 1.01,
            "eps_growth_year": 13.48,
            "eps_4q": 3.02,
            "eps_4q_growth_year": 10.84,
            "roe": 6.3,
            "roe_4q": 19.15,
            "gross_profit": 197496,
            "gross_margin": 24.65,
            "gross_margin_4q_avg": 24.65,
            "net_income": 97985,
            "net_income_4q": null,
            "revenue": 801360,
            "revenue_4q": null,
            "common_shares": 1017971,
            "book_valuer_per_share": 14.32,
            "book_valuer_per_share_4q_avg": 15.75,
            "equity": 1526533,
            "current_ratio": 106.25,
            "debt_ratio": 68.22,
            "inventory_turnover_ratio": 1.78,
            "account_receivable_turnover_ratio": null,
            "reinvestment_rate": 51.05,
            "research_to_sale_ratio": null,
            "price_fair": 109.73,
            "eps_avg_yearly": 3.14,
            "eps_latest_yearly": 4.04,
            "eps_growth_yearly": 38.26
        },
        "20041": {
            "year_quarter": 20041,
            "year": 2004,
            "quarter": 1,
            "eps": 1.17,
            "eps_growth_year": 112.73,
            "eps_4q": 3.83,
            "eps_4q_growth_year": 44.79,
            "roe": 7.01,
            "roe_4q": 23.08,
            "gross_profit": 171394,
            "gross_margin": 23.77,
            "gross_margin_4q_avg": 24.28,
            "net_income": 107998,
            "net_income_4q": null,
            "revenue": 721173,
            "revenue_4q": null,
            "common_shares": 1017971,
            "book_valuer_per_share": 15.25,
            "book_valuer_per_share_4q_avg": 15.31,
            "equity": 1552677,
            "current_ratio": 96.44,
            "debt_ratio": 59.49,
            "inventory_turnover_ratio": 1.52,
            "account_receivable_turnover_ratio": null,
            "reinvestment_rate": 1.92,
            "research_to_sale_ratio": null,
            "price_fair": 115.73,
            "eps_avg_yearly": 3.31,
            "eps_latest_yearly": 4.68,
            "eps_growth_yearly": 41.05
        },
        "20042": {
            "year_quarter": 20042,
            "year": 2004,
            "quarter": 2,
            "eps": 1.18,
            "eps_growth_year": 68.57,
            "eps_4q": 4.13,
            "eps_4q_growth_year": 78.32,
            "roe": 7.57,
            "roe_4q": 26.09,
            "gross_profit": 191878,
            "gross_margin": 24.22,
            "gross_margin_4q_avg": 24.16,
            "net_income": 114159,
            "net_income_4q": null,
            "revenue": 792231,
            "revenue_4q": null,
            "common_shares": 1070103,
            "book_valuer_per_share": 13.69,
            "book_valuer_per_share_4q_avg": 14.71,
            "equity": 1464963,
            "current_ratio": 87.52,
            "debt_ratio": 63.3,
            "inventory_turnover_ratio": 2.68,
            "account_receivable_turnover_ratio": null,
            "reinvestment_rate": 3.11,
            "research_to_sale_ratio": null,
            "price_fair": 120.68,
            "eps_avg_yearly": 3.45,
            "eps_latest_yearly": 4.72,
            "eps_growth_yearly": 37.28
        },
        "20043": {
            "year_quarter": 20043,
            "year": 2004,
            "quarter": 3,
            "eps": 1.08,
            "eps_growth_year": 33.33,
            "eps_4q": 4.37,
            "eps_4q_growth_year": 57.61,
            "roe": 6.87,
            "roe_4q": 27.750000000000004,
            "gross_profit": 179519,
            "gross_margin": 24.64,
            "gross_margin_4q_avg": 24.32,
            "net_income": 105162,
            "net_income_4q": null,
            "revenue": 728611,
            "revenue_4q": null,
            "common_shares": 1070103,
            "book_valuer_per_share": 14.92,
            "book_valuer_per_share_4q_avg": 14.55,
            "equity": 1596587,
            "current_ratio": 88.17,
            "debt_ratio": 59.38,
            "inventory_turnover_ratio": 2.36,
            "account_receivable_turnover_ratio": null,
            "reinvestment_rate": 3.38,
            "research_to_sale_ratio": null,
            "price_fair": 123.45,
            "eps_avg_yearly": 3.53,
            "eps_latest_yearly": 4.32,
            "eps_growth_yearly": 30.81
        },
        "20044": {
            "year_quarter": 20044,
            "year": 2004,
            "quarter": 4,
            "eps": 0.79,
            "eps_growth_year": -21.78,
            "eps_4q": 4.16,
            "eps_4q_growth_year": 37.69,
            "roe": 4.68,
            "roe_4q": 26.130000000000003,
            "gross_profit": 176396,
            "gross_margin": 22.6,
            "gross_margin_4q_avg": 23.81,
            "net_income": 76658,
            "net_income_4q": null,
            "revenue": 780562,
            "revenue_4q": null,
            "common_shares": 1070103,
            "book_valuer_per_share": 15.22,
            "book_valuer_per_share_4q_avg": 14.77,
            "equity": 1682138,
            "current_ratio": 123.15,
            "debt_ratio": 67.21,
            "inventory_turnover_ratio": 1.47,
            "account_receivable_turnover_ratio": null,
            "reinvestment_rate": 46.24,
            "research_to_sale_ratio": null,
            "price_fair": 102.43,
            "eps_avg_yearly": 3.5,
            "eps_latest_yearly": 3.16,
            "eps_growth_yearly": 19.29
        },
        "20051": {
            "year_quarter": 20051,
            "year": 2005,
            "quarter": 1,
            "eps": 1.11,
            "eps_growth_year": -5.13,
            "eps_4q": 4.12,
            "eps_4q_growth_year": 7.66,
            "roe": 6.39,
            "roe_4q": 25.51,
            "gross_profit": 159588,
            "gross_margin": 22.13,
            "gross_margin_4q_avg": 23.4,
            "net_income": 108985,
            "net_income_4q": null,
            "revenue": 721170,
            "revenue_4q": null,
            "common_shares": 1070103,
            "book_valuer_per_share": 16.15,
            "book_valuer_per_share_4q_avg": 15,
            "equity": 1728662,
            "current_ratio": 128.27,
            "debt_ratio": 60.45,
            "inventory_turnover_ratio": 1.4,
            "account_receivable_turnover_ratio": null,
            "reinvestment_rate": 2.91,
            "research_to_sale_ratio": null,
            "price_fair": 124.92,
            "eps_avg_yearly": 3.57,
            "eps_latest_yearly": 4.44,
            "eps_growth_yearly": 30.27
        },
        "20052": {
            "year_quarter": 20052,
            "year": 2005,
            "quarter": 2,
            "eps": 1.12,
            "eps_growth_year": -5.08,
            "eps_4q": 3.49,
            "eps_4q_growth_year": -15.41,
            "roe": 7.1,
            "roe_4q": 25.04,
            "gross_profit": 206064,
            "gross_margin": 24.87,
            "gross_margin_4q_avg": 23.56,
            "net_income": 137292,
            "net_income_4q": null,
            "revenue": 828611,
            "revenue_4q": null,
            "common_shares": 1462810,
            "book_valuer_per_share": 14.63,
            "book_valuer_per_share_4q_avg": 15.23,
            "equity": 2139367,
            "current_ratio": 159.88,
            "debt_ratio": 49.44,
            "inventory_turnover_ratio": 2.98,
            "account_receivable_turnover_ratio": null,
            "reinvestment_rate": 2.5,
            "research_to_sale_ratio": null,
            "price_fair": 127.2,
            "eps_avg_yearly": 3.63,
            "eps_latest_yearly": 4.48,
            "eps_growth_yearly": 28.37
        },
        "20053": {
            "year_quarter": 20053,
            "year": 2005,
            "quarter": 3,
            "eps": 1.26,
            "eps_growth_year": 16.67,
            "eps_4q": 3.88,
            "eps_4q_growth_year": -11.13,
            "roe": 6.68,
            "roe_4q": 24.849999999999998,
            "gross_profit": 215776,
            "gross_margin": 25.41,
            "gross_margin_4q_avg": 23.75,
            "net_income": 155210,
            "net_income_4q": null,
            "revenue": 849128,
            "revenue_4q": null,
            "common_shares": 1501392,
            "book_valuer_per_share": 16.7,
            "book_valuer_per_share_4q_avg": 15.68,
            "equity": 2506581,
            "current_ratio": 205.02,
            "debt_ratio": 41.28,
            "inventory_turnover_ratio": 3.11,
            "account_receivable_turnover_ratio": null,
            "reinvestment_rate": 2.09,
            "research_to_sale_ratio": null,
            "price_fair": 130.48,
            "eps_avg_yearly": 3.73,
            "eps_latest_yearly": 5.04,
            "eps_growth_yearly": 29.81
        },
        "20054": {
            "year_quarter": 20054,
            "year": 2005,
            "quarter": 4,
            "eps": 0.95,
            "eps_growth_year": 20.25,
            "eps_4q": 3.98,
            "eps_4q_growth_year": -4.37,
            "roe": 4.73,
            "roe_4q": 24.9,
            "gross_profit": 261736,
            "gross_margin": 26.13,
            "gross_margin_4q_avg": 24.64,
            "net_income": 125823,
            "net_income_4q": null,
            "revenue": 1001590,
            "revenue_4q": null,
            "common_shares": 1501392,
            "book_valuer_per_share": 17.83,
            "book_valuer_per_share_4q_avg": 16.33,
            "equity": 2809113,
            "current_ratio": 206.02,
            "debt_ratio": 53.85,
            "inventory_turnover_ratio": 1.71,
            "account_receivable_turnover_ratio": null,
            "reinvestment_rate": 30.13,
            "research_to_sale_ratio": null,
            "price_fair": 118.68,
            "eps_avg_yearly": 3.73,
            "eps_latest_yearly": 3.8,
            "eps_growth_yearly": 21.8
        },
        "20061": {
            "year_quarter": 20061,
            "year": 2006,
            "quarter": 1,
            "eps": 1.07,
            "eps_growth_year": -3.6,
            "eps_4q": 3.97,
            "eps_4q_growth_year": -3.66,
            "roe": 5.28,
            "roe_4q": 23.79,
            "gross_profit": 220553,
            "gross_margin": 24.31,
            "gross_margin_4q_avg": 25.18,
            "net_income": 154160,
            "net_income_4q": null,
            "revenue": 907108,
            "revenue_4q": null,
            "common_shares": 1501392,
            "book_valuer_per_share": 20.21,
            "book_valuer_per_share_4q_avg": 17.34,
            "equity": 3034297,
            "current_ratio": 282.61,
            "debt_ratio": 38.63,
            "inventory_turnover_ratio": 1.45,
            "account_receivable_turnover_ratio": null,
            "reinvestment_rate": -0.99,
            "research_to_sale_ratio": null,
            "price_fair": 132.83,
            "eps_avg_yearly": 3.8,
            "eps_latest_yearly": 4.28,
            "eps_growth_yearly": 34.88
        },
        "20062": {
            "year_quarter": 20062,
            "year": 2006,
            "quarter": 2,
            "eps": 1.2,
            "eps_growth_year": 7.14,
            "eps_4q": 4.01,
            "eps_4q_growth_year": 14.75,
            "roe": 6.46,
            "roe_4q": 23.15,
            "gross_profit": 259749,
            "gross_margin": 24.96,
            "gross_margin_4q_avg": 25.2,
            "net_income": 186027,
            "net_income_4q": null,
            "revenue": 1040668,
            "revenue_4q": null,
            "common_shares": 1501392,
            "book_valuer_per_share": 18.14,
            "book_valuer_per_share_4q_avg": 18.22,
            "equity": 2723508,
            "current_ratio": 162.97,
            "debt_ratio": 46.41,
            "inventory_turnover_ratio": 2.83,
            "account_receivable_turnover_ratio": null,
            "reinvestment_rate": -1.32,
            "research_to_sale_ratio": null,
            "price_fair": 133.88,
            "eps_avg_yearly": 3.83,
            "eps_latest_yearly": 4.8,
            "eps_growth_yearly": 29.99
        },
        "20063": {
            "year_quarter": 20063,
            "year": 2006,
            "quarter": 3,
            "eps": 1.1,
            "eps_growth_year": -12.7,
            "eps_4q": 4.09,
            "eps_4q_growth_year": 5.49,
            "roe": 6.05,
            "roe_4q": 22.52,
            "gross_profit": 209606,
            "gross_margin": 20.86,
            "gross_margin_4q_avg": 24.07,
            "net_income": 171172,
            "net_income_4q": null,
            "revenue": 1004785,
            "revenue_4q": null,
            "common_shares": 1576462,
            "book_valuer_per_share": 18.62,
            "book_valuer_per_share_4q_avg": 18.7,
            "equity": 2935326,
            "current_ratio": 156.53,
            "debt_ratio": 41.87,
            "inventory_turnover_ratio": 2.93,
            "account_receivable_turnover_ratio": null,
            "reinvestment_rate": -1.21,
            "research_to_sale_ratio": null,
            "price_fair": 139.91,
            "eps_avg_yearly": 4,
            "eps_latest_yearly": 4.4,
            "eps_growth_yearly": 43.42
        },
        "20064": {
            "year_quarter": 20064,
            "year": 2006,
            "quarter": 4,
            "eps": 0.88,
            "eps_growth_year": -7.37,
            "eps_4q": 4.14,
            "eps_4q_growth_year": 4.09,
            "roe": 4.43,
            "roe_4q": 22.220000000000002,
            "gross_profit": 252971,
            "gross_margin": 23.93,
            "gross_margin_4q_avg": 23.52,
            "net_income": 137860,
            "net_income_4q": null,
            "revenue": 1056967,
            "revenue_4q": null,
            "common_shares": 1576462,
            "book_valuer_per_share": 19.57,
            "book_valuer_per_share_4q_avg": 19.14,
            "equity": 3294200,
            "current_ratio": 192.16,
            "debt_ratio": 51.25,
            "inventory_turnover_ratio": 1.2,
            "account_receivable_turnover_ratio": null,
            "reinvestment_rate": 18.15,
            "research_to_sale_ratio": null,
            "price_fair": 76.5,
            "eps_avg_yearly": 4,
            "eps_latest_yearly": 3.52,
            "eps_growth_yearly": 9.15
        },
        "20071": {
            "year_quarter": 20071,
            "year": 2007,
            "quarter": 1,
            "eps": 0.8,
            "eps_growth_year": -25.23,
            "eps_4q": 3.93,
            "eps_4q_growth_year": -1.22,
            "roe": 3.84,
            "roe_4q": 20.78,
            "gross_profit": 214893,
            "gross_margin": 22.59,
            "gross_margin_4q_avg": 23.09,
            "net_income": 126728,
            "net_income_4q": null,
            "revenue": 951108,
            "revenue_4q": null,
            "common_shares": 1576462,
            "book_valuer_per_share": 21.02,
            "book_valuer_per_share_4q_avg": 19.34,
            "equity": 3314272,
            "current_ratio": 164.97,
            "debt_ratio": 38.08,
            "inventory_turnover_ratio": 1.1,
            "account_receivable_turnover_ratio": null,
            "reinvestment_rate": -1.52,
            "research_to_sale_ratio": null,
            "price_fair": 107.23,
            "eps_avg_yearly": 4.06,
            "eps_latest_yearly": 3.2,
            "eps_growth_yearly": 16.43
        },
        "20072": {
            "year_quarter": 20072,
            "year": 2007,
            "quarter": 2,
            "eps": 0.88,
            "eps_growth_year": -26.67,
            "eps_4q": 3.35,
            "eps_4q_growth_year": -16.34,
            "roe": 4.87,
            "roe_4q": 19.19,
            "gross_profit": 196039,
            "gross_margin": 22.77,
            "gross_margin_4q_avg": 22.54,
            "net_income": 155104,
            "net_income_4q": null,
            "revenue": 860907,
            "revenue_4q": null,
            "common_shares": 1576462,
            "book_valuer_per_share": 19.36,
            "book_valuer_per_share_4q_avg": 19.64,
            "equity": 3052747,
            "current_ratio": 128.49,
            "debt_ratio": 42.89,
            "inventory_turnover_ratio": 2.5,
            "account_receivable_turnover_ratio": null,
            "reinvestment_rate": 0.26,
            "research_to_sale_ratio": null,
            "price_fair": 90.7,
            "eps_avg_yearly": 4.1,
            "eps_latest_yearly": 3.52,
            "eps_growth_yearly": 12.11
        },
        "20073": {
            "year_quarter": 20073,
            "year": 2007,
            "quarter": 3,
            "eps": 1.17,
            "eps_growth_year": 6.36,
            "eps_4q": 3.55,
            "eps_4q_growth_year": -13.4,
            "roe": 6.53,
            "roe_4q": 19.67,
            "gross_profit": 256600,
            "gross_margin": 25.55,
            "gross_margin_4q_avg": 23.71,
            "net_income": 206656,
            "net_income_4q": null,
            "revenue": 1004260,
            "revenue_4q": null,
            "common_shares": 1765637,
            "book_valuer_per_share": 18.53,
            "book_valuer_per_share_4q_avg": 19.62,
            "equity": 3272415,
            "current_ratio": 151.09,
            "debt_ratio": 38.66,
            "inventory_turnover_ratio": 2.95,
            "account_receivable_turnover_ratio": null,
            "reinvestment_rate": -0.24,
            "research_to_sale_ratio": null,
            "price_fair": 110.76,
            "eps_avg_yearly": 4.19,
            "eps_latest_yearly": 4.68,
            "eps_growth_yearly": 16.42
        },
        "20074": {
            "year_quarter": 20074,
            "year": 2007,
            "quarter": 4,
            "eps": 0.79,
            "eps_growth_year": -10.23,
            "eps_4q": 3.55,
            "eps_4q_growth_year": -14.32,
            "roe": 4.16,
            "roe_4q": 19.400000000000002,
            "gross_profit": 218809,
            "gross_margin": 21.87,
            "gross_margin_4q_avg": 23.2,
            "net_income": 139793,
            "net_income_4q": null,
            "revenue": 1000654,
            "revenue_4q": null,
            "common_shares": 1765637,
            "book_valuer_per_share": 19.18,
            "book_valuer_per_share_4q_avg": 19.52,
            "equity": 3444363,
            "current_ratio": 193.88,
            "debt_ratio": 49.62,
            "inventory_turnover_ratio": 1.27,
            "account_receivable_turnover_ratio": null,
            "reinvestment_rate": 7.5,
            "research_to_sale_ratio": null,
            "price_fair": 50.17,
            "eps_avg_yearly": 4.14,
            "eps_latest_yearly": 3.16,
            "eps_growth_yearly": 2.13
        },
        "20081": {
            "year_quarter": 20081,
            "year": 2008,
            "quarter": 1,
            "eps": 0.25,
            "eps_growth_year": -68.75,
            "eps_4q": 2.72,
            "eps_4q_growth_year": -30.79,
            "roe": 1.48,
            "roe_4q": 17.040000000000003,
            "gross_profit": 292246,
            "gross_margin": 17.74,
            "gross_margin_4q_avg": 21.98,
            "net_income": 50254,
            "net_income_4q": null,
            "revenue": 1646939,
            "revenue_4q": null,
            "common_shares": 1765637,
            "book_valuer_per_share": 18.78,
            "book_valuer_per_share_4q_avg": 18.96,
            "equity": 3369574,
            "current_ratio": 188.6,
            "debt_ratio": 49.26,
            "inventory_turnover_ratio": 1.42,
            "account_receivable_turnover_ratio": null,
            "reinvestment_rate": 28.21,
            "research_to_sale_ratio": null,
            "price_fair": 11.72,
            "eps_avg_yearly": 3.91,
            "eps_latest_yearly": 1,
            "eps_growth_yearly": -18.92
        },
        "20082": {
            "year_quarter": 20082,
            "year": 2008,
            "quarter": 2,
            "eps": 0.11,
            "eps_growth_year": -87.5,
            "eps_4q": 1.54,
            "eps_4q_growth_year": -54.19,
            "roe": 0.9,
            "roe_4q": 13.07,
            "gross_profit": 317516,
            "gross_margin": 15.36,
            "gross_margin_4q_avg": 20.13,
            "net_income": 29505,
            "net_income_4q": null,
            "revenue": 2066672,
            "revenue_4q": null,
            "common_shares": 1765637,
            "book_valuer_per_share": 17.61,
            "book_valuer_per_share_4q_avg": 18.53,
            "equity": 3196726,
            "current_ratio": 164.61,
            "debt_ratio": 53.35,
            "inventory_turnover_ratio": 1.9,
            "account_receivable_turnover_ratio": null,
            "reinvestment_rate": 33.76,
            "research_to_sale_ratio": null,
            "price_fair": 10.92,
            "eps_avg_yearly": 3.64,
            "eps_latest_yearly": 0.44,
            "eps_growth_yearly": -33.14
        },
        "20083": {
            "year_quarter": 20083,
            "year": 2008,
            "quarter": 3,
            "eps": 0.64,
            "eps_growth_year": -45.3,
            "eps_4q": 1.69,
            "eps_4q_growth_year": -52.44,
            "roe": 3.74,
            "roe_4q": 10.280000000000001,
            "gross_profit": 329527,
            "gross_margin": 14.84,
            "gross_margin_4q_avg": 17.45,
            "net_income": 122784,
            "net_income_4q": null,
            "revenue": 2221191,
            "revenue_4q": null,
            "common_shares": 1852919,
            "book_valuer_per_share": 17.75,
            "book_valuer_per_share_4q_avg": 18.33,
            "equity": 3371774,
            "current_ratio": 160.96,
            "debt_ratio": 52.94,
            "inventory_turnover_ratio": 2,
            "account_receivable_turnover_ratio": null,
            "reinvestment_rate": 35.84,
            "research_to_sale_ratio": null,
            "price_fair": 123.55,
            "eps_avg_yearly": 3.53,
            "eps_latest_yearly": 2.56,
            "eps_growth_yearly": 89.44
        },
        "20084": {
            "year_quarter": 20084,
            "year": 2008,
            "quarter": 4,
            "eps": -0.99,
            "eps_growth_year": -225.32,
            "eps_4q": 0,
            "eps_4q_growth_year": -99.96,
            "roe": -5.55,
            "roe_4q": 0.5700000000000004,
            "gross_profit": 288103,
            "gross_margin": 18.34,
            "gross_margin_4q_avg": 16.57,
            "net_income": -182465,
            "net_income_4q": null,
            "revenue": 1570641,
            "revenue_4q": null,
            "common_shares": 1852919,
            "book_valuer_per_share": 16.73,
            "book_valuer_per_share_4q_avg": 17.72,
            "equity": 3199785,
            "current_ratio": 156.1,
            "debt_ratio": 52,
            "inventory_turnover_ratio": 1.39,
            "account_receivable_turnover_ratio": 1.74,
            "reinvestment_rate": 14.82,
            "research_to_sale_ratio": null,
            "price_fair": 124.41,
            "eps_avg_yearly": 3.55,
            "eps_latest_yearly": 2.56,
            "eps_growth_yearly": 102.56
        },
        "20091": {
            "year_quarter": 20091,
            "year": 2009,
            "quarter": 1,
            "eps": 0.4,
            "eps_growth_year": 60,
            "eps_4q": 0.19,
            "eps_4q_growth_year": -93.15,
            "roe": 1.98,
            "roe_4q": 1.0700000000000003,
            "gross_profit": 222089,
            "gross_margin": 19.33,
            "gross_margin_4q_avg": 16.97,
            "net_income": 64659,
            "net_income_4q": null,
            "revenue": 1148715,
            "revenue_4q": null,
            "common_shares": 1852919,
            "book_valuer_per_share": 17.41,
            "book_valuer_per_share_4q_avg": 17.38,
            "equity": 3324498,
            "current_ratio": 151.05,
            "debt_ratio": 44.85,
            "inventory_turnover_ratio": 1.11,
            "account_receivable_turnover_ratio": 0.76,
            "reinvestment_rate": 37.19,
            "research_to_sale_ratio": null,
            "price_fair": 122.2,
            "eps_avg_yearly": 3.49,
            "eps_latest_yearly": 2.56,
            "eps_growth_yearly": 98.31
        },
        "20092": {
            "year_quarter": 20092,
            "year": 2009,
            "quarter": 2,
            "eps": 0.58,
            "eps_growth_year": 427.27,
            "eps_4q": 0.68,
            "eps_4q_growth_year": -55.92,
            "roe": 2.94,
            "roe_4q": 3.1100000000000003,
            "gross_profit": 277666,
            "gross_margin": 20.34,
            "gross_margin_4q_avg": 18.21,
            "net_income": 96377,
            "net_income_4q": null,
            "revenue": 1364811,
            "revenue_4q": null,
            "common_shares": 1852919,
            "book_valuer_per_share": 16.41,
            "book_valuer_per_share_4q_avg": 17.08,
            "equity": 3225177,
            "current_ratio": 179.17,
            "debt_ratio": 46.55,
            "inventory_turnover_ratio": 1.49,
            "account_receivable_turnover_ratio": 1.04,
            "reinvestment_rate": 50.33,
            "research_to_sale_ratio": null,
            "price_fair": 116.8,
            "eps_avg_yearly": 3.34,
            "eps_latest_yearly": 2.32,
            "eps_growth_yearly": 110.91
        },
        "20093": {
            "year_quarter": 20093,
            "year": 2009,
            "quarter": 3,
            "eps": 0.45,
            "eps_growth_year": -29.69,
            "eps_4q": 0.45,
            "eps_4q_growth_year": -73.36,
            "roe": 2.31,
            "roe_4q": 1.6800000000000006,
            "gross_profit": 331748,
            "gross_margin": 21.79,
            "gross_margin_4q_avg": 19.95,
            "net_income": 75250,
            "net_income_4q": null,
            "revenue": 1522817,
            "revenue_4q": null,
            "common_shares": 1852919,
            "book_valuer_per_share": 16.78,
            "book_valuer_per_share_4q_avg": 16.83,
            "equity": 3299374,
            "current_ratio": 165.81,
            "debt_ratio": 47.36,
            "inventory_turnover_ratio": 1.76,
            "account_receivable_turnover_ratio": 1.11,
            "reinvestment_rate": 64.21,
            "research_to_sale_ratio": null,
            "price_fair": 108.7,
            "eps_avg_yearly": 3.11,
            "eps_latest_yearly": 1.8,
            "eps_growth_yearly": 100.94
        },
        "20094": {
            "year_quarter": 20094,
            "year": 2009,
            "quarter": 4,
            "eps": -0.36,
            "eps_growth_year": null,
            "eps_4q": 1.03,
            "eps_4q_growth_year": 78426.37,
            "roe": -2.75,
            "roe_4q": 4.48,
            "gross_profit": 246247,
            "gross_margin": 19.95,
            "gross_margin_4q_avg": 20.35,
            "net_income": -89233,
            "net_income_4q": null,
            "revenue": 1234074,
            "revenue_4q": null,
            "common_shares": 1852919,
            "book_valuer_per_share": 16.35,
            "book_valuer_per_share_4q_avg": 16.74,
            "equity": 3188380,
            "current_ratio": 182.69,
            "debt_ratio": 50.19,
            "inventory_turnover_ratio": 1.39,
            "account_receivable_turnover_ratio": 1.7,
            "reinvestment_rate": 89.93,
            "research_to_sale_ratio": null,
            "price_fair": 106.83,
            "eps_avg_yearly": 3.05,
            "eps_latest_yearly": 1.8,
            "eps_growth_yearly": 116.27
        },
        "20101": {
            "year_quarter": 20101,
            "year": 2010,
            "quarter": 1,
            "eps": 0.7,
            "eps_growth_year": 75,
            "eps_4q": 1.32,
            "eps_4q_growth_year": 612.32,
            "roe": 3.79,
            "roe_4q": 6.29,
            "gross_profit": 390131,
            "gross_margin": 21.55,
            "gross_margin_4q_avg": 20.91,
            "net_income": 125133,
            "net_income_4q": null,
            "revenue": 1810467,
            "revenue_4q": null,
            "common_shares": 1852919,
            "book_valuer_per_share": 16.97,
            "book_valuer_per_share_4q_avg": 16.63,
            "equity": 3408191,
            "current_ratio": 177.7,
            "debt_ratio": 52.36,
            "inventory_turnover_ratio": 1.63,
            "account_receivable_turnover_ratio": 1.08,
            "reinvestment_rate": 135.76,
            "research_to_sale_ratio": 2.6,
            "price_fair": 103.25,
            "eps_avg_yearly": 2.95,
            "eps_latest_yearly": 1.8,
            "eps_growth_yearly": 121.75
        },
        "20102": {
            "year_quarter": 20102,
            "year": 2010,
            "quarter": 2,
            "eps": 0.78,
            "eps_growth_year": 35.24,
            "eps_4q": 1.55,
            "eps_4q_growth_year": 129.11,
            "roe": 3.95,
            "roe_4q": 7.300000000000001,
            "gross_profit": 490768,
            "gross_margin": 21.87,
            "gross_margin_4q_avg": 21.29,
            "net_income": 134614,
            "net_income_4q": null,
            "revenue": 2244117,
            "revenue_4q": null,
            "common_shares": 1852919,
            "book_valuer_per_share": 17.07,
            "book_valuer_per_share_4q_avg": 16.79,
            "equity": 3416207,
            "current_ratio": 152.79,
            "debt_ratio": 56.55,
            "inventory_turnover_ratio": 1.59,
            "account_receivable_turnover_ratio": 1.07,
            "reinvestment_rate": 154.28,
            "research_to_sale_ratio": 1.55,
            "price_fair": 98.35,
            "eps_avg_yearly": 2.81,
            "eps_latest_yearly": 3.12,
            "eps_growth_yearly": 121.51
        },
        "20103": {
            "year_quarter": 20103,
            "year": 2010,
            "quarter": 3,
            "eps": 0.57,
            "eps_growth_year": 25.66,
            "eps_4q": 1.72,
            "eps_4q_growth_year": 282,
            "roe": 2.71,
            "roe_4q": 7.699999999999999,
            "gross_profit": 464971,
            "gross_margin": 19.89,
            "gross_margin_4q_avg": 20.82,
            "net_income": 93632,
            "net_income_4q": null,
            "revenue": 2338218,
            "revenue_4q": null,
            "common_shares": 1852919,
            "book_valuer_per_share": 18.12,
            "book_valuer_per_share_4q_avg": 17.13,
            "equity": 3482455,
            "current_ratio": 150.96,
            "debt_ratio": 56.24,
            "inventory_turnover_ratio": 1.58,
            "account_receivable_turnover_ratio": 1,
            "reinvestment_rate": 166.82,
            "research_to_sale_ratio": 3.47,
            "price_fair": 92.17,
            "eps_avg_yearly": 2.63,
            "eps_latest_yearly": 2.28,
            "eps_growth_yearly": 115.31
        },
        "20104": {
            "year_quarter": 20104,
            "year": 2010,
            "quarter": 4,
            "eps": 0.17,
            "eps_growth_year": null,
            "eps_4q": 2.24,
            "eps_4q_growth_year": 117.16,
            "roe": 0.55,
            "roe_4q": 11,
            "gross_profit": 436687,
            "gross_margin": 22.35,
            "gross_margin_4q_avg": 21.42,
            "net_income": 18691,
            "net_income_4q": null,
            "revenue": 1954221,
            "revenue_4q": null,
            "common_shares": 1857962,
            "book_valuer_per_share": 17.54,
            "book_valuer_per_share_4q_avg": 17.43,
            "equity": 3366161,
            "current_ratio": 148.26,
            "debt_ratio": 56.73,
            "inventory_turnover_ratio": 1.28,
            "account_receivable_turnover_ratio": 0.87,
            "reinvestment_rate": 128.35,
            "research_to_sale_ratio": 1.73,
            "price_fair": 83.88,
            "eps_avg_yearly": 2.4,
            "eps_latest_yearly": 0.68,
            "eps_growth_yearly": 98.59
        },
        "20111": {
            "year_quarter": 20111,
            "year": 2011,
            "quarter": 1,
            "eps": 0.73,
            "eps_growth_year": 4.29,
            "eps_4q": 2.28,
            "eps_4q_growth_year": 71.84,
            "roe": 3.78,
            "roe_4q": 10.99,
            "gross_profit": 453023,
            "gross_margin": 21.53,
            "gross_margin_4q_avg": 21.41,
            "net_income": 129985,
            "net_income_4q": null,
            "revenue": 2104624,
            "revenue_4q": null,
            "common_shares": 1837962,
            "book_valuer_per_share": 18.31,
            "book_valuer_per_share_4q_avg": 17.76,
            "equity": 3511989,
            "current_ratio": 151.53,
            "debt_ratio": 57.04,
            "inventory_turnover_ratio": 1.4,
            "account_receivable_turnover_ratio": 0.97,
            "reinvestment_rate": 179.3,
            "research_to_sale_ratio": 2.71,
            "price_fair": 83.07,
            "eps_avg_yearly": 2.37,
            "eps_latest_yearly": 2.92,
            "eps_growth_yearly": 211.42
        },
        "20112": {
            "year_quarter": 20112,
            "year": 2011,
            "quarter": 2,
            "eps": 0.61,
            "eps_growth_year": -21.63,
            "eps_4q": 2.08,
            "eps_4q_growth_year": 34.2,
            "roe": 3.86,
            "roe_4q": 10.899999999999999,
            "gross_profit": 496326,
            "gross_margin": 21.5,
            "gross_margin_4q_avg": 21.32,
            "net_income": 130400,
            "net_income_4q": null,
            "revenue": 2308503,
            "revenue_4q": null,
            "common_shares": 1837962,
            "book_valuer_per_share": 16.82,
            "book_valuer_per_share_4q_avg": 17.7,
            "equity": 3251538,
            "current_ratio": 112.01,
            "debt_ratio": 61.63,
            "inventory_turnover_ratio": 1.42,
            "account_receivable_turnover_ratio": 0.97,
            "reinvestment_rate": 188.31,
            "research_to_sale_ratio": 2.68,
            "price_fair": 79.92,
            "eps_avg_yearly": 2.28,
            "eps_latest_yearly": 2.44,
            "eps_growth_yearly": 202.61
        },
        "20113": {
            "year_quarter": 20113,
            "year": 2011,
            "quarter": 3,
            "eps": 0.64,
            "eps_growth_year": 12.45,
            "eps_4q": 2.15,
            "eps_4q_growth_year": 25.39,
            "roe": 3.14,
            "roe_4q": 11.33,
            "gross_profit": 465764,
            "gross_margin": 20.38,
            "gross_margin_4q_avg": 21.44,
            "net_income": 104982,
            "net_income_4q": null,
            "revenue": 2285291,
            "revenue_4q": null,
            "common_shares": 1826662,
            "book_valuer_per_share": 17.77,
            "book_valuer_per_share_4q_avg": 17.61,
            "equity": 3435514,
            "current_ratio": 146.57,
            "debt_ratio": 59.23,
            "inventory_turnover_ratio": 1.24,
            "account_receivable_turnover_ratio": 0.91,
            "reinvestment_rate": 199.55,
            "research_to_sale_ratio": 3.06,
            "price_fair": 73.73,
            "eps_avg_yearly": 2.11,
            "eps_latest_yearly": 2.56,
            "eps_growth_yearly": 193.26
        },
        "20114": {
            "year_quarter": 20114,
            "year": 2011,
            "quarter": 4,
            "eps": 0.51,
            "eps_growth_year": 202.09,
            "eps_4q": 2.49,
            "eps_4q_growth_year": 10.96,
            "roe": 3.07,
            "roe_4q": 13.85,
            "gross_profit": 485363,
            "gross_margin": 21.83,
            "gross_margin_4q_avg": 21.31,
            "net_income": 106619,
            "net_income_4q": null,
            "revenue": 2223717,
            "revenue_4q": null,
            "common_shares": 1795162,
            "book_valuer_per_share": 18.13,
            "book_valuer_per_share_4q_avg": 17.76,
            "equity": 3507879,
            "current_ratio": 138.97,
            "debt_ratio": 58.89,
            "inventory_turnover_ratio": 1.09,
            "account_receivable_turnover_ratio": 0.88,
            "reinvestment_rate": 146.82,
            "research_to_sale_ratio": 3.47,
            "price_fair": 70.47,
            "eps_avg_yearly": 2.01,
            "eps_latest_yearly": 2.04,
            "eps_growth_yearly": 197.32
        },
        "20121": {
            "year_quarter": 20121,
            "year": 2012,
            "quarter": 1,
            "eps": 0.78,
            "eps_growth_year": 6.85,
            "eps_4q": 2.52,
            "eps_4q_growth_year": 10.52,
            "roe": 3.58,
            "roe_4q": 13.65,
            "gross_profit": 521883,
            "gross_margin": 22.87,
            "gross_margin_4q_avg": 21.65,
            "net_income": 128056,
            "net_income_4q": null,
            "revenue": 2282362,
            "revenue_4q": null,
            "common_shares": 1795162,
            "book_valuer_per_share": 19.02,
            "book_valuer_per_share_4q_avg": 17.94,
            "equity": 3641443,
            "current_ratio": 155.65,
            "debt_ratio": 56.68,
            "inventory_turnover_ratio": 1.08,
            "account_receivable_turnover_ratio": 0.93,
            "reinvestment_rate": 129.77,
            "research_to_sale_ratio": 3.36,
            "price_fair": 76.65,
            "eps_avg_yearly": 2.19,
            "eps_latest_yearly": 3.12,
            "eps_growth_yearly": 237.75
        },
        "20122": {
            "year_quarter": 20122,
            "year": 2012,
            "quarter": 2,
            "eps": 0.85,
            "eps_growth_year": 37.94,
            "eps_4q": 2.75,
            "eps_4q_growth_year": 32.28,
            "roe": 3.8,
            "roe_4q": 13.59,
            "gross_profit": 521955,
            "gross_margin": 21.02,
            "gross_margin_4q_avg": 21.53,
            "net_income": 134697,
            "net_income_4q": null,
            "revenue": 2483305,
            "revenue_4q": null,
            "common_shares": 1809282,
            "book_valuer_per_share": 17.88,
            "book_valuer_per_share_4q_avg": 18.2,
            "equity": 3445734,
            "current_ratio": 148.77,
            "debt_ratio": 59.3,
            "inventory_turnover_ratio": 1.22,
            "account_receivable_turnover_ratio": 0.98,
            "reinvestment_rate": 105.83,
            "research_to_sale_ratio": 3.19,
            "price_fair": 85.28,
            "eps_avg_yearly": 2.44,
            "eps_latest_yearly": 3.4,
            "eps_growth_yearly": 259.41
        },
        "20123": {
            "year_quarter": 20123,
            "year": 2012,
            "quarter": 3,
            "eps": 0.89,
            "eps_growth_year": 39.92,
            "eps_4q": 2.81,
            "eps_4q_growth_year": 30.56,
            "roe": 3.99,
            "roe_4q": 14.440000000000001,
            "gross_profit": 540524,
            "gross_margin": 20.49,
            "gross_margin_4q_avg": 21.55,
            "net_income": 148033,
            "net_income_4q": null,
            "revenue": 2637918,
            "revenue_4q": null,
            "common_shares": 1809282,
            "book_valuer_per_share": 20.98,
            "book_valuer_per_share_4q_avg": 19,
            "equity": 3973993,
            "current_ratio": 156.16,
            "debt_ratio": 54.57,
            "inventory_turnover_ratio": 1.29,
            "account_receivable_turnover_ratio": 0.97,
            "reinvestment_rate": 97.84,
            "research_to_sale_ratio": 2.92,
            "price_fair": 88.2,
            "eps_avg_yearly": 2.52,
            "eps_latest_yearly": 3.56,
            "eps_growth_yearly": 100.37
        },
        "20124": {
            "year_quarter": 20124,
            "year": 2012,
            "quarter": 4,
            "eps": 0.37,
            "eps_growth_year": -26.98,
            "eps_4q": 2.65,
            "eps_4q_growth_year": 6.44,
            "roe": 1.66,
            "roe_4q": 13.03,
            "gross_profit": 568453,
            "gross_margin": 21.8,
            "gross_margin_4q_avg": 21.55,
            "net_income": 67259,
            "net_income_4q": null,
            "revenue": 2608033,
            "revenue_4q": null,
            "common_shares": 2000155,
            "book_valuer_per_share": 19.91,
            "book_valuer_per_share_4q_avg": 19.45,
            "equity": 4119812,
            "current_ratio": 155.2,
            "debt_ratio": 53.59,
            "inventory_turnover_ratio": 1.27,
            "account_receivable_turnover_ratio": 0.93,
            "reinvestment_rate": 76.31,
            "research_to_sale_ratio": 3.43,
            "price_fair": 85.4,
            "eps_avg_yearly": 2.44,
            "eps_latest_yearly": 1.48,
            "eps_growth_yearly": 74.67
        },
        "20131": {
            "year_quarter": 20131,
            "year": 2013,
            "quarter": 1,
            "eps": 0.64,
            "eps_growth_year": -17.95,
            "eps_4q": 2.61,
            "eps_4q_growth_year": 3.78,
            "roe": 3.11,
            "roe_4q": 12.559999999999999,
            "gross_profit": 506349,
            "gross_margin": 21.8,
            "gross_margin_4q_avg": 21.28,
            "net_income": 131885,
            "net_income_4q": null,
            "revenue": 2322584,
            "revenue_4q": null,
            "common_shares": 2076709,
            "book_valuer_per_share": 20.35,
            "book_valuer_per_share_4q_avg": 19.78,
            "equity": 4363371,
            "current_ratio": 163.3,
            "debt_ratio": 50.71,
            "inventory_turnover_ratio": 1.18,
            "account_receivable_turnover_ratio": 0.85,
            "reinvestment_rate": 83.66,
            "research_to_sale_ratio": 3.54,
            "price_fair": 85.7,
            "eps_avg_yearly": 2.45,
            "eps_latest_yearly": 2.56,
            "eps_growth_yearly": 90.19
        },
        "20132": {
            "year_quarter": 20132,
            "year": 2013,
            "quarter": 2,
            "eps": 0.8,
            "eps_growth_year": -5.66,
            "eps_4q": 2.67,
            "eps_4q_growth_year": -2.94,
            "roe": 3.67,
            "roe_4q": 12.43,
            "gross_profit": 561260,
            "gross_margin": 20.82,
            "gross_margin_4q_avg": 21.23,
            "net_income": 157470,
            "net_income_4q": null,
            "revenue": 2695954,
            "revenue_4q": null,
            "common_shares": 2076709,
            "book_valuer_per_share": 19.63,
            "book_valuer_per_share_4q_avg": 20.22,
            "equity": 4206835,
            "current_ratio": 149.47,
            "debt_ratio": 54.95,
            "inventory_turnover_ratio": 1.39,
            "account_receivable_turnover_ratio": 0.98,
            "reinvestment_rate": 69.22,
            "research_to_sale_ratio": 3.4,
            "price_fair": 87.9,
            "eps_avg_yearly": 2.51,
            "eps_latest_yearly": 3.2,
            "eps_growth_yearly": 84.48
        },
        "20133": {
            "year_quarter": 20133,
            "year": 2013,
            "quarter": 3,
            "eps": 1.02,
            "eps_growth_year": 14.64,
            "eps_4q": 2.83,
            "eps_4q_growth_year": 0.82,
            "roe": 4.73,
            "roe_4q": 13.17,
            "gross_profit": 611813,
            "gross_margin": 21.13,
            "gross_margin_4q_avg": 21.39,
            "net_income": 203740,
            "net_income_4q": null,
            "revenue": 2895131,
            "revenue_4q": null,
            "common_shares": 2076709,
            "book_valuer_per_share": 20.61,
            "book_valuer_per_share_4q_avg": 20.13,
            "equity": 4407834,
            "current_ratio": 156.25,
            "debt_ratio": 52.42,
            "inventory_turnover_ratio": 1.48,
            "account_receivable_turnover_ratio": 0.98,
            "reinvestment_rate": 53.11,
            "research_to_sale_ratio": 3.09,
            "price_fair": 93.6,
            "eps_avg_yearly": 2.67,
            "eps_latest_yearly": 4.08,
            "eps_growth_yearly": 98.74
        },
        "20134": {
            "year_quarter": 20134,
            "year": 2013,
            "quarter": 4,
            "eps": 0.73,
            "eps_growth_year": 97.24,
            "eps_4q": 3.19,
            "eps_4q_growth_year": 20.5,
            "roe": 2.55,
            "roe_4q": 14.059999999999999,
            "gross_profit": 588671,
            "gross_margin": 22.28,
            "gross_margin_4q_avg": 21.51,
            "net_income": 115331,
            "net_income_4q": null,
            "revenue": 2641592,
            "revenue_4q": null,
            "common_shares": 2076709,
            "book_valuer_per_share": 22.02,
            "book_valuer_per_share_4q_avg": 20.65,
            "equity": 4653253,
            "current_ratio": 164.03,
            "debt_ratio": 50.42,
            "inventory_turnover_ratio": 1.3,
            "account_receivable_turnover_ratio": 0.87,
            "reinvestment_rate": 7.77,
            "research_to_sale_ratio": 3.15,
            "price_fair": 94.17,
            "eps_avg_yearly": 2.69,
            "eps_latest_yearly": 2.92,
            "eps_growth_yearly": 84.57
        },
        "20141": {
            "year_quarter": 20141,
            "year": 2014,
            "quarter": 1,
            "eps": 0.97,
            "eps_growth_year": 51.56,
            "eps_4q": 3.51,
            "eps_4q_growth_year": 34.53,
            "roe": 4.11,
            "roe_4q": 15.06,
            "gross_profit": 596831,
            "gross_margin": 21.77,
            "gross_margin_4q_avg": 21.5,
            "net_income": 196328,
            "net_income_4q": null,
            "revenue": 2741173,
            "revenue_4q": null,
            "common_shares": 2076709,
            "book_valuer_per_share": 23.17,
            "book_valuer_per_share_4q_avg": 21.36,
            "equity": 4889029,
            "current_ratio": 161.59,
            "debt_ratio": 49.4,
            "inventory_turnover_ratio": 1.32,
            "account_receivable_turnover_ratio": 0.91,
            "reinvestment_rate": 5.64,
            "research_to_sale_ratio": 3.16,
            "price_fair": 96.78,
            "eps_avg_yearly": 2.77,
            "eps_latest_yearly": 3.88,
            "eps_growth_yearly": 87.51
        },
        "20142": {
            "year_quarter": 20142,
            "year": 2014,
            "quarter": 2,
            "eps": 1.06,
            "eps_growth_year": 32.5,
            "eps_4q": 3.77,
            "eps_4q_growth_year": 41.12,
            "roe": 4.55,
            "roe_4q": 15.940000000000001,
            "gross_profit": 656010,
            "gross_margin": 21.72,
            "gross_margin_4q_avg": 21.73,
            "net_income": 214802,
            "net_income_4q": null,
            "revenue": 3019801,
            "revenue_4q": null,
            "common_shares": 2076709,
            "book_valuer_per_share": 21.59,
            "book_valuer_per_share_4q_avg": 21.85,
            "equity": 4553781,
            "current_ratio": 151,
            "debt_ratio": 56.12,
            "inventory_turnover_ratio": 1.48,
            "account_receivable_turnover_ratio": 0.95,
            "reinvestment_rate": -6.07,
            "research_to_sale_ratio": 2.98,
            "price_fair": 99.23,
            "eps_avg_yearly": 2.84,
            "eps_latest_yearly": 4.24,
            "eps_growth_yearly": 86.97
        },
        "20143": {
            "year_quarter": 20143,
            "year": 2014,
            "quarter": 3,
            "eps": 1.09,
            "eps_growth_year": 6.86,
            "eps_4q": 3.84,
            "eps_4q_growth_year": 35.51,
            "roe": 4.79,
            "roe_4q": 16,
            "gross_profit": 649541,
            "gross_margin": 21.73,
            "gross_margin_4q_avg": 21.88,
            "net_income": 224911,
            "net_income_4q": null,
            "revenue": 2989579,
            "revenue_4q": null,
            "common_shares": 2076709,
            "book_valuer_per_share": 22.9,
            "book_valuer_per_share_4q_avg": 22.42,
            "equity": 4827995,
            "current_ratio": 164.09,
            "debt_ratio": 51.28,
            "inventory_turnover_ratio": 1.44,
            "account_receivable_turnover_ratio": 0.9,
            "reinvestment_rate": -8.85,
            "research_to_sale_ratio": 3.11,
            "price_fair": 103.78,
            "eps_avg_yearly": 2.97,
            "eps_latest_yearly": 4.36,
            "eps_growth_yearly": 94.41
        },
        "20144": {
            "year_quarter": 20144,
            "year": 2014,
            "quarter": 4,
            "eps": 0.71,
            "eps_growth_year": -2.3,
            "eps_4q": 3.82,
            "eps_4q_growth_year": 19.67,
            "roe": 2.8,
            "roe_4q": 16.25,
            "gross_profit": 628018,
            "gross_margin": 21.71,
            "gross_margin_4q_avg": 21.73,
            "net_income": 138906,
            "net_income_4q": null,
            "revenue": 2892166,
            "revenue_4q": null,
            "common_shares": 2076709,
            "book_valuer_per_share": 24.17,
            "book_valuer_per_share_4q_avg": 22.96,
            "equity": 5084116,
            "current_ratio": 165.75,
            "debt_ratio": 51.52,
            "inventory_turnover_ratio": 1.25,
            "account_receivable_turnover_ratio": 0.88,
            "reinvestment_rate": -7.88,
            "research_to_sale_ratio": 2.85,
            "price_fair": 108.5,
            "eps_avg_yearly": 3.1,
            "eps_latest_yearly": 2.84,
            "eps_growth_yearly": 103.23
        },
        "20151": {
            "year_quarter": 20151,
            "year": 2015,
            "quarter": 1,
            "eps": 1.15,
            "eps_growth_year": 18.56,
            "eps_4q": 4,
            "eps_4q_growth_year": 13.85,
            "roe": 4.58,
            "roe_4q": 16.72,
            "gross_profit": 675009,
            "gross_margin": 22.45,
            "gross_margin_4q_avg": 21.9,
            "net_income": 236981,
            "net_income_4q": null,
            "revenue": 3006333,
            "revenue_4q": null,
            "common_shares": 2076709,
            "book_valuer_per_share": 25.09,
            "book_valuer_per_share_4q_avg": 23.44,
            "equity": 5273828,
            "current_ratio": 176.92,
            "debt_ratio": 49.42,
            "inventory_turnover_ratio": 1.23,
            "account_receivable_turnover_ratio": 0.93,
            "reinvestment_rate": -15.73,
            "research_to_sale_ratio": 3.24,
            "price_fair": 112.18,
            "eps_avg_yearly": 3.21,
            "eps_latest_yearly": 4.6,
            "eps_growth_yearly": 36.37
        },
        "20152": {
            "year_quarter": 20152,
            "year": 2015,
            "quarter": 2,
            "eps": 1.21,
            "eps_growth_year": 14.15,
            "eps_4q": 4.02,
            "eps_4q_growth_year": 6.5,
            "roe": 4.86,
            "roe_4q": 17.03,
            "gross_profit": 700684,
            "gross_margin": 22.35,
            "gross_margin_4q_avg": 22.06,
            "net_income": 250081,
            "net_income_4q": null,
            "revenue": 3135637,
            "revenue_4q": null,
            "common_shares": 2079563,
            "book_valuer_per_share": 23.88,
            "book_valuer_per_share_4q_avg": 24.01,
            "equity": 5025278,
            "current_ratio": 154.14,
            "debt_ratio": 53.93,
            "inventory_turnover_ratio": 1.35,
            "account_receivable_turnover_ratio": 0.97,
            "reinvestment_rate": -18.19,
            "research_to_sale_ratio": 3.23,
            "price_fair": 117.43,
            "eps_avg_yearly": 3.36,
            "eps_latest_yearly": 4.84,
            "eps_growth_yearly": 41.79
        },
        "20153": {
            "year_quarter": 20153,
            "year": 2015,
            "quarter": 3,
            "eps": 1.38,
            "eps_growth_year": 26.61,
            "eps_4q": 4.34,
            "eps_4q_growth_year": 12.92,
            "roe": 5.64,
            "roe_4q": 17.88,
            "gross_profit": 732112,
            "gross_margin": 22.67,
            "gross_margin_4q_avg": 22.3,
            "net_income": 295939,
            "net_income_4q": null,
            "revenue": 3228990,
            "revenue_4q": null,
            "common_shares": 2152624,
            "book_valuer_per_share": 25.1,
            "book_valuer_per_share_4q_avg": 24.56,
            "equity": 5467103,
            "current_ratio": 166.54,
            "debt_ratio": 50.65,
            "inventory_turnover_ratio": 1.36,
            "account_receivable_turnover_ratio": 0.94,
            "reinvestment_rate": -16.2,
            "research_to_sale_ratio": 3.39,
            "price_fair": 123.9,
            "eps_avg_yearly": 3.54,
            "eps_latest_yearly": 5.52,
            "eps_growth_yearly": 44.07
        },
        "20154": {
            "year_quarter": 20154,
            "year": 2015,
            "quarter": 4,
            "eps": 0.84,
            "eps_growth_year": 17.74,
            "eps_4q": 4.46,
            "eps_4q_growth_year": 16.63,
            "roe": 3.08,
            "roe_4q": 18.159999999999997,
            "gross_profit": 614352,
            "gross_margin": 22.42,
            "gross_margin_4q_avg": 22.47,
            "net_income": 171102,
            "net_income_4q": null,
            "revenue": 2740298,
            "revenue_4q": null,
            "common_shares": 2158299,
            "book_valuer_per_share": 25.87,
            "book_valuer_per_share_4q_avg": 24.99,
            "equity": 5638056,
            "current_ratio": 166.75,
            "debt_ratio": 49.27,
            "inventory_turnover_ratio": 1.04,
            "account_receivable_turnover_ratio": 0.83,
            "reinvestment_rate": -4.36,
            "research_to_sale_ratio": 2.77,
            "price_fair": 126.79,
            "eps_avg_yearly": 3.62,
            "eps_latest_yearly": 3.36,
            "eps_growth_yearly": 39.37
        },
        "20161": {
            "year_quarter": 20161,
            "year": 2016,
            "quarter": 1,
            "eps": 1.41,
            "eps_growth_year": 22.61,
            "eps_4q": 4.77,
            "eps_4q_growth_year": 19.29,
            "roe": 5.33,
            "roe_4q": 18.91,
            "gross_profit": 829989,
            "gross_margin": 24.98,
            "gross_margin_4q_avg": 23.11,
            "net_income": 305934,
            "net_income_4q": null,
            "revenue": 3322654,
            "revenue_4q": null,
            "common_shares": 2176454,
            "book_valuer_per_share": 26.64,
            "book_valuer_per_share_4q_avg": 25.37,
            "equity": 5850348,
            "current_ratio": 179.49,
            "debt_ratio": 46.23,
            "inventory_turnover_ratio": 1.22,
            "account_receivable_turnover_ratio": 1.04,
            "reinvestment_rate": -3.56,
            "research_to_sale_ratio": 3,
            "price_fair": 132.3,
            "eps_avg_yearly": 3.78,
            "eps_latest_yearly": 5.64,
            "eps_growth_yearly": 43.1
        },
        "20162": {
            "year_quarter": 20162,
            "year": 2016,
            "quarter": 2,
            "eps": 1.42,
            "eps_growth_year": 17.36,
            "eps_4q": 4.88,
            "eps_4q_growth_year": 21.46,
            "roe": 5.53,
            "roe_4q": 19.58,
            "gross_profit": 823583,
            "gross_margin": 24.05,
            "gross_margin_4q_avg": 23.53,
            "net_income": 311134,
            "net_income_4q": null,
            "revenue": 3425032,
            "revenue_4q": null,
            "common_shares": 2179342,
            "book_valuer_per_share": 24.51,
            "book_valuer_per_share_4q_avg": 25.53,
            "equity": 5397534,
            "current_ratio": 157.21,
            "debt_ratio": 52.63,
            "inventory_turnover_ratio": 1.4,
            "account_receivable_turnover_ratio": 0.97,
            "reinvestment_rate": -6.02,
            "research_to_sale_ratio": 3.1,
            "price_fair": 137.29,
            "eps_avg_yearly": 3.92,
            "eps_latest_yearly": 5.68,
            "eps_growth_yearly": 41.03
        },
        "20163": {
            "year_quarter": 20163,
            "year": 2016,
            "quarter": 3,
            "eps": 1.31,
            "eps_growth_year": -5.07,
            "eps_4q": 4.87,
            "eps_4q_growth_year": 12.26,
            "roe": 5.42,
            "roe_4q": 19.36,
            "gross_profit": 774244,
            "gross_margin": 23.96,
            "gross_margin_4q_avg": 23.85,
            "net_income": 296338,
            "net_income_4q": null,
            "revenue": 3231544,
            "revenue_4q": null,
            "common_shares": 2244949,
            "book_valuer_per_share": 24.51,
            "book_valuer_per_share_4q_avg": 25.38,
            "equity": 5546439,
            "current_ratio": 168.96,
            "debt_ratio": 48.71,
            "inventory_turnover_ratio": 1.36,
            "account_receivable_turnover_ratio": 0.91,
            "reinvestment_rate": -8.31,
            "research_to_sale_ratio": 2.99,
            "price_fair": 140.96,
            "eps_avg_yearly": 4.03,
            "eps_latest_yearly": 5.24,
            "eps_growth_yearly": 37.92
        },
        "20164": {
            "year_quarter": 20164,
            "year": 2016,
            "quarter": 4,
            "eps": 1.09,
            "eps_growth_year": 30.64,
            "eps_4q": 5.13,
            "eps_4q_growth_year": 15.18,
            "roe": 4.39,
            "roe_4q": 20.67,
            "gross_profit": 781286,
            "gross_margin": 26.51,
            "gross_margin_4q_avg": 24.88,
            "net_income": 248329,
            "net_income_4q": null,
            "revenue": 2946613,
            "revenue_4q": null,
            "common_shares": 2246068,
            "book_valuer_per_share": 25.52,
            "book_valuer_per_share_4q_avg": 25.3,
            "equity": 5779431,
            "current_ratio": 174.54,
            "debt_ratio": 47.85,
            "inventory_turnover_ratio": 1.11,
            "account_receivable_turnover_ratio": 0.87,
            "reinvestment_rate": -8.29,
            "research_to_sale_ratio": 4.31,
            "price_fair": 147.26,
            "eps_avg_yearly": 4.21,
            "eps_latest_yearly": 4.36,
            "eps_growth_yearly": 48.32
        },
        "20171": {
            "year_quarter": 20171,
            "year": 2017,
            "quarter": 1,
            "eps": 1.25,
            "eps_growth_year": -11.35,
            "eps_4q": 5.02,
            "eps_4q_growth_year": 5.19,
            "roe": 4.91,
            "roe_4q": 20.25,
            "gross_profit": 796951,
            "gross_margin": 24.8,
            "gross_margin_4q_avg": 24.83,
            "net_income": 285108,
            "net_income_4q": null,
            "revenue": 3213901,
            "revenue_4q": null,
            "common_shares": 2254162,
            "book_valuer_per_share": 25.68,
            "book_valuer_per_share_4q_avg": 25.06,
            "equity": 5837179,
            "current_ratio": 183.74,
            "debt_ratio": 45.15,
            "inventory_turnover_ratio": 1.24,
            "account_receivable_turnover_ratio": 0.98,
            "reinvestment_rate": -9.03,
            "research_to_sale_ratio": 3.05,
            "price_fair": 152.6,
            "eps_avg_yearly": 4.36,
            "eps_latest_yearly": 5,
            "eps_growth_yearly": 33.75
        },
        "20172": {
            "year_quarter": 20172,
            "year": 2017,
            "quarter": 2,
            "eps": 1.51,
            "eps_growth_year": 6.34,
            "eps_4q": 5.16,
            "eps_4q_growth_year": 5.75,
            "roe": 6.12,
            "roe_4q": 20.840000000000003,
            "gross_profit": 851409,
            "gross_margin": 25.56,
            "gross_margin_4q_avg": 25.21,
            "net_income": 344467,
            "net_income_4q": null,
            "revenue": 3331157,
            "revenue_4q": null,
            "common_shares": 2254162,
            "book_valuer_per_share": 23.85,
            "book_valuer_per_share_4q_avg": 24.89,
            "equity": 5427375,
            "current_ratio": 174.82,
            "debt_ratio": 51.9,
            "inventory_turnover_ratio": 1.34,
            "account_receivable_turnover_ratio": 0.95,
            "reinvestment_rate": -9.88,
            "research_to_sale_ratio": 3.53,
            "price_fair": 158.81,
            "eps_avg_yearly": 4.54,
            "eps_latest_yearly": 6.04,
            "eps_growth_yearly": 32.7
        },
        "20173": {
            "year_quarter": 20173,
            "year": 2017,
            "quarter": 3,
            "eps": 1.56,
            "eps_growth_year": 19.08,
            "eps_4q": 5.41,
            "eps_4q_growth_year": 11.19,
            "roe": 6.17,
            "roe_4q": 21.59,
            "gross_profit": 875480,
            "gross_margin": 24.96,
            "gross_margin_4q_avg": 25.46,
            "net_income": 353724,
            "net_income_4q": null,
            "revenue": 3506985,
            "revenue_4q": null,
            "common_shares": 2254162,
            "book_valuer_per_share": 25.8,
            "book_valuer_per_share_4q_avg": 25.21,
            "equity": 6042165,
            "current_ratio": 182.33,
            "debt_ratio": 49.41,
            "inventory_turnover_ratio": 1.29,
            "account_receivable_turnover_ratio": 0.9,
            "reinvestment_rate": -5.52,
            "research_to_sale_ratio": 3.44,
            "price_fair": 163.54,
            "eps_avg_yearly": 4.67,
            "eps_latest_yearly": 6.24,
            "eps_growth_yearly": 26.65
        },
        "20174": {
            "year_quarter": 20174,
            "year": 2017,
            "quarter": 4,
            "eps": 1.12,
            "eps_growth_year": 2.76,
            "eps_4q": 5.44,
            "eps_4q_growth_year": 5.97,
            "roe": 3.9,
            "roe_4q": 21.1,
            "gross_profit": 756511,
            "gross_margin": 25.14,
            "gross_margin_4q_avg": 25.12,
            "net_income": 240789,
            "net_income_4q": null,
            "revenue": 3009396,
            "revenue_4q": null,
            "common_shares": 2254162,
            "book_valuer_per_share": 26.99,
            "book_valuer_per_share_4q_avg": 25.58,
            "equity": 6296256,
            "current_ratio": 177.53,
            "debt_ratio": 49.71,
            "inventory_turnover_ratio": 0.92,
            "account_receivable_turnover_ratio": 0.8,
            "reinvestment_rate": -1.84,
            "research_to_sale_ratio": 4.33,
            "price_fair": 166.95,
            "eps_avg_yearly": 4.77,
            "eps_latest_yearly": 4.48,
            "eps_growth_yearly": 26.71
        },
        "20181": {
            "year_quarter": 20181,
            "year": 2018,
            "quarter": 1,
            "eps": 1.23,
            "eps_growth_year": -1.6,
            "eps_4q": 5.42,
            "eps_4q_growth_year": 7.95,
            "roe": 4.23,
            "roe_4q": 20.42,
            "gross_profit": 875685,
            "gross_margin": 25.12,
            "gross_margin_4q_avg": 25.2,
            "net_income": 271148,
            "net_income_4q": null,
            "revenue": 3486218,
            "revenue_4q": null,
            "common_shares": 2254162,
            "book_valuer_per_share": 28,
            "book_valuer_per_share_4q_avg": 26.16,
            "equity": 6515856,
            "current_ratio": 186.13,
            "debt_ratio": 48.01,
            "inventory_turnover_ratio": 0.93,
            "account_receivable_turnover_ratio": 0.99,
            "reinvestment_rate": -11.46,
            "research_to_sale_ratio": 4.01,
            "price_fair": 149.63,
            "eps_avg_yearly": 4.84,
            "eps_latest_yearly": 4.92,
            "eps_growth_yearly": 20.95
        },
        "20182": {
            "year_quarter": 20182,
            "year": 2018,
            "quarter": 2,
            "eps": 1.9,
            "eps_growth_year": 25.83,
            "eps_4q": 5.81,
            "eps_4q_growth_year": 12.63,
            "roe": 6.65,
            "roe_4q": 20.950000000000003,
            "gross_profit": 969555,
            "gross_margin": 24.6,
            "gross_margin_4q_avg": 24.96,
            "net_income": 419886,
            "net_income_4q": null,
            "revenue": 3940772,
            "revenue_4q": null,
            "common_shares": 2254162,
            "book_valuer_per_share": 26.18,
            "book_valuer_per_share_4q_avg": 26.74,
            "equity": 6120641,
            "current_ratio": 152.2,
            "debt_ratio": 54.97,
            "inventory_turnover_ratio": 1.02,
            "account_receivable_turnover_ratio": 0.99,
            "reinvestment_rate": -6.15,
            "research_to_sale_ratio": 3.73,
            "price_fair": 176.58,
            "eps_avg_yearly": 5.05,
            "eps_latest_yearly": 7.6,
            "eps_growth_yearly": 32.25
        },
        "20183": {
            "year_quarter": 20183,
            "year": 2018,
            "quarter": 3,
            "eps": 2.13,
            "eps_growth_year": 36.54,
            "eps_4q": 6.38,
            "eps_4q_growth_year": 17.82,
            "roe": 7.48,
            "roe_4q": 22.259999999999998,
            "gross_profit": 1095676,
            "gross_margin": 24.94,
            "gross_margin_4q_avg": 24.95,
            "net_income": 470573,
            "net_income_4q": null,
            "revenue": 4392642,
            "revenue_4q": null,
            "common_shares": 2254162,
            "book_valuer_per_share": 27.74,
            "book_valuer_per_share_4q_avg": 27.23,
            "equity": 6462582,
            "current_ratio": 160.33,
            "debt_ratio": 52.18,
            "inventory_turnover_ratio": 1.13,
            "account_receivable_turnover_ratio": 0.97,
            "reinvestment_rate": -6.11,
            "research_to_sale_ratio": 3.36,
            "price_fair": 185.68,
            "eps_avg_yearly": 5.31,
            "eps_latest_yearly": 8.52,
            "eps_growth_yearly": 34.56
        },
        "20184": {
            "year_quarter": 20184,
            "year": 2018,
            "quarter": 4,
            "eps": 1.01,
            "eps_growth_year": -10.58,
            "eps_4q": 6.24,
            "eps_4q_growth_year": 14.6,
            "roe": 3.17,
            "roe_4q": 21.53,
            "gross_profit": 979029,
            "gross_margin": 25.59,
            "gross_margin_4q_avg": 25.06,
            "net_income": 209922,
            "net_income_4q": null,
            "revenue": 3825621,
            "revenue_4q": null,
            "common_shares": 2257273,
            "book_valuer_per_share": 29.12,
            "book_valuer_per_share_4q_avg": 27.76,
            "equity": 6796632,
            "current_ratio": 162.74,
            "debt_ratio": 52.14,
            "inventory_turnover_ratio": 0.88,
            "account_receivable_turnover_ratio": 0.82,
            "reinvestment_rate": -2.77,
            "research_to_sale_ratio": 3.88,
            "price_fair": 188.3,
            "eps_avg_yearly": 5.38,
            "eps_latest_yearly": 4.04,
            "eps_growth_yearly": 30.13
        },
        "20191": {
            "year_quarter": 20191,
            "year": 2019,
            "quarter": 1,
            "eps": 1.6,
            "eps_growth_year": 30.08,
            "eps_4q": 6.56,
            "eps_4q_growth_year": 21.02,
            "roe": 4.9,
            "roe_4q": 22.200000000000003,
            "gross_profit": 1031046,
            "gross_margin": 25.72,
            "gross_margin_4q_avg": 25.21,
            "net_income": 349967,
            "net_income_4q": null,
            "revenue": 4009043,
            "revenue_4q": null,
            "common_shares": 2266954,
            "book_valuer_per_share": 31.9,
            "book_valuer_per_share_4q_avg": 28.74,
            "equity": 7501842,
            "current_ratio": 170.92,
            "debt_ratio": 49.16,
            "inventory_turnover_ratio": 0.82,
            "account_receivable_turnover_ratio": 0.88,
            "reinvestment_rate": 6.37,
            "research_to_sale_ratio": 4.12,
            "price_fair": 192.24,
            "eps_avg_yearly": 5.49,
            "eps_latest_yearly": 6.4,
            "eps_growth_yearly": 29.24
        },
        "20192": {
            "year_quarter": 20192,
            "year": 2019,
            "quarter": 2,
            "eps": 2.23,
            "eps_growth_year": 17.37,
            "eps_4q": 6.9,
            "eps_4q_growth_year": 18.77,
            "roe": 7.02,
            "roe_4q": 22.57,
            "gross_profit": 1241410,
            "gross_margin": 25.7,
            "gross_margin_4q_avg": 25.49,
            "net_income": 507886,
            "net_income_4q": null,
            "revenue": 4830758,
            "revenue_4q": null,
            "common_shares": 2290745,
            "book_valuer_per_share": 29.19,
            "book_valuer_per_share_4q_avg": 29.49,
            "equity": 6958794,
            "current_ratio": 150.07,
            "debt_ratio": 55.82,
            "inventory_turnover_ratio": 0.95,
            "account_receivable_turnover_ratio": 0.98,
            "reinvestment_rate": 8.08,
            "research_to_sale_ratio": 3.54,
            "price_fair": 201.16,
            "eps_avg_yearly": 5.75,
            "eps_latest_yearly": 8.92,
            "eps_growth_yearly": 37.78
        },
        "20193": {
            "year_quarter": 20193,
            "year": 2019,
            "quarter": 3,
            "eps": 2.38,
            "eps_growth_year": 11.74,
            "eps_4q": 7.11,
            "eps_4q_growth_year": 11.51,
            "roe": 7.55,
            "roe_4q": 22.64,
            "gross_profit": 1284327,
            "gross_margin": 25.52,
            "gross_margin_4q_avg": 25.63,
            "net_income": 548111,
            "net_income_4q": null,
            "revenue": 5032980,
            "revenue_4q": null,
            "common_shares": 2292974,
            "book_valuer_per_share": 31.77,
            "book_valuer_per_share_4q_avg": 30.5,
            "equity": 7551517,
            "current_ratio": 161.46,
            "debt_ratio": 52.23,
            "inventory_turnover_ratio": 1.01,
            "account_receivable_turnover_ratio": 0.91,
            "reinvestment_rate": 6.95,
            "research_to_sale_ratio": 3.35,
            "price_fair": 209.91,
            "eps_avg_yearly": 6,
            "eps_latest_yearly": 9.52,
            "eps_growth_yearly": 35.95
        },
        "20194": {
            "year_quarter": 20194,
            "year": 2019,
            "quarter": 4,
            "eps": 1.26,
            "eps_growth_year": 25.47,
            "eps_4q": 7.39,
            "eps_4q_growth_year": 18.46,
            "roe": 3.54,
            "roe_4q": 23.009999999999998,
            "gross_profit": 1032885,
            "gross_margin": 25.74,
            "gross_margin_4q_avg": 25.67,
            "net_income": 271887,
            "net_income_4q": null,
            "revenue": 4013389,
            "revenue_4q": null,
            "common_shares": 2325237,
            "book_valuer_per_share": 32.33,
            "book_valuer_per_share_4q_avg": 31.3,
            "equity": 7797213,
            "current_ratio": 153.79,
            "debt_ratio": 54.63,
            "inventory_turnover_ratio": 0.73,
            "account_receivable_turnover_ratio": 0.75,
            "reinvestment_rate": 2.51,
            "research_to_sale_ratio": 3.2,
            "price_fair": 213.59,
            "eps_avg_yearly": 6.1,
            "eps_latest_yearly": 5.04,
            "eps_growth_yearly": 33.97
        },
        "20201": {
            "year_quarter": 20201,
            "year": 2020,
            "quarter": 1,
            "eps": 1.93,
            "eps_growth_year": 20.62,
            "eps_4q": 7.74,
            "eps_4q_growth_year": 18.07,
            "roe": 5.38,
            "roe_4q": 23.49,
            "gross_profit": 1153086,
            "gross_margin": 25.72,
            "gross_margin_4q_avg": 25.67,
            "net_income": 434754,
            "net_income_4q": null,
            "revenue": 4483189,
            "revenue_4q": null,
            "common_shares": 2326694,
            "book_valuer_per_share": 34.26,
            "book_valuer_per_share_4q_avg": 31.89,
            "equity": 8351776,
            "current_ratio": 165.74,
            "debt_ratio": 50.75,
            "inventory_turnover_ratio": 0.75,
            "account_receivable_turnover_ratio": 0.94,
            "reinvestment_rate": 3.4,
            "research_to_sale_ratio": 3.6,
            "price_fair": 218.14,
            "eps_avg_yearly": 6.23,
            "eps_latest_yearly": 7.72,
            "eps_growth_yearly": 30.3
        },
        "20202": {
            "year_quarter": 20202,
            "year": 2020,
            "quarter": 2,
            "eps": 2.52,
            "eps_growth_year": 13,
            "eps_4q": 8.07,
            "eps_4q_growth_year": 16.98,
            "roe": 7.7,
            "roe_4q": 24.17,
            "gross_profit": 1389593,
            "gross_margin": 26.28,
            "gross_margin_4q_avg": 25.82,
            "net_income": 614682,
            "net_income_4q": null,
            "revenue": 5288141,
            "revenue_4q": null,
            "common_shares": 2327775,
            "book_valuer_per_share": 31.08,
            "book_valuer_per_share_4q_avg": 32.36,
            "equity": 7607616,
            "current_ratio": 139.24,
            "debt_ratio": 60.5,
            "inventory_turnover_ratio": 0.81,
            "account_receivable_turnover_ratio": 1.01,
            "reinvestment_rate": 6.13,
            "research_to_sale_ratio": 2.38,
            "price_fair": 227.76,
            "eps_avg_yearly": 6.51,
            "eps_latest_yearly": 10.08,
            "eps_growth_yearly": 37.77
        },
        "20203": {
            "year_quarter": 20203,
            "year": 2020,
            "quarter": 3,
            "eps": 2.67,
            "eps_growth_year": 12.18,
            "eps_4q": 8.37,
            "eps_4q_growth_year": 17.81,
            "roe": 8.08,
            "roe_4q": 24.7,
            "gross_profit": 1523651,
            "gross_margin": 25.83,
            "gross_margin_4q_avg": 25.89,
            "net_income": 649999,
            "net_income_4q": null,
            "revenue": 5898213,
            "revenue_4q": null,
            "common_shares": 2327775,
            "book_valuer_per_share": 34.77,
            "book_valuer_per_share_4q_avg": 33.11,
            "equity": 8476089,
            "current_ratio": 140.23,
            "debt_ratio": 59.23,
            "inventory_turnover_ratio": 0.8,
            "account_receivable_turnover_ratio": 0.91,
            "reinvestment_rate": 12.85,
            "research_to_sale_ratio": 2.86,
            "price_fair": 239.66,
            "eps_avg_yearly": 6.85,
            "eps_latest_yearly": 10.68,
            "eps_growth_yearly": 41.19
        },
        "20204": {
            "year_quarter": 20204,
            "year": 2020,
            "quarter": 4,
            "eps": 1.97,
            "eps_growth_year": 55.94,
            "eps_4q": 9.08,
            "eps_4q_growth_year": 22.95,
            "roe": 5.31,
            "roe_4q": 26.47,
            "gross_profit": 1519667,
            "gross_margin": 24.8,
            "gross_margin_4q_avg": 25.66,
            "net_income": 484065,
            "net_income_4q": null,
            "revenue": 6127999,
            "revenue_4q": null,
            "common_shares": 2327775,
            "book_valuer_per_share": 39.33,
            "book_valuer_per_share_4q_avg": 34.86,
            "equity": 9768133,
            "current_ratio": 161.85,
            "debt_ratio": 58.75,
            "inventory_turnover_ratio": 0.77,
            "account_receivable_turnover_ratio": 0.83,
            "reinvestment_rate": 21.03,
            "research_to_sale_ratio": 3.71,
            "price_fair": 247.36,
            "eps_avg_yearly": 7.07,
            "eps_latest_yearly": 7.88,
            "eps_growth_yearly": 38.83
        },
        "20211": {
            "year_quarter": 20211,
            "year": 2021,
            "quarter": 1,
            "eps": 2.52,
            "eps_growth_year": 30.57,
            "eps_4q": 9.67,
            "eps_4q_growth_year": 24.88,
            "roe": 6.1,
            "roe_4q": 27.19,
            "gross_profit": 1561604,
            "gross_margin": 26.06,
            "gross_margin_4q_avg": 25.74,
            "net_income": 617285,
            "net_income_4q": null,
            "revenue": 5991553,
            "revenue_4q": null,
            "common_shares": 2327775,
            "book_valuer_per_share": 42.15,
            "book_valuer_per_share_4q_avg": 36.83,
            "equity": 10482136,
            "current_ratio": 166.39,
            "debt_ratio": 57.42,
            "inventory_turnover_ratio": 0.67,
            "account_receivable_turnover_ratio": 0.8,
            "reinvestment_rate": 20.72,
            "research_to_sale_ratio": 3.03,
            "price_fair": 258.48,
            "eps_avg_yearly": 7.39,
            "eps_latest_yearly": 10.08,
            "eps_growth_yearly": 42.14
        },
        "20212": {
            "year_quarter": 20212,
            "year": 2021,
            "quarter": 2,
            "eps": 2.73,
            "eps_growth_year": 8.33,
            "eps_4q": 9.87,
            "eps_4q_growth_year": 22.19,
            "roe": 6.77,
            "roe_4q": 26.259999999999998,
            "gross_profit": 1647966,
            "gross_margin": 25.79,
            "gross_margin_4q_avg": 25.62,
            "net_income": 683367,
            "net_income_4q": null,
            "revenue": 6390201,
            "revenue_4q": null,
            "common_shares": 2329371,
            "book_valuer_per_share": 38.81,
            "book_valuer_per_share_4q_avg": 38.77,
            "equity": 9719916,
            "current_ratio": 150.89,
            "debt_ratio": 62.29,
            "inventory_turnover_ratio": 0.64,
            "account_receivable_turnover_ratio": 0.86,
            "reinvestment_rate": 19.69,
            "research_to_sale_ratio": 3.52,
            "price_fair": 269.15,
            "eps_avg_yearly": 7.69,
            "eps_latest_yearly": 10.92,
            "eps_growth_yearly": 39.03
        },
        "20213": {
            "year_quarter": 20213,
            "year": 2021,
            "quarter": 3,
            "eps": 2.83,
            "eps_growth_year": 5.99,
            "eps_4q": 10.04,
            "eps_4q_growth_year": 19.84,
            "roe": 6.91,
            "roe_4q": 25.09,
            "gross_profit": 1703009,
            "gross_margin": 25.5,
            "gross_margin_4q_avg": 25.54,
            "net_income": 695193,
            "net_income_4q": null,
            "revenue": 6679385,
            "revenue_4q": null,
            "common_shares": 2333129,
            "book_valuer_per_share": 41.57,
            "book_valuer_per_share_4q_avg": 40.47,
            "equity": 10410744,
            "current_ratio": 154.69,
            "debt_ratio": 60.19,
            "inventory_turnover_ratio": 0.6,
            "account_receivable_turnover_ratio": 0.9,
            "reinvestment_rate": 15.82,
            "research_to_sale_ratio": 3.38,
            "price_fair": 280.26,
            "eps_avg_yearly": 8.01,
            "eps_latest_yearly": 11.32,
            "eps_growth_yearly": 39.12
        },
        "20214": {
            "year_quarter": 20214,
            "year": 2021,
            "quarter": 4,
            "eps": 1.91,
            "eps_growth_year": -2.93,
            "eps_4q": 9.95,
            "eps_4q_growth_year": 9.62,
            "roe": 4.57,
            "roe_4q": 24.35,
            "gross_profit": 1496616,
            "gross_margin": 23.13,
            "gross_margin_4q_avg": 25.12,
            "net_income": 491984,
            "net_income_4q": null,
            "revenue": 6469567,
            "revenue_4q": null,
            "common_shares": 2333770,
            "book_valuer_per_share": 44.38,
            "book_valuer_per_share_4q_avg": 41.73,
            "equity": 11135380,
            "current_ratio": 153.42,
            "debt_ratio": 58.98,
            "inventory_turnover_ratio": 0.52,
            "account_receivable_turnover_ratio": 0.92,
            "reinvestment_rate": 16.53,
            "research_to_sale_ratio": 3.35,
            "price_fair": 287.18,
            "eps_avg_yearly": 8.21,
            "eps_latest_yearly": 7.64,
            "eps_growth_yearly": 38.04
        },
        "20221": {
            "year_quarter": 20221,
            "year": 2022,
            "quarter": 1,
            "eps": 2.9,
            "eps_growth_year": 15.08,
            "eps_4q": 10.31,
            "eps_4q_growth_year": 6.7,
            "roe": 6.01,
            "roe_4q": 24.26,
            "gross_profit": 1790846,
            "gross_margin": 25.72,
            "gross_margin_4q_avg": 25.04,
            "net_income": 703234,
            "net_income_4q": null,
            "revenue": 6962197,
            "revenue_4q": null,
            "common_shares": 2342060,
            "book_valuer_per_share": 48.87,
            "book_valuer_per_share_4q_avg": 43.41,
            "equity": 12263735,
            "current_ratio": 151.31,
            "debt_ratio": 56.64,
            "inventory_turnover_ratio": 0.5,
            "account_receivable_turnover_ratio": 1.02,
            "reinvestment_rate": 22.27,
            "research_to_sale_ratio": 3.13,
            "price_fair": 301.79,
            "eps_avg_yearly": 8.62,
            "eps_latest_yearly": 11.6,
            "eps_growth_yearly": 48.54
        },
        "20222": {
            "year_quarter": 20222,
            "year": 2022,
            "quarter": 2,
            "eps": 3.22,
            "eps_growth_year": 17.95,
            "eps_4q": 10.81,
            "eps_4q_growth_year": 9.62,
            "roe": 6.84,
            "roe_4q": 24.330000000000002,
            "gross_profit": 1914704,
            "gross_margin": 25.61,
            "gross_margin_4q_avg": 24.99,
            "net_income": 808883,
            "net_income_4q": null,
            "revenue": 7476617,
            "revenue_4q": null,
            "common_shares": 2352034,
            "book_valuer_per_share": 44.84,
            "book_valuer_per_share_4q_avg": 44.92,
            "equity": 11395475,
            "current_ratio": 140.48,
            "debt_ratio": 61.6,
            "inventory_turnover_ratio": 0.5,
            "account_receivable_turnover_ratio": 1.06,
            "reinvestment_rate": 19.01,
            "research_to_sale_ratio": 3.1,
            "price_fair": 313.34,
            "eps_avg_yearly": 8.95,
            "eps_latest_yearly": 12.88,
            "eps_growth_yearly": 37.68
        },
        "20223": {
            "year_quarter": 20223,
            "year": 2022,
            "quarter": 3,
            "eps": 3.58,
            "eps_growth_year": 26.5,
            "eps_4q": 11.54,
            "eps_4q_growth_year": 14.99,
            "roe": 7.43,
            "roe_4q": 24.85,
            "gross_profit": 2057121,
            "gross_margin": 25.3,
            "gross_margin_4q_avg": 24.94,
            "net_income": 889732,
            "net_income_4q": null,
            "revenue": 8131717,
            "revenue_4q": null,
            "common_shares": 2355231,
            "book_valuer_per_share": 49.75,
            "book_valuer_per_share_4q_avg": 46.96,
            "equity": 12546463,
            "current_ratio": 147.67,
            "debt_ratio": 58.28,
            "inventory_turnover_ratio": 0.53,
            "account_receivable_turnover_ratio": 1.04,
            "reinvestment_rate": 19.98,
            "research_to_sale_ratio": 3.14,
            "price_fair": 326.03,
            "eps_avg_yearly": 9.32,
            "eps_latest_yearly": 14.32,
            "eps_growth_yearly": 37.45
        },
        "20224": {
            "year_quarter": 20224,
            "year": 2022,
            "quarter": 4,
            "eps": 2.5,
            "eps_growth_year": 31.17,
            "eps_4q": 12.08,
            "eps_4q_growth_year": 21.32,
            "roe": 4.77,
            "roe_4q": 25.049999999999997,
            "gross_profit": 1968853,
            "gross_margin": 24.6,
            "gross_margin_4q_avg": 25.31,
            "net_income": 621181,
            "net_income_4q": null,
            "revenue": 8004269,
            "revenue_4q": null,
            "common_shares": 2365841,
            "book_valuer_per_share": 53.4,
            "book_valuer_per_share_4q_avg": 49.22,
            "equity": 13473064,
            "current_ratio": 155.49,
            "debt_ratio": 59.14,
            "inventory_turnover_ratio": 0.51,
            "account_receivable_turnover_ratio": 0.92,
            "reinvestment_rate": 17.83,
            "research_to_sale_ratio": 3.08,
            "price_fair": 339.06,
            "eps_avg_yearly": 9.69,
            "eps_latest_yearly": 10,
            "eps_growth_yearly": 43.06
        },
        "20231": {
            "year_quarter": 20231,
            "year": 2023,
            "quarter": 1,
            "eps": 3.75,
            "eps_growth_year": 29.31,
            "eps_4q": 12.94,
            "eps_4q_growth_year": 25.47,
            "roe": 6.67,
            "roe_4q": 25.709999999999997,
            "gross_profit": 2211634,
            "gross_margin": 26.12,
            "gross_margin_4q_avg": 25.41,
            "net_income": 934758,
            "net_income_4q": null,
            "revenue": 8465673,
            "revenue_4q": null,
            "common_shares": 2385041,
            "book_valuer_per_share": 57.44,
            "book_valuer_per_share_4q_avg": 51.36,
            "equity": 14566583,
            "current_ratio": 165.37,
            "debt_ratio": 55.92,
            "inventory_turnover_ratio": 0.52,
            "account_receivable_turnover_ratio": 0.96,
            "reinvestment_rate": 15.84,
            "research_to_sale_ratio": 2.68,
            "price_fair": 357.88,
            "eps_avg_yearly": 10.23,
            "eps_latest_yearly": 15,
            "eps_growth_yearly": 40.95
        },
        "20232": {
            "year_quarter": 20232,
            "year": 2023,
            "quarter": 2,
            "eps": 3.82,
            "eps_growth_year": 18.63,
            "eps_4q": 13.56,
            "eps_4q_growth_year": 25.36,
            "roe": 5.19,
            "roe_4q": 24.06,
            "gross_profit": 2241743,
            "gross_margin": 25.7,
            "gross_margin_4q_avg": 25.43,
            "net_income": 699741,
            "net_income_4q": null,
            "revenue": 8723328,
            "revenue_4q": null,
            "common_shares": 2390560,
            "book_valuer_per_share": 50.87,
            "book_valuer_per_share_4q_avg": 52.87,
            "equity": 12412503,
            "current_ratio": 144.95,
            "debt_ratio": 62.48,
            "inventory_turnover_ratio": 0.57,
            "account_receivable_turnover_ratio": 1.02,
            "reinvestment_rate": 12.74,
            "research_to_sale_ratio": 2.74,
            "price_fair": 371.79,
            "eps_avg_yearly": 10.62,
            "eps_latest_yearly": 15.28,
            "eps_growth_yearly": 31.57
        },
        "20233": {
            "year_quarter": 20233,
            "year": 2023,
            "quarter": 3,
            "eps": 3.66,
            "eps_growth_year": 2.23,
            "eps_4q": 13.67,
            "eps_4q_growth_year": 18.45,
            "roe": 6.74,
            "roe_4q": 23.37,
            "gross_profit": 2108718,
            "gross_margin": 25.69,
            "gross_margin_4q_avg": 25.53,
            "net_income": 873239,
            "net_income_4q": null,
            "revenue": 8209756,
            "revenue_4q": null,
            "common_shares": 2395462,
            "book_valuer_per_share": 56.01,
            "book_valuer_per_share_4q_avg": 54.43,
            "equity": 13498445,
            "current_ratio": 158.45,
            "debt_ratio": 57.03,
            "inventory_turnover_ratio": 0.55,
            "account_receivable_turnover_ratio": 0.95,
            "reinvestment_rate": 13.68,
            "research_to_sale_ratio": 3.17,
            "price_fair": 382.99,
            "eps_avg_yearly": 10.94,
            "eps_latest_yearly": 14.64,
            "eps_growth_yearly": 28.85
        }
    },
    "months": {
        "2002-08": {
            "month": "2002-08",
            "price": "47.32",
            "revenue": 188320
        },
        "2002-09": {
            "month": "2002-09",
            "price": "42.32",
            "revenue": 214363
        },
        "2002-10": {
            "month": "2002-10",
            "price": "36.04",
            "revenue": 233674
        },
        "2002-11": {
            "month": "2002-11",
            "price": "36.64",
            "revenue": 245439
        },
        "2002-12": {
            "month": "2002-12",
            "price": "39.82",
            "revenue": 249675
        },
        "2003-01": {
            "month": "2003-01",
            "price": "37.33",
            "revenue": 185213
        },
        "2003-02": {
            "month": "2003-02",
            "price": "31.06",
            "revenue": 152052
        },
        "2003-03": {
            "month": "2003-03",
            "price": "32.10",
            "revenue": 193753
        },
        "2003-04": {
            "month": "2003-04",
            "price": "31.81",
            "revenue": 181899
        },
        "2003-05": {
            "month": "2003-05",
            "price": "29.70",
            "revenue": 185938
        },
        "2003-06": {
            "month": "2003-06",
            "price": "32.72",
            "revenue": 194299
        },
        "2003-07": {
            "month": "2003-07",
            "price": "33.53",
            "revenue": 208192
        },
        "2003-08": {
            "month": "2003-08",
            "price": "34.98",
            "revenue": 214226
        },
        "2003-09": {
            "month": "2003-09",
            "price": "32.02",
            "revenue": 270116
        },
        "2003-10": {
            "month": "2003-10",
            "price": "32.68",
            "revenue": 253147
        },
        "2003-11": {
            "month": "2003-11",
            "price": "33.10",
            "revenue": 267631
        },
        "2003-12": {
            "month": "2003-12",
            "price": "34.60",
            "revenue": 280582
        },
        "2004-01": {
            "month": "2004-01",
            "price": "35.12",
            "revenue": 207115
        },
        "2004-02": {
            "month": "2004-02",
            "price": "34.54",
            "revenue": 237018
        },
        "2004-03": {
            "month": "2004-03",
            "price": "32.97",
            "revenue": 277041
        },
        "2004-04": {
            "month": "2004-04",
            "price": "36.61",
            "revenue": 286908
        },
        "2004-05": {
            "month": "2004-05",
            "price": "35.45",
            "revenue": 290017
        },
        "2004-06": {
            "month": "2004-06",
            "price": "34.67",
            "revenue": 215304
        },
        "2004-07": {
            "month": "2004-07",
            "price": "29.95",
            "revenue": 249656
        },
        "2004-08": {
            "month": "2004-08",
            "price": "28.54",
            "revenue": 249256
        },
        "2004-09": {
            "month": "2004-09",
            "price": "29.85",
            "revenue": 229700
        },
        "2004-10": {
            "month": "2004-10",
            "price": "28.08",
            "revenue": 257081
        },
        "2004-11": {
            "month": "2004-11",
            "price": "28.40",
            "revenue": 266192
        },
        "2004-12": {
            "month": "2004-12",
            "price": "28.81",
            "revenue": 257290
        },
        "2005-01": {
            "month": "2005-01",
            "price": "28.37",
            "revenue": 265833
        },
        "2005-02": {
            "month": "2005-02",
            "price": "30.55",
            "revenue": 199816
        },
        "2005-03": {
            "month": "2005-03",
            "price": "32.80",
            "revenue": 255521
        },
        "2005-04": {
            "month": "2005-04",
            "price": "31.95",
            "revenue": 269612
        },
        "2005-05": {
            "month": "2005-05",
            "price": "33.61",
            "revenue": 258443
        },
        "2005-06": {
            "month": "2005-06",
            "price": "29.84",
            "revenue": 300556
        },
        "2005-07": {
            "month": "2005-07",
            "price": "31.80",
            "revenue": 261576
        },
        "2005-08": {
            "month": "2005-08",
            "price": "30.45",
            "revenue": 635908
        },
        "2005-09": {
            "month": "2005-09",
            "price": "30.32",
            "revenue": 714923
        },
        "2005-10": {
            "month": "2005-10",
            "price": "30.15",
            "revenue": 696176
        },
        "2005-11": {
            "month": "2005-11",
            "price": "29.43",
            "revenue": 738531
        },
        "2005-12": {
            "month": "2005-12",
            "price": "31.79",
            "revenue": 755251
        },
        "2006-01": {
            "month": "2006-01",
            "price": "31.97",
            "revenue": 646572
        },
        "2006-02": {
            "month": "2006-02",
            "price": "31.63",
            "revenue": 608413
        },
        "2006-03": {
            "month": "2006-03",
            "price": "35.46",
            "revenue": 777541
        },
        "2006-04": {
            "month": "2006-04",
            "price": "37.78",
            "revenue": 783800
        },
        "2006-05": {
            "month": "2006-05",
            "price": "38.18",
            "revenue": 675012
        },
        "2006-06": {
            "month": "2006-06",
            "price": "34.64",
            "revenue": 704132
        },
        "2006-07": {
            "month": "2006-07",
            "price": "35.09",
            "revenue": 631296
        },
        "2006-08": {
            "month": "2006-08",
            "price": "33.81",
            "revenue": 745983
        },
        "2006-09": {
            "month": "2006-09",
            "price": "33.84",
            "revenue": 846880
        },
        "2006-10": {
            "month": "2006-10",
            "price": "36.05",
            "revenue": 862770
        },
        "2006-11": {
            "month": "2006-11",
            "price": "37.78",
            "revenue": 933969
        },
        "2006-12": {
            "month": "2006-12",
            "price": "38.00",
            "revenue": 940660
        },
        "2007-01": {
            "month": "2007-01",
            "price": "42.65",
            "revenue": 852593
        },
        "2007-02": {
            "month": "2007-02",
            "price": "41.99",
            "revenue": 547607
        },
        "2007-03": {
            "month": "2007-03",
            "price": "40.50",
            "revenue": 800157
        },
        "2007-04": {
            "month": "2007-04",
            "price": "39.83",
            "revenue": 784652
        },
        "2007-05": {
            "month": "2007-05",
            "price": "38.06",
            "revenue": 708411
        },
        "2007-06": {
            "month": "2007-06",
            "price": "38.88",
            "revenue": 661766
        },
        "2007-07": {
            "month": "2007-07",
            "price": "39.74",
            "revenue": 803316
        },
        "2007-08": {
            "month": "2007-08",
            "price": "31.61",
            "revenue": 927293
        },
        "2007-09": {
            "month": "2007-09",
            "price": "32.86",
            "revenue": 935178
        },
        "2007-10": {
            "month": "2007-10",
            "price": "33.69",
            "revenue": 805471
        },
        "2007-11": {
            "month": "2007-11",
            "price": "32.28",
            "revenue": 812613
        },
        "2007-12": {
            "month": "2007-12",
            "price": "30.42",
            "revenue": 652156
        },
        "2008-01": {
            "month": "2008-01",
            "price": "27.77",
            "revenue": 743068
        },
        "2008-02": {
            "month": "2008-02",
            "price": "27.03",
            "revenue": 499608
        },
        "2008-03": {
            "month": "2008-03",
            "price": "26.83",
            "revenue": 630232
        },
        "2008-04": {
            "month": "2008-04",
            "price": "25.51",
            "revenue": 631202
        },
        "2008-05": {
            "month": "2008-05",
            "price": "24.77",
            "revenue": 591379
        },
        "2008-06": {
            "month": "2008-06",
            "price": "21.54",
            "revenue": 625822
        },
        "2008-07": {
            "month": "2008-07",
            "price": "18.49",
            "revenue": 690741
        },
        "2008-08": {
            "month": "2008-08",
            "price": "16.33",
            "revenue": 732975
        },
        "2008-09": {
            "month": "2008-09",
            "price": "12.24",
            "revenue": 856595
        },
        "2008-10": {
            "month": "2008-10",
            "price": "11.35",
            "revenue": 763047
        },
        "2008-11": {
            "month": "2008-11",
            "price": "9.07",
            "revenue": 511577
        },
        "2008-12": {
            "month": "2008-12",
            "price": "7.81",
            "revenue": 396846
        },
        "2009-01": {
            "month": "2009-01",
            "price": "7.74",
            "revenue": 343328
        },
        "2009-02": {
            "month": "2009-02",
            "price": "8.66",
            "revenue": 359312
        },
        "2009-03": {
            "month": "2009-03",
            "price": "10.24",
            "revenue": 417338
        },
        "2009-04": {
            "month": "2009-04",
            "price": "13.22",
            "revenue": 490509
        },
        "2009-05": {
            "month": "2009-05",
            "price": "15.30",
            "revenue": 377044
        },
        "2009-06": {
            "month": "2009-06",
            "price": "15.08",
            "revenue": 460355
        },
        "2009-07": {
            "month": "2009-07",
            "price": "16.40",
            "revenue": 483398
        },
        "2009-08": {
            "month": "2009-08",
            "price": "17.22",
            "revenue": 491850
        },
        "2009-09": {
            "month": "2009-09",
            "price": "19.67",
            "revenue": 510121
        },
        "2009-10": {
            "month": "2009-10",
            "price": "20.94",
            "revenue": 497223
        },
        "2009-11": {
            "month": "2009-11",
            "price": "20.15",
            "revenue": 483787
        },
        "2009-12": {
            "month": "2009-12",
            "price": "22.40",
            "revenue": 418886
        },
        "2010-01": {
            "month": "2010-01",
            "price": "22.63",
            "revenue": 628740
        },
        "2010-02": {
            "month": "2010-02",
            "price": "20.73",
            "revenue": 481344
        },
        "2010-03": {
            "month": "2010-03",
            "price": "22.16",
            "revenue": 709493
        },
        "2010-04": {
            "month": "2010-04",
            "price": "23.59",
            "revenue": 714701
        },
        "2010-05": {
            "month": "2010-05",
            "price": "23.54",
            "revenue": 727345
        },
        "2010-06": {
            "month": "2010-06",
            "price": "23.40",
            "revenue": 709270
        },
        "2010-07": {
            "month": "2010-07",
            "price": "23.66",
            "revenue": 750826
        },
        "2010-08": {
            "month": "2010-08",
            "price": "24.76",
            "revenue": 759795
        },
        "2010-09": {
            "month": "2010-09",
            "price": "25.05",
            "revenue": 762212
        },
        "2010-10": {
            "month": "2010-10",
            "price": "25.20",
            "revenue": 723221
        },
        "2010-11": {
            "month": "2010-11",
            "price": "23.12",
            "revenue": 700747
        },
        "2010-12": {
            "month": "2010-12",
            "price": "23.58",
            "revenue": 701286
        },
        "2011-01": {
            "month": "2011-01",
            "price": "23.23",
            "revenue": 678261
        },
        "2011-02": {
            "month": "2011-02",
            "price": "22.22",
            "revenue": 633359
        },
        "2011-03": {
            "month": "2011-03",
            "price": "21.73",
            "revenue": 764614
        },
        "2011-04": {
            "month": "2011-04",
            "price": "23.33",
            "revenue": 802342
        },
        "2011-05": {
            "month": "2011-05",
            "price": "24.41",
            "revenue": 805218
        },
        "2011-06": {
            "month": "2011-06",
            "price": "24.42",
            "revenue": 726940
        },
        "2011-07": {
            "month": "2011-07",
            "price": "22.30",
            "revenue": 728757
        },
        "2011-08": {
            "month": "2011-08",
            "price": "18.77",
            "revenue": 745136
        },
        "2011-09": {
            "month": "2011-09",
            "price": "18.46",
            "revenue": 770394
        },
        "2011-10": {
            "month": "2011-10",
            "price": "18.64",
            "revenue": 813960
        },
        "2011-11": {
            "month": "2011-11",
            "price": "19.82",
            "revenue": 770553
        },
        "2011-12": {
            "month": "2011-12",
            "price": "18.91",
            "revenue": 714420
        },
        "2012-01": {
            "month": "2012-01",
            "price": "19.15",
            "revenue": 710024
        },
        "2012-02": {
            "month": "2012-02",
            "price": "22.08",
            "revenue": 710494
        },
        "2012-03": {
            "month": "2012-03",
            "price": "23.25",
            "revenue": 857285
        },
        "2012-04": {
            "month": "2012-04",
            "price": "23.26",
            "revenue": 865605
        },
        "2012-05": {
            "month": "2012-05",
            "price": "24.00",
            "revenue": 810160
        },
        "2012-06": {
            "month": "2012-06",
            "price": "23.22",
            "revenue": 785943
        },
        "2012-07": {
            "month": "2012-07",
            "price": "23.65",
            "revenue": 873665
        },
        "2012-08": {
            "month": "2012-08",
            "price": "24.63",
            "revenue": 880119
        },
        "2012-09": {
            "month": "2012-09",
            "price": "25.84",
            "revenue": 907480
        },
        "2012-10": {
            "month": "2012-10",
            "price": "25.89",
            "revenue": 910252
        },
        "2012-11": {
            "month": "2012-11",
            "price": "25.98",
            "revenue": 877776
        },
        "2012-12": {
            "month": "2012-12",
            "price": "26.40",
            "revenue": 824000
        },
        "2013-01": {
            "month": "2013-01",
            "price": "26.27",
            "revenue": 817202
        },
        "2013-02": {
            "month": "2013-02",
            "price": "27.08",
            "revenue": 618017
        },
        "2013-03": {
            "month": "2013-03",
            "price": "28.14",
            "revenue": 884096
        },
        "2013-04": {
            "month": "2013-04",
            "price": "28.10",
            "revenue": 889810
        },
        "2013-05": {
            "month": "2013-05",
            "price": "27.97",
            "revenue": 909831
        },
        "2013-06": {
            "month": "2013-06",
            "price": "27.57",
            "revenue": 900822
        },
        "2013-07": {
            "month": "2013-07",
            "price": "27.92",
            "revenue": 972033
        },
        "2013-08": {
            "month": "2013-08",
            "price": "31.88",
            "revenue": 981045
        },
        "2013-09": {
            "month": "2013-09",
            "price": "34.21",
            "revenue": 942015
        },
        "2013-10": {
            "month": "2013-10",
            "price": "34.57",
            "revenue": 900100
        },
        "2013-11": {
            "month": "2013-11",
            "price": "34.27",
            "revenue": 908235
        },
        "2013-12": {
            "month": "2013-12",
            "price": "36.81",
            "revenue": 853057
        },
        "2014-01": {
            "month": "2014-01",
            "price": "39.26",
            "revenue": 900690
        },
        "2014-02": {
            "month": "2014-02",
            "price": "38.94",
            "revenue": 890092
        },
        "2014-03": {
            "month": "2014-03",
            "price": "42.40",
            "revenue": 953343
        },
        "2014-04": {
            "month": "2014-04",
            "price": "44.91",
            "revenue": 991292
        },
        "2014-05": {
            "month": "2014-05",
            "price": "44.70",
            "revenue": 1010481
        },
        "2014-06": {
            "month": "2014-06",
            "price": "47.13",
            "revenue": 1016112
        },
        "2014-07": {
            "month": "2014-07",
            "price": "48.19",
            "revenue": 1018059
        },
        "2014-08": {
            "month": "2014-08",
            "price": "46.37",
            "revenue": 982600
        },
        "2014-09": {
            "month": "2014-09",
            "price": "41.09",
            "revenue": 996911
        },
        "2014-10": {
            "month": "2014-10",
            "price": "38.78",
            "revenue": 972004
        },
        "2014-11": {
            "month": "2014-11",
            "price": "40.65",
            "revenue": 972399
        },
        "2014-12": {
            "month": "2014-12",
            "price": "43.86",
            "revenue": 943307
        },
        "2015-01": {
            "month": "2015-01",
            "price": "44.61",
            "revenue": 1042379
        },
        "2015-02": {
            "month": "2015-02",
            "price": "46.25",
            "revenue": 911257
        },
        "2015-03": {
            "month": "2015-03",
            "price": "50.03",
            "revenue": 1053172
        },
        "2015-04": {
            "month": "2015-04",
            "price": "52.65",
            "revenue": 1073415
        },
        "2015-05": {
            "month": "2015-05",
            "price": "54.17",
            "revenue": 1032846
        },
        "2015-06": {
            "month": "2015-06",
            "price": "60.50",
            "revenue": 1034087
        },
        "2015-07": {
            "month": "2015-07",
            "price": "51.65",
            "revenue": 1055491
        },
        "2015-08": {
            "month": "2015-08",
            "price": "49.24",
            "revenue": 1083968
        },
        "2015-09": {
            "month": "2015-09",
            "price": "54.74",
            "revenue": 1085092
        },
        "2015-10": {
            "month": "2015-10",
            "price": "56.00",
            "revenue": 1018132
        },
        "2015-11": {
            "month": "2015-11",
            "price": "61.56",
            "revenue": 963900
        },
        "2015-12": {
            "month": "2015-12",
            "price": "60.71",
            "revenue": 935084
        },
        "2016-01": {
            "month": "2016-01",
            "price": "59.51",
            "revenue": 1237837
        },
        "2016-02": {
            "month": "2016-02",
            "price": "63.54",
            "revenue": 1010416
        },
        "2016-03": {
            "month": "2016-03",
            "price": "64.56",
            "revenue": 1118070
        },
        "2016-04": {
            "month": "2016-04",
            "price": "65.87",
            "revenue": 1142696
        },
        "2016-05": {
            "month": "2016-05",
            "price": "72.85",
            "revenue": 1156504
        },
        "2016-06": {
            "month": "2016-06",
            "price": "73.61",
            "revenue": 1167868
        },
        "2016-07": {
            "month": "2016-07",
            "price": "75.88",
            "revenue": 1069748
        },
        "2016-08": {
            "month": "2016-08",
            "price": "74.51",
            "revenue": 1088207
        },
        "2016-09": {
            "month": "2016-09",
            "price": "71.83",
            "revenue": 1102747
        },
        "2016-10": {
            "month": "2016-10",
            "price": "69.68",
            "revenue": 1047480
        },
        "2016-11": {
            "month": "2016-11",
            "price": "69.13",
            "revenue": 1054954
        },
        "2016-12": {
            "month": "2016-12",
            "price": "68.64",
            "revenue": 1019057
        },
        "2017-01": {
            "month": "2017-01",
            "price": "69.84",
            "revenue": 1151241
        },
        "2017-02": {
            "month": "2017-02",
            "price": "71.73",
            "revenue": 1044775
        },
        "2017-03": {
            "month": "2017-03",
            "price": "73.61",
            "revenue": 1086436
        },
        "2017-04": {
            "month": "2017-04",
            "price": "74.35",
            "revenue": 1031539
        },
        "2017-05": {
            "month": "2017-05",
            "price": "72.84",
            "revenue": 1112308
        },
        "2017-06": {
            "month": "2017-06",
            "price": "70.80",
            "revenue": 1203510
        },
        "2017-07": {
            "month": "2017-07",
            "price": "71.40",
            "revenue": 1208239
        },
        "2017-08": {
            "month": "2017-08",
            "price": "73.71",
            "revenue": 1214617
        },
        "2017-09": {
            "month": "2017-09",
            "price": "77.05",
            "revenue": 1250674
        },
        "2017-10": {
            "month": "2017-10",
            "price": "83.93",
            "revenue": 1113106
        },
        "2017-11": {
            "month": "2017-11",
            "price": "84.72",
            "revenue": 1135489
        },
        "2017-12": {
            "month": "2017-12",
            "price": "84.81",
            "revenue": 1035184
        },
        "2018-01": {
            "month": "2018-01",
            "price": "82.84",
            "revenue": 1192179
        },
        "2018-02": {
            "month": "2018-02",
            "price": "79.28",
            "revenue": 1080475
        },
        "2018-03": {
            "month": "2018-03",
            "price": "78.43",
            "revenue": 1263544
        },
        "2018-04": {
            "month": "2018-04",
            "price": "81.03",
            "revenue": 1284709
        },
        "2018-05": {
            "month": "2018-05",
            "price": "79.06",
            "revenue": 1320190
        },
        "2018-06": {
            "month": "2018-06",
            "price": "82.76",
            "revenue": 1402581
        },
        "2018-07": {
            "month": "2018-07",
            "price": "85.15",
            "revenue": 1425255
        },
        "2018-08": {
            "month": "2018-08",
            "price": "86.93",
            "revenue": 1470550
        },
        "2018-09": {
            "month": "2018-09",
            "price": "85.15",
            "revenue": 1507963
        },
        "2018-10": {
            "month": "2018-10",
            "price": "86.86",
            "revenue": 1406590
        },
        "2018-11": {
            "month": "2018-11",
            "price": "83.48",
            "revenue": 1308573
        },
        "2018-12": {
            "month": "2018-12",
            "price": "80.28",
            "revenue": 1152609
        },
        "2019-01": {
            "month": "2019-01",
            "price": "82.60",
            "revenue": 1327632
        },
        "2019-02": {
            "month": "2019-02",
            "price": "88.29",
            "revenue": 1206314
        },
        "2019-03": {
            "month": "2019-03",
            "price": "95.88",
            "revenue": 1520619
        },
        "2019-04": {
            "month": "2019-04",
            "price": "104.86",
            "revenue": 1588031
        },
        "2019-05": {
            "month": "2019-05",
            "price": "109.91",
            "revenue": 1621820
        },
        "2019-06": {
            "month": "2019-06",
            "price": "109.37",
            "revenue": 1680489
        },
        "2019-07": {
            "month": "2019-07",
            "price": "121.87",
            "revenue": 1701798
        },
        "2019-08": {
            "month": "2019-08",
            "price": "133.38",
            "revenue": 1706013
        },
        "2019-09": {
            "month": "2019-09",
            "price": "129.21",
            "revenue": 1708535
        },
        "2019-10": {
            "month": "2019-10",
            "price": "122.79",
            "revenue": 1421478
        },
        "2019-11": {
            "month": "2019-11",
            "price": "116.33",
            "revenue": 1373082
        },
        "2019-12": {
            "month": "2019-12",
            "price": "122.09",
            "revenue": 1316636
        },
        "2020-01": {
            "month": "2020-01",
            "price": "129.93",
            "revenue": 1554934
        },
        "2020-02": {
            "month": "2020-02",
            "price": "132.32",
            "revenue": 1334794
        },
        "2020-03": {
            "month": "2020-03",
            "price": "117.35",
            "revenue": 1622667
        },
        "2020-04": {
            "month": "2020-04",
            "price": "131.52",
            "revenue": 1732956
        },
        "2020-05": {
            "month": "2020-05",
            "price": "146.55",
            "revenue": 1774854
        },
        "2020-06": {
            "month": "2020-06",
            "price": "150.55",
            "revenue": 1835635
        },
        "2020-07": {
            "month": "2020-07",
            "price": "166.93",
            "revenue": 1909058
        },
        "2020-08": {
            "month": "2020-08",
            "price": "174.26",
            "revenue": 1960929
        },
        "2020-09": {
            "month": "2020-09",
            "price": "182.86",
            "revenue": 2053416
        },
        "2020-10": {
            "month": "2020-10",
            "price": "189.26",
            "revenue": 2003460
        },
        "2020-11": {
            "month": "2020-11",
            "price": "195.12",
            "revenue": 2100241
        },
        "2020-12": {
            "month": "2020-12",
            "price": "208.48",
            "revenue": 2036261
        },
        "2021-01": {
            "month": "2021-01",
            "price": "249.20",
            "revenue": 2111801
        },
        "2021-02": {
            "month": "2021-02",
            "price": "267.31",
            "revenue": 1735578
        },
        "2021-03": {
            "month": "2021-03",
            "price": "268.00",
            "revenue": 2137919
        },
        "2021-04": {
            "month": "2021-04",
            "price": "263.32",
            "revenue": 2157280
        },
        "2021-05": {
            "month": "2021-05",
            "price": "250.57",
            "revenue": 2168308
        },
        "2021-06": {
            "month": "2021-06",
            "price": "270.33",
            "revenue": 2179823
        },
        "2021-07": {
            "month": "2021-07",
            "price": "265.30",
            "revenue": 2200901
        },
        "2021-08": {
            "month": "2021-08",
            "price": "224.61",
            "revenue": 2217964
        },
        "2021-09": {
            "month": "2021-09",
            "price": "223.90",
            "revenue": 2238321
        },
        "2021-10": {
            "month": "2021-10",
            "price": "236.30",
            "revenue": 2121291
        },
        "2021-11": {
            "month": "2021-11",
            "price": "247.68",
            "revenue": 2250980
        },
        "2021-12": {
            "month": "2021-12",
            "price": "267.89",
            "revenue": 2172721
        },
        "2022-01": {
            "month": "2022-01",
            "price": "278.47",
            "revenue": 2353447
        },
        "2022-02": {
            "month": "2022-02",
            "price": "273.93",
            "revenue": 2135174
        },
        "2022-03": {
            "month": "2022-03",
            "price": "257.72",
            "revenue": 2453260
        },
        "2022-04": {
            "month": "2022-04",
            "price": "258.89",
            "revenue": 2475092
        },
        "2022-05": {
            "month": "2022-05",
            "price": "256.07",
            "revenue": 2493429
        },
        "2022-06": {
            "month": "2022-06",
            "price": "259.29",
            "revenue": 2555018
        },
        "2022-07": {
            "month": "2022-07",
            "price": "251.90",
            "revenue": 2655190
        },
        "2022-08": {
            "month": "2022-08",
            "price": "276.43",
            "revenue": 2737848
        },
        "2022-09": {
            "month": "2022-09",
            "price": "272.83",
            "revenue": 2787831
        },
        "2022-10": {
            "month": "2022-10",
            "price": "271.72",
            "revenue": 2792409
        },
        "2022-11": {
            "month": "2022-11",
            "price": "269.41",
            "revenue": 2801535
        },
        "2022-12": {
            "month": "2022-12",
            "price": "277.36",
            "revenue": 2646219
        },
        "2023-01": {
            "month": "2023-01",
            "price": "280.88",
            "revenue": 2756409
        },
        "2023-02": {
            "month": "2023-02",
            "price": "300.53",
            "revenue": 2858524
        },
        "2023-03": {
            "month": "2023-03",
            "price": "306.93",
            "revenue": 2898530
        },
        "2023-04": {
            "month": "2023-04",
            "price": "337.79",
            "revenue": 2911678
        },
        "2023-05": {
            "month": "2023-05",
            "price": "351.41",
            "revenue": 2922842
        },
        "2023-06": {
            "month": "2023-06",
            "price": "361.95",
            "revenue": 2930175
        },
        "2023-07": {
            "month": "2023-07",
            "price": "357.43",
            "revenue": 2707368
        },
        "2023-08": {
            "month": "2023-08",
            "price": "320.45",
            "revenue": 2754476
        },
        "2023-09": {
            "month": "2023-09",
            "price": "314.15",
            "revenue": 2802165
        },
        "2023-10": {
            "month": "2023-10",
            "price": "313.28",
            "revenue": 2603676
        },
        "2023-11": {
            "month": "2023-11",
            "price": "279.91",
            "revenue": 2622953
        }
    }
}
