{
    "summary": {
        "stock_name": "憶聲",
        "stock_id": "3024",
        "category": "光電",
        "main_business": "電子製造事業體系<br>流通服務事業體系<br>倉儲物流事業體系",
        "website_url": "http://www.action.com.tw",
        "ceo": "彭秀雲",
        "pe_ratio": 44,
        "report_year_from": 2001,
        "report_year_to": 2023,
        "age": 23,
        "eps_negative_percentage": 30,
        "eps_growth_avg": {
            "last_all": -14.54,
            "last_2y": 20.73,
            "last_4y": -3.16,
            "last_8y": -1.64,
            "last_12y": -13.93,
            "last_16y": -22.81,
            "last_20y": -22.72,
            "at_2006_last_3y": -22.5,
            "at_2007_last_3y": -26.07,
            "at_2008_last_3y": -41.29,
            "at_2009_last_3y": -66.96,
            "at_2010_last_3y": -58.33,
            "at_2011_last_3y": -100,
            "at_2012_last_3y": -100,
            "at_2013_last_3y": -100,
            "at_2014_last_3y": -100,
            "at_2015_last_3y": null,
            "at_2016_last_3y": null,
            "at_2017_last_3y": -95.67,
            "at_2018_last_3y": 2.17,
            "at_2019_last_3y": -19.54,
            "at_2020_last_3y": -18.41,
            "at_2021_last_3y": 30.51,
            "at_2022_last_3y": -8.49,
            "at_2023_last_3y": 11.8,
            "at_2024_last_3y": 11.8,
            "at_2006_last_all": 2,
            "at_2007_last_all": -1.11,
            "at_2008_last_all": -15.24,
            "at_2009_last_all": -15.24,
            "at_2010_last_all": -15.24,
            "at_2011_last_all": -25.84,
            "at_2012_last_all": -25.84,
            "at_2013_last_all": -25.84,
            "at_2014_last_all": -25.84,
            "at_2015_last_all": -25.84,
            "at_2016_last_all": -25.84,
            "at_2017_last_all": -33.59,
            "at_2018_last_all": -20.23,
            "at_2019_last_all": -24.12,
            "at_2020_last_all": -23.36,
            "at_2021_last_all": -13.87,
            "at_2022_last_all": -16.88,
            "at_2023_last_all": -14.54,
            "at_2024_last_all": -14.54
        },
        "latest_eps": 0.39,
        "latest_price": 17.1,
        "latest_roe": 3.86,
        "latest_gross_margin": 27.86,
        "latest_equity": 2811696,
        "latest_revenue": 348118,
        "latest_gross_profit": 96976,
        "latest_net_income": 16970,
        "latest_debt_ratio": 45.46,
        "latest_current_ratio": 144,
        "latest_account_receivable_turnover_ratio": 2.12,
        "latest_inventory_turnover_ratio": 0.18,
        "latest_reinvestment_rate": -29.74,
        "latest_research_to_sale_ratio": 2.22
    },
    "eps_dividends": {
        "1997": {
            "cash": 0,
            "stock": 1.2,
            "eps": 0
        },
        "1998": {
            "cash": 0,
            "stock": 1.4,
            "eps": 0
        },
        "1999": {
            "cash": 0,
            "stock": 1.5,
            "eps": 0
        },
        "2000": {
            "cash": 0,
            "stock": 1.5,
            "eps": 0
        },
        "2001": {
            "cash": 0,
            "stock": 0,
            "eps": 0.94
        },
        "2002": {
            "cash": 0.2,
            "stock": 0.8,
            "eps": 3.77
        },
        "2003": {
            "cash": 0.5,
            "stock": 2,
            "eps": 3.68
        },
        "2004": {
            "cash": 1.31,
            "stock": 1.31,
            "eps": 2.24
        },
        "2005": {
            "cash": 1.08,
            "stock": 0.98,
            "eps": 3.04
        },
        "2006": {
            "cash": 1.3,
            "stock": 1,
            "eps": 0.48
        },
        "2007": {
            "cash": 1,
            "stock": 0,
            "eps": 0.4
        },
        "2008": {
            "cash": 0.2,
            "stock": 0.5,
            "eps": -0.36
        },
        "2009": {
            "cash": 0,
            "stock": 0.31,
            "eps": -0.76
        },
        "2010": {
            "cash": 0,
            "stock": 0,
            "eps": 0.18
        },
        "2011": {
            "cash": 0.11,
            "stock": 0.32,
            "eps": -0.8
        },
        "2012": {
            "cash": 0,
            "stock": 0,
            "eps": -0.86
        },
        "2013": {
            "cash": 0,
            "stock": 0,
            "eps": -1.98
        },
        "2014": {
            "cash": 0,
            "stock": 0,
            "eps": -1.13
        },
        "2015": {
            "cash": 0,
            "stock": 0,
            "eps": -1.19
        },
        "2016": {
            "cash": 0,
            "stock": 0,
            "eps": 2.77
        },
        "2017": {
            "cash": 0,
            "stock": 0,
            "eps": 0.12
        },
        "2018": {
            "cash": 0,
            "stock": 0,
            "eps": 0.54
        },
        "2019": {
            "cash": 0.32,
            "stock": 0,
            "eps": 0.2
        },
        "2020": {
            "cash": 0.22,
            "stock": 0,
            "eps": 0.17
        },
        "2021": {
            "cash": 0.1,
            "stock": 0,
            "eps": 0.75
        },
        "2022": {
            "cash": 0.3,
            "stock": 0,
            "eps": 0.33
        },
        "2023": {
            "cash": 0.22,
            "stock": 0,
            "eps": 0.39
        },
        "2024": {
            "cash": 0.1,
            "stock": 0,
            "eps": 0
        }
    },
    "dividends": {
        "1997-06-06": {
            "cash": 0,
            "stock": 1.2
        },
        "1998-05-21": {
            "cash": 0,
            "stock": 1.4
        },
        "1999-06-14": {
            "cash": 0,
            "stock": 1.5
        },
        "2000-06-22": {
            "cash": 0,
            "stock": 1.5
        },
        "2002-06-24": {
            "cash": 0.2,
            "stock": 0.8
        },
        "2003-04-04": {
            "cash": 0.5,
            "stock": 2
        },
        "2004-03-26": {
            "cash": 1.31,
            "stock": 1.31
        },
        "2005-04-23": {
            "cash": 1.08,
            "stock": 0.98
        },
        "2006-04-25": {
            "cash": 1.3,
            "stock": 1
        },
        "2007-04-26": {
            "cash": 1,
            "stock": 0
        },
        "2008-05-19": {
            "cash": 0.2,
            "stock": 0.5
        },
        "2009-03-31": {
            "cash": 0,
            "stock": 0.31
        },
        "2011-04-06": {
            "cash": 0.11,
            "stock": 0.32
        },
        "2019-08-14": {
            "cash": 0.32,
            "stock": 0
        },
        "2020-08-05": {
            "cash": 0.22,
            "stock": 0
        },
        "2021-09-16": {
            "cash": 0.1,
            "stock": 0
        },
        "2022-08-10": {
            "cash": 0.3,
            "stock": 0
        },
        "2023-08-15": {
            "cash": 0.22,
            "stock": 0
        },
        "2024-03-12": {
            "cash": 0.1,
            "stock": 0
        }
    },
    "prices": {
        "200101": "無",
        "200102": "無",
        "200103": "無",
        "200104": "無",
        "200105": "無",
        "200106": "無",
        "200107": "無",
        "200108": "無",
        "200109": "無",
        "200110": "無",
        "200111": "無",
        "200112": "無",
        "200201": "無",
        "200202": "無",
        "200203": "無",
        "200204": "無",
        "200205": "無",
        "200206": "無",
        "200207": "無",
        "200208": "43.62",
        "200209": "45.20",
        "200210": "44.94",
        "200211": "46.12",
        "200212": "44.45",
        "200301": "44.06",
        "200302": "42.01",
        "200303": "34.98",
        "200304": "28.75",
        "200305": "26.53",
        "200306": "34.65",
        "200307": "39.72",
        "200308": "34.55",
        "200309": "30.20",
        "200310": "31.47",
        "200311": "35.50",
        "200312": "37.28",
        "200401": "38.21",
        "200402": "37.56",
        "200403": "36.02",
        "200404": "35.28",
        "200405": "30.18",
        "200406": "28.27",
        "200407": "25.07",
        "200408": "22.42",
        "200409": "23.82",
        "200410": "23.02",
        "200411": "21.41",
        "200412": "22.15",
        "200501": "21.69",
        "200502": "25.81",
        "200503": "30.20",
        "200504": "29.24",
        "200505": "23.95",
        "200506": "25.75",
        "200507": "27.22",
        "200508": "24.58",
        "200509": "22.98",
        "200510": "23.28",
        "200511": "23.24",
        "200512": "26.61",
        "200601": "26.72",
        "200602": "25.55",
        "200603": "24.20",
        "200604": "24.23",
        "200605": "22.99",
        "200606": "19.78",
        "200607": "19.24",
        "200608": "17.66",
        "200609": "15.83",
        "200610": "16.82",
        "200611": "16.56",
        "200612": "18.81",
        "200701": "20.36",
        "200702": "18.60",
        "200703": "19.66",
        "200704": "19.11",
        "200705": "17.75",
        "200706": "18.96",
        "200707": "18.56",
        "200708": "14.90",
        "200709": "15.78",
        "200710": "15.66",
        "200711": "13.64",
        "200712": "12.16",
        "200801": "13.15",
        "200802": "13.14",
        "200803": "12.66",
        "200804": "12.53",
        "200805": "12.90",
        "200806": "11.74",
        "200807": "9.63",
        "200808": "9.60",
        "200809": "8.01",
        "200810": "6.31",
        "200811": "4.86",
        "200812": "5.70",
        "200901": "5.76",
        "200902": "5.17",
        "200903": "5.99",
        "200904": "6.81",
        "200905": "6.76",
        "200906": "7.54",
        "200907": "8.08",
        "200908": "8.17",
        "200909": "8.82",
        "200910": "12.42",
        "200911": "13.08",
        "200912": "14.05",
        "201001": "13.32",
        "201002": "11.83",
        "201003": "12.55",
        "201004": "13.00",
        "201005": "11.30",
        "201006": "11.03",
        "201007": "11.40",
        "201008": "11.34",
        "201009": "10.84",
        "201010": "11.73",
        "201011": "10.70",
        "201012": "11.05",
        "201101": "10.76",
        "201102": "10.42",
        "201103": "9.97",
        "201104": "10.06",
        "201105": "10.04",
        "201106": "10.56",
        "201107": "11.73",
        "201108": "10.72",
        "201109": "9.76",
        "201110": "9.11",
        "201111": "7.40",
        "201112": "7.64",
        "201201": "7.98",
        "201202": "9.40",
        "201203": "9.60",
        "201204": "8.19",
        "201205": "8.17",
        "201206": "7.96",
        "201207": "7.48",
        "201208": "7.24",
        "201209": "7.75",
        "201210": "7.34",
        "201211": "7.07",
        "201212": "7.18",
        "201301": "7.27",
        "201302": "7.08",
        "201303": "7.04",
        "201304": "6.69",
        "201305": "6.86",
        "201306": "6.96",
        "201307": "6.53",
        "201308": "5.97",
        "201309": "5.87",
        "201310": "6.17",
        "201311": "5.92",
        "201312": "5.99",
        "201401": "6.66",
        "201402": "6.67",
        "201403": "6.90",
        "201404": "6.46",
        "201405": "6.06",
        "201406": "6.20",
        "201407": "6.51",
        "201408": "6.30",
        "201409": "6.49",
        "201410": "5.99",
        "201411": "5.49",
        "201412": "6.04",
        "201501": "6.98",
        "201502": "6.58",
        "201503": "6.53",
        "201504": "6.06",
        "201505": "5.86",
        "201506": "5.12",
        "201507": "4.80",
        "201508": "4.00",
        "201509": "3.96",
        "201510": "4.27",
        "201511": "4.27",
        "201512": "3.85",
        "201601": "3.75",
        "201602": "3.58",
        "201603": "3.75",
        "201604": "3.46",
        "201605": "3.17",
        "201606": "3.07",
        "201607": "3.35",
        "201608": "3.87",
        "201609": "5.51",
        "201610": "6.62",
        "201611": "7.39",
        "201612": "7.15",
        "201701": "7.19",
        "201702": "7.86",
        "201703": "9.86",
        "201704": "10.25",
        "201705": "10.02",
        "201706": "8.59",
        "201707": "7.79",
        "201708": "7.30",
        "201709": "7.22",
        "201710": "7.03",
        "201711": "6.59",
        "201712": "6.40",
        "201801": "6.62",
        "201802": "6.47",
        "201803": "6.72",
        "201804": "6.65",
        "201805": "6.74",
        "201806": "7.20",
        "201807": "7.17",
        "201808": "7.35",
        "201809": "7.32",
        "201810": "6.57",
        "201811": "6.12",
        "201812": "6.18",
        "201901": "6.08",
        "201902": "6.30",
        "201903": "6.72",
        "201904": "7.17",
        "201905": "6.92",
        "201906": "6.78",
        "201907": "6.77",
        "201908": "6.58",
        "201909": "6.60",
        "201910": "6.76",
        "201911": "8.24",
        "201912": "8.60",
        "202001": "8.23",
        "202002": "7.88",
        "202003": "6.73",
        "202004": "6.86",
        "202005": "7.53",
        "202006": "8.75",
        "202007": "10.90",
        "202008": "11.35",
        "202009": "12.68",
        "202010": "11.51",
        "202011": "11.59",
        "202012": "11.58",
        "202101": "10.46",
        "202102": "10.57",
        "202103": "11.48",
        "202104": "13.39",
        "202105": "13.52",
        "202106": "13.68",
        "202107": "13.18",
        "202108": "12.65",
        "202109": "12.73",
        "202110": "13.49",
        "202111": "13.90",
        "202112": "13.77",
        "202201": "13.26",
        "202202": "12.87",
        "202203": "12.57",
        "202204": "12.93",
        "202205": "12.21",
        "202206": "12.30",
        "202207": "12.04",
        "202208": "13.43",
        "202209": "13.71",
        "202210": "12.70",
        "202211": "13.09",
        "202212": "13.47",
        "202301": "13.33",
        "202302": "13.52",
        "202303": "14.54",
        "202304": "14.78",
        "202305": "14.65",
        "202306": "15.43",
        "202307": "16.50",
        "202308": "17.12",
        "202309": "16.20",
        "202310": "15.42",
        "202311": "16.88",
        "202312": "17.73",
        "202401": "18.14",
        "202402": "18.31",
        "202403": "17.51",
        "202404": "無"
    },
    "quarters": {
        "20011": {
            "year_quarter": 20011,
            "year": 2001,
            "quarter": 1,
            "eps": 0.33,
            "eps_growth_year": -50.75,
            "eps_4q": 0.4,
            "eps_4q_growth_year": -77.51,
            "roe": 2.27,
            "roe_4q": 2.27,
            "gross_profit": 56875,
            "gross_margin": 10.95,
            "gross_margin_4q_avg": 10.95,
            "net_income": 42029,
            "net_income_4q": null,
            "revenue": 519294,
            "revenue_4q": null,
            "common_shares": 1352810,
            "book_valuer_per_share": 13.83,
            "book_valuer_per_share_4q_avg": 13.83,
            "equity": 1870811,
            "current_ratio": 222.59,
            "debt_ratio": 23.64,
            "inventory_turnover_ratio": 0.57,
            "account_receivable_turnover_ratio": null,
            "reinvestment_rate": null,
            "research_to_sale_ratio": null,
            "price_fair": 0,
            "eps_avg_yearly": 0,
            "eps_latest_yearly": 0,
            "eps_growth_yearly": 0
        },
        "20012": {
            "year_quarter": 20012,
            "year": 2001,
            "quarter": 2,
            "eps": 0.15,
            "eps_growth_year": -6.25,
            "eps_4q": 0.36,
            "eps_4q_growth_year": -76.52,
            "roe": 1.1,
            "roe_4q": 3.37,
            "gross_profit": 58280,
            "gross_margin": 10.75,
            "gross_margin_4q_avg": 10.85,
            "net_income": 20758,
            "net_income_4q": null,
            "revenue": 541933,
            "revenue_4q": null,
            "common_shares": 1352810,
            "book_valuer_per_share": 14.01,
            "book_valuer_per_share_4q_avg": 13.92,
            "equity": 1895753,
            "current_ratio": 207.1,
            "debt_ratio": 25.19,
            "inventory_turnover_ratio": 1.1,
            "account_receivable_turnover_ratio": null,
            "reinvestment_rate": null,
            "research_to_sale_ratio": null,
            "price_fair": 0,
            "eps_avg_yearly": 0,
            "eps_latest_yearly": 0,
            "eps_growth_yearly": 0
        },
        "20013": {
            "year_quarter": 20013,
            "year": 2001,
            "quarter": 3,
            "eps": 0.22,
            "eps_growth_year": 1000,
            "eps_4q": 0.56,
            "eps_4q_growth_year": -59.07,
            "roe": 1.6,
            "roe_4q": 4.970000000000001,
            "gross_profit": 66167,
            "gross_margin": 10.23,
            "gross_margin_4q_avg": 10.64,
            "net_income": 30553,
            "net_income_4q": null,
            "revenue": 646999,
            "revenue_4q": null,
            "common_shares": 1461694,
            "book_valuer_per_share": 13.23,
            "book_valuer_per_share_4q_avg": 13.69,
            "equity": 1933855,
            "current_ratio": 224.71,
            "debt_ratio": 22.94,
            "inventory_turnover_ratio": 1.42,
            "account_receivable_turnover_ratio": null,
            "reinvestment_rate": null,
            "research_to_sale_ratio": null,
            "price_fair": 0,
            "eps_avg_yearly": 0,
            "eps_latest_yearly": 0,
            "eps_growth_yearly": 0
        },
        "20014": {
            "year_quarter": 20014,
            "year": 2001,
            "quarter": 4,
            "eps": 0.24,
            "eps_growth_year": null,
            "eps_4q": 0.9,
            "eps_4q_growth_year": 80.38,
            "roe": 1.74,
            "roe_4q": 6.709999999999999,
            "gross_profit": 57352,
            "gross_margin": 8.73,
            "gross_margin_4q_avg": 10.17,
            "net_income": 33967,
            "net_income_4q": null,
            "revenue": 657154,
            "revenue_4q": null,
            "common_shares": 1461694,
            "book_valuer_per_share": 13.5,
            "book_valuer_per_share_4q_avg": 13.64,
            "equity": 1973147,
            "current_ratio": 192.67,
            "debt_ratio": 42.75,
            "inventory_turnover_ratio": 0.82,
            "account_receivable_turnover_ratio": null,
            "reinvestment_rate": null,
            "research_to_sale_ratio": null,
            "price_fair": 0,
            "eps_avg_yearly": 0,
            "eps_latest_yearly": 0,
            "eps_growth_yearly": 0
        },
        "20021": {
            "year_quarter": 20021,
            "year": 2002,
            "quarter": 1,
            "eps": 0.53,
            "eps_growth_year": 60.61,
            "eps_4q": 1.13,
            "eps_4q_growth_year": 180.95,
            "roe": 3.65,
            "roe_4q": 8.09,
            "gross_profit": 75077,
            "gross_margin": 9.76,
            "gross_margin_4q_avg": 9.87,
            "net_income": 75557,
            "net_income_4q": null,
            "revenue": 769493,
            "revenue_4q": null,
            "common_shares": 1461694,
            "book_valuer_per_share": 14.8,
            "book_valuer_per_share_4q_avg": 13.89,
            "equity": 2163354,
            "current_ratio": 246.57,
            "debt_ratio": 24.01,
            "inventory_turnover_ratio": 0.93,
            "account_receivable_turnover_ratio": null,
            "reinvestment_rate": null,
            "research_to_sale_ratio": null,
            "price_fair": 74.2,
            "eps_avg_yearly": 2.12,
            "eps_latest_yearly": 2.12,
            "eps_growth_yearly": 483.33
        },
        "20022": {
            "year_quarter": 20022,
            "year": 2002,
            "quarter": 2,
            "eps": 0.97,
            "eps_growth_year": 546.67,
            "eps_4q": 1.94,
            "eps_4q_growth_year": 437.71,
            "roe": 6.38,
            "roe_4q": 13.37,
            "gross_profit": 126579,
            "gross_margin": 11.07,
            "gross_margin_4q_avg": 9.95,
            "net_income": 139834,
            "net_income_4q": null,
            "revenue": 1143033,
            "revenue_4q": null,
            "common_shares": 1461694,
            "book_valuer_per_share": 15.2,
            "book_valuer_per_share_4q_avg": 14.18,
            "equity": 2222065,
            "current_ratio": 249.69,
            "debt_ratio": 24.32,
            "inventory_turnover_ratio": 2.17,
            "account_receivable_turnover_ratio": null,
            "reinvestment_rate": null,
            "research_to_sale_ratio": null,
            "price_fair": 105,
            "eps_avg_yearly": 3,
            "eps_latest_yearly": 3.88,
            "eps_growth_yearly": 407.7
        },
        "20023": {
            "year_quarter": 20023,
            "year": 2002,
            "quarter": 3,
            "eps": 1.72,
            "eps_growth_year": 681.82,
            "eps_4q": 3.44,
            "eps_4q_growth_year": 509.41,
            "roe": 10.52,
            "roe_4q": 22.289999999999996,
            "gross_profit": 206285,
            "gross_margin": 14.02,
            "gross_margin_4q_avg": 10.9,
            "net_income": 249436,
            "net_income_4q": null,
            "revenue": 1471697,
            "revenue_4q": null,
            "common_shares": 1584432,
            "book_valuer_per_share": 15.9,
            "book_valuer_per_share_4q_avg": 14.85,
            "equity": 2518765,
            "current_ratio": 170.1,
            "debt_ratio": 29.13,
            "inventory_turnover_ratio": 2.13,
            "account_receivable_turnover_ratio": null,
            "reinvestment_rate": null,
            "research_to_sale_ratio": null,
            "price_fair": 150.27,
            "eps_avg_yearly": 4.29,
            "eps_latest_yearly": 6.88,
            "eps_growth_yearly": 374.9
        },
        "20024": {
            "year_quarter": 20024,
            "year": 2002,
            "quarter": 4,
            "eps": 0.55,
            "eps_growth_year": 129.17,
            "eps_4q": 3.52,
            "eps_4q_growth_year": 291.56,
            "roe": 3.34,
            "roe_4q": 23.889999999999997,
            "gross_profit": 91917,
            "gross_margin": 10.18,
            "gross_margin_4q_avg": 11.26,
            "net_income": 86018,
            "net_income_4q": null,
            "revenue": 902663,
            "revenue_4q": null,
            "common_shares": 1584432,
            "book_valuer_per_share": 16.59,
            "book_valuer_per_share_4q_avg": 15.62,
            "equity": 2628538,
            "current_ratio": 189.8,
            "debt_ratio": 47.17,
            "inventory_turnover_ratio": 0.55,
            "account_receivable_turnover_ratio": null,
            "reinvestment_rate": 19.37,
            "research_to_sale_ratio": null,
            "price_fair": 131.95,
            "eps_avg_yearly": 3.77,
            "eps_latest_yearly": 2.2,
            "eps_growth_yearly": 213.15
        },
        "20031": {
            "year_quarter": 20031,
            "year": 2003,
            "quarter": 1,
            "eps": 0.27,
            "eps_growth_year": -49.06,
            "eps_4q": 3.22,
            "eps_4q_growth_year": 185.48,
            "roe": 1.65,
            "roe_4q": 21.89,
            "gross_profit": 68700,
            "gross_margin": 8.13,
            "gross_margin_4q_avg": 10.85,
            "net_income": 43490,
            "net_income_4q": null,
            "revenue": 845408,
            "revenue_4q": null,
            "common_shares": 1584432,
            "book_valuer_per_share": 16.63,
            "book_valuer_per_share_4q_avg": 16.08,
            "equity": 2635152,
            "current_ratio": 153.19,
            "debt_ratio": 33.2,
            "inventory_turnover_ratio": 0.48,
            "account_receivable_turnover_ratio": null,
            "reinvestment_rate": -1.33,
            "research_to_sale_ratio": null,
            "price_fair": 113.12,
            "eps_avg_yearly": 3.23,
            "eps_latest_yearly": 1.08,
            "eps_growth_yearly": 129.79
        },
        "20032": {
            "year_quarter": 20032,
            "year": 2003,
            "quarter": 2,
            "eps": 1.01,
            "eps_growth_year": 4.12,
            "eps_4q": 3.41,
            "eps_4q_growth_year": 75.63,
            "roe": 5.99,
            "roe_4q": 21.5,
            "gross_profit": 105236,
            "gross_margin": 8.35,
            "gross_margin_4q_avg": 10.17,
            "net_income": 159465,
            "net_income_4q": null,
            "revenue": 1260084,
            "revenue_4q": null,
            "common_shares": 1584432,
            "book_valuer_per_share": 16.97,
            "book_valuer_per_share_4q_avg": 16.52,
            "equity": 2688774,
            "current_ratio": 385.8,
            "debt_ratio": 36.2,
            "inventory_turnover_ratio": 1.35,
            "account_receivable_turnover_ratio": null,
            "reinvestment_rate": -1.48,
            "research_to_sale_ratio": null,
            "price_fair": 117.83,
            "eps_avg_yearly": 3.37,
            "eps_latest_yearly": 4.04,
            "eps_growth_yearly": 290.88
        },
        "20033": {
            "year_quarter": 20033,
            "year": 2003,
            "quarter": 3,
            "eps": 1.06,
            "eps_growth_year": -38.37,
            "eps_4q": 2.55,
            "eps_4q_growth_year": -25.74,
            "roe": 7.19,
            "roe_4q": 18.17,
            "gross_profit": 157241,
            "gross_margin": 8.27,
            "gross_margin_4q_avg": 8.73,
            "net_income": 204988,
            "net_income_4q": null,
            "revenue": 1902145,
            "revenue_4q": null,
            "common_shares": 1998836,
            "book_valuer_per_share": 15.08,
            "book_valuer_per_share_4q_avg": 16.32,
            "equity": 3013856,
            "current_ratio": 276.6,
            "debt_ratio": 35.77,
            "inventory_turnover_ratio": 2.62,
            "account_receivable_turnover_ratio": null,
            "reinvestment_rate": -1.47,
            "research_to_sale_ratio": null,
            "price_fair": 122.2,
            "eps_avg_yearly": 3.49,
            "eps_latest_yearly": 4.24,
            "eps_growth_yearly": 252.15
        },
        "20034": {
            "year_quarter": 20034,
            "year": 2003,
            "quarter": 4,
            "eps": 1.34,
            "eps_growth_year": 143.64,
            "eps_4q": 3.43,
            "eps_4q_growth_year": -2.72,
            "roe": 7.67,
            "roe_4q": 22.5,
            "gross_profit": 163781,
            "gross_margin": 6.2,
            "gross_margin_4q_avg": 7.74,
            "net_income": 262027,
            "net_income_4q": null,
            "revenue": 2640477,
            "revenue_4q": null,
            "common_shares": 2121698,
            "book_valuer_per_share": 16.71,
            "book_valuer_per_share_4q_avg": 16.35,
            "equity": 3821220,
            "current_ratio": 197.74,
            "debt_ratio": 49.86,
            "inventory_turnover_ratio": 1.6,
            "account_receivable_turnover_ratio": null,
            "reinvestment_rate": 1.39,
            "research_to_sale_ratio": null,
            "price_fair": 130.38,
            "eps_avg_yearly": 3.73,
            "eps_latest_yearly": 5.36,
            "eps_growth_yearly": 233.84
        },
        "20041": {
            "year_quarter": 20041,
            "year": 2004,
            "quarter": 1,
            "eps": 0.69,
            "eps_growth_year": 155.56,
            "eps_4q": 3.65,
            "eps_4q_growth_year": 13.38,
            "roe": 3.83,
            "roe_4q": 24.68,
            "gross_profit": 39518,
            "gross_margin": 3.21,
            "gross_margin_4q_avg": 6.51,
            "net_income": 145960,
            "net_income_4q": null,
            "revenue": 1232016,
            "revenue_4q": null,
            "common_shares": 2144016,
            "book_valuer_per_share": 17.76,
            "book_valuer_per_share_4q_avg": 16.63,
            "equity": 3806779,
            "current_ratio": 300.93,
            "debt_ratio": 25.31,
            "inventory_turnover_ratio": 0.76,
            "account_receivable_turnover_ratio": null,
            "reinvestment_rate": -1.9,
            "research_to_sale_ratio": null,
            "price_fair": 126.62,
            "eps_avg_yearly": 3.62,
            "eps_latest_yearly": 2.76,
            "eps_growth_yearly": 186.3
        },
        "20042": {
            "year_quarter": 20042,
            "year": 2004,
            "quarter": 2,
            "eps": 0.33,
            "eps_growth_year": -67.33,
            "eps_4q": 2.86,
            "eps_4q_growth_year": -16.01,
            "roe": 2.14,
            "roe_4q": 20.830000000000002,
            "gross_profit": 92801,
            "gross_margin": 6.36,
            "gross_margin_4q_avg": 6.01,
            "net_income": 79822,
            "net_income_4q": null,
            "revenue": 1458335,
            "revenue_4q": null,
            "common_shares": 2153062,
            "book_valuer_per_share": 16.89,
            "book_valuer_per_share_4q_avg": 16.61,
            "equity": 3635902,
            "current_ratio": 160.88,
            "debt_ratio": 32.73,
            "inventory_turnover_ratio": 2.42,
            "account_receivable_turnover_ratio": null,
            "reinvestment_rate": -4.9,
            "research_to_sale_ratio": null,
            "price_fair": 118.58,
            "eps_avg_yearly": 3.39,
            "eps_latest_yearly": 1.32,
            "eps_growth_yearly": 146.8
        },
        "20043": {
            "year_quarter": 20043,
            "year": 2004,
            "quarter": 3,
            "eps": 1.19,
            "eps_growth_year": 12.26,
            "eps_4q": 3.21,
            "eps_4q_growth_year": 25.72,
            "roe": 7.88,
            "roe_4q": 21.52,
            "gross_profit": 102079,
            "gross_margin": 4.73,
            "gross_margin_4q_avg": 5.13,
            "net_income": 287180,
            "net_income_4q": null,
            "revenue": 2157980,
            "revenue_4q": null,
            "common_shares": 2468186,
            "book_valuer_per_share": 14.81,
            "book_valuer_per_share_4q_avg": 16.54,
            "equity": 3654204,
            "current_ratio": 148.57,
            "debt_ratio": 31.79,
            "inventory_turnover_ratio": 4.31,
            "account_receivable_turnover_ratio": null,
            "reinvestment_rate": -4.59,
            "research_to_sale_ratio": null,
            "price_fair": 122.95,
            "eps_avg_yearly": 3.51,
            "eps_latest_yearly": 4.76,
            "eps_growth_yearly": 228.22
        },
        "20044": {
            "year_quarter": 20044,
            "year": 2004,
            "quarter": 4,
            "eps": 0.03,
            "eps_growth_year": -97.76,
            "eps_4q": 1.97,
            "eps_4q_growth_year": -42.5,
            "roe": 0.2,
            "roe_4q": 14.05,
            "gross_profit": 69018,
            "gross_margin": 5.5,
            "gross_margin_4q_avg": 4.95,
            "net_income": 7932,
            "net_income_4q": null,
            "revenue": 1254061,
            "revenue_4q": null,
            "common_shares": 2472665,
            "book_valuer_per_share": 14.25,
            "book_valuer_per_share_4q_avg": 15.93,
            "equity": 4128347,
            "current_ratio": 292.05,
            "debt_ratio": 46.86,
            "inventory_turnover_ratio": 0.9,
            "account_receivable_turnover_ratio": null,
            "reinvestment_rate": -6.93,
            "research_to_sale_ratio": null,
            "price_fair": 113.05,
            "eps_avg_yearly": 3.23,
            "eps_latest_yearly": 0.12,
            "eps_growth_yearly": 176.71
        },
        "20051": {
            "year_quarter": 20051,
            "year": 2005,
            "quarter": 1,
            "eps": 0.29,
            "eps_growth_year": -57.97,
            "eps_4q": 1.8,
            "eps_4q_growth_year": -50.78,
            "roe": 1.71,
            "roe_4q": 11.93,
            "gross_profit": 83484,
            "gross_margin": 5,
            "gross_margin_4q_avg": 5.4,
            "net_income": 72141,
            "net_income_4q": null,
            "revenue": 1668740,
            "revenue_4q": null,
            "common_shares": 2798702,
            "book_valuer_per_share": 15.42,
            "book_valuer_per_share_4q_avg": 15.34,
            "equity": 4316028,
            "current_ratio": 237.4,
            "debt_ratio": 34.02,
            "inventory_turnover_ratio": 1.22,
            "account_receivable_turnover_ratio": null,
            "reinvestment_rate": -5.69,
            "research_to_sale_ratio": null,
            "price_fair": 107.48,
            "eps_avg_yearly": 3.07,
            "eps_latest_yearly": 1.16,
            "eps_growth_yearly": 429.78
        },
        "20052": {
            "year_quarter": 20052,
            "year": 2005,
            "quarter": 2,
            "eps": 0.54,
            "eps_growth_year": 63.64,
            "eps_4q": 1.83,
            "eps_4q_growth_year": -36.14,
            "roe": 3.58,
            "roe_4q": 13.370000000000001,
            "gross_profit": 130830,
            "gross_margin": 5.75,
            "gross_margin_4q_avg": 5.25,
            "net_income": 153850,
            "net_income_4q": null,
            "revenue": 2275258,
            "revenue_4q": null,
            "common_shares": 2847857,
            "book_valuer_per_share": 15,
            "book_valuer_per_share_4q_avg": 14.87,
            "equity": 4271740,
            "current_ratio": 194.51,
            "debt_ratio": 38.22,
            "inventory_turnover_ratio": 5.95,
            "account_receivable_turnover_ratio": null,
            "reinvestment_rate": -4.93,
            "research_to_sale_ratio": null,
            "price_fair": 105.2,
            "eps_avg_yearly": 3.01,
            "eps_latest_yearly": 2.16,
            "eps_growth_yearly": 423.71
        },
        "20053": {
            "year_quarter": 20053,
            "year": 2005,
            "quarter": 3,
            "eps": 0.96,
            "eps_growth_year": -19.33,
            "eps_4q": 1.77,
            "eps_4q_growth_year": -44.94,
            "roe": 6.19,
            "roe_4q": 11.68,
            "gross_profit": 103347,
            "gross_margin": 4.09,
            "gross_margin_4q_avg": 5.09,
            "net_income": 277888,
            "net_income_4q": null,
            "revenue": 2525149,
            "revenue_4q": null,
            "common_shares": 3157840,
            "book_valuer_per_share": 14.91,
            "book_valuer_per_share_4q_avg": 14.9,
            "equity": 4709046,
            "current_ratio": 207.36,
            "debt_ratio": 35.34,
            "inventory_turnover_ratio": 9.19,
            "account_receivable_turnover_ratio": null,
            "reinvestment_rate": -2.86,
            "research_to_sale_ratio": null,
            "price_fair": 107.15,
            "eps_avg_yearly": 3.06,
            "eps_latest_yearly": 3.84,
            "eps_growth_yearly": 416.21
        },
        "20054": {
            "year_quarter": 20054,
            "year": 2005,
            "quarter": 4,
            "eps": 1.25,
            "eps_growth_year": 4066.67,
            "eps_4q": 2.97,
            "eps_4q_growth_year": 50.99,
            "roe": 6.73,
            "roe_4q": 18.21,
            "gross_profit": 163962,
            "gross_margin": 4.78,
            "gross_margin_4q_avg": 4.91,
            "net_income": 365224,
            "net_income_4q": null,
            "revenue": 3432830,
            "revenue_4q": null,
            "common_shares": 3347909,
            "book_valuer_per_share": 16.48,
            "book_valuer_per_share_4q_avg": 15.45,
            "equity": 6145834,
            "current_ratio": 295.76,
            "debt_ratio": 33.14,
            "inventory_turnover_ratio": 3.36,
            "account_receivable_turnover_ratio": null,
            "reinvestment_rate": -1.79,
            "research_to_sale_ratio": null,
            "price_fair": 111.39,
            "eps_avg_yearly": 3.18,
            "eps_latest_yearly": 5,
            "eps_growth_yearly": 397.75
        },
        "20061": {
            "year_quarter": 20061,
            "year": 2006,
            "quarter": 1,
            "eps": 0.18,
            "eps_growth_year": -37.93,
            "eps_4q": 2.7,
            "eps_4q_growth_year": 49.97,
            "roe": 0.97,
            "roe_4q": 17.47,
            "gross_profit": 50055,
            "gross_margin": 5.11,
            "gross_margin_4q_avg": 4.93,
            "net_income": 57032,
            "net_income_4q": null,
            "revenue": 978757,
            "revenue_4q": null,
            "common_shares": 3367137,
            "book_valuer_per_share": 16.6,
            "book_valuer_per_share_4q_avg": 15.75,
            "equity": 5588679,
            "current_ratio": 316.27,
            "debt_ratio": 15.96,
            "inventory_turnover_ratio": 0.96,
            "account_receivable_turnover_ratio": null,
            "reinvestment_rate": -2.67,
            "research_to_sale_ratio": null,
            "price_fair": 108.33,
            "eps_avg_yearly": 3.1,
            "eps_latest_yearly": 0.72,
            "eps_growth_yearly": 346.14
        },
        "20062": {
            "year_quarter": 20062,
            "year": 2006,
            "quarter": 2,
            "eps": 0.05,
            "eps_growth_year": -90.74,
            "eps_4q": 1.9,
            "eps_4q_growth_year": 4.12,
            "roe": 0.35,
            "roe_4q": 14.240000000000002,
            "gross_profit": 82413,
            "gross_margin": 5.79,
            "gross_margin_4q_avg": 4.94,
            "net_income": 18879,
            "net_income_4q": null,
            "revenue": 1423244,
            "revenue_4q": null,
            "common_shares": 3368617,
            "book_valuer_per_share": 15.33,
            "book_valuer_per_share_4q_avg": 15.83,
            "equity": 5162914,
            "current_ratio": 185.87,
            "debt_ratio": 24.92,
            "inventory_turnover_ratio": 6.22,
            "account_receivable_turnover_ratio": null,
            "reinvestment_rate": -2.68,
            "research_to_sale_ratio": null,
            "price_fair": 100.28,
            "eps_avg_yearly": 2.87,
            "eps_latest_yearly": 0.2,
            "eps_growth_yearly": 307.33
        },
        "20063": {
            "year_quarter": 20063,
            "year": 2006,
            "quarter": 3,
            "eps": 0.39,
            "eps_growth_year": -59.38,
            "eps_4q": 1.62,
            "eps_4q_growth_year": -8.27,
            "roe": 2.67,
            "roe_4q": 10.72,
            "gross_profit": 126761,
            "gross_margin": 4.58,
            "gross_margin_4q_avg": 5.07,
            "net_income": 139653,
            "net_income_4q": null,
            "revenue": 2766233,
            "revenue_4q": null,
            "common_shares": 3738634,
            "book_valuer_per_share": 14.12,
            "book_valuer_per_share_4q_avg": 15.63,
            "equity": 5278929,
            "current_ratio": 146.69,
            "debt_ratio": 33.25,
            "inventory_turnover_ratio": 13.45,
            "account_receivable_turnover_ratio": null,
            "reinvestment_rate": -3.74,
            "research_to_sale_ratio": null,
            "price_fair": 88.64,
            "eps_avg_yearly": 2.53,
            "eps_latest_yearly": 1.56,
            "eps_growth_yearly": 458
        },
        "20064": {
            "year_quarter": 20064,
            "year": 2006,
            "quarter": 4,
            "eps": -0.14,
            "eps_growth_year": -111.2,
            "eps_4q": 0.63,
            "eps_4q_growth_year": -78.93,
            "roe": -0.94,
            "roe_4q": 3.05,
            "gross_profit": 65906,
            "gross_margin": 3.45,
            "gross_margin_4q_avg": 4.73,
            "net_income": -51603,
            "net_income_4q": null,
            "revenue": 1913022,
            "revenue_4q": null,
            "common_shares": 3738634,
            "book_valuer_per_share": 13.83,
            "book_valuer_per_share_4q_avg": 14.97,
            "equity": 5698169,
            "current_ratio": 349.61,
            "debt_ratio": 28.69,
            "inventory_turnover_ratio": 2.13,
            "account_receivable_turnover_ratio": null,
            "reinvestment_rate": -1.61,
            "research_to_sale_ratio": null,
            "price_fair": 89.41,
            "eps_avg_yearly": 2.55,
            "eps_latest_yearly": 1.56,
            "eps_growth_yearly": 506.67
        },
        "20071": {
            "year_quarter": 20071,
            "year": 2007,
            "quarter": 1,
            "eps": -0.25,
            "eps_growth_year": -238.89,
            "eps_4q": 0.06,
            "eps_4q_growth_year": -97.82,
            "roe": -1.59,
            "roe_4q": 0.48999999999999966,
            "gross_profit": -6749,
            "gross_margin": -1.16,
            "gross_margin_4q_avg": 3.17,
            "net_income": -86613,
            "net_income_4q": null,
            "revenue": 582763,
            "revenue_4q": null,
            "common_shares": 3762449,
            "book_valuer_per_share": 13.77,
            "book_valuer_per_share_4q_avg": 14.26,
            "equity": 5179071,
            "current_ratio": 220.1,
            "debt_ratio": 18.58,
            "inventory_turnover_ratio": 0.73,
            "account_receivable_turnover_ratio": null,
            "reinvestment_rate": -4.02,
            "research_to_sale_ratio": null,
            "price_fair": 93.1,
            "eps_avg_yearly": 2.66,
            "eps_latest_yearly": 1.56,
            "eps_growth_yearly": 557.41
        },
        "20072": {
            "year_quarter": 20072,
            "year": 2007,
            "quarter": 2,
            "eps": 0.12,
            "eps_growth_year": 140,
            "eps_4q": 0.12,
            "eps_4q_growth_year": -93.49,
            "roe": 0.86,
            "roe_4q": 1,
            "gross_profit": 45632,
            "gross_margin": 4.81,
            "gross_margin_4q_avg": 2.92,
            "net_income": 43123,
            "net_income_4q": null,
            "revenue": 948995,
            "revenue_4q": null,
            "common_shares": 3542359,
            "book_valuer_per_share": 13.78,
            "book_valuer_per_share_4q_avg": 13.88,
            "equity": 4879997,
            "current_ratio": 145.92,
            "debt_ratio": 25.62,
            "inventory_turnover_ratio": 14.32,
            "account_receivable_turnover_ratio": null,
            "reinvestment_rate": -4.24,
            "research_to_sale_ratio": null,
            "price_fair": 89.38,
            "eps_avg_yearly": 2.55,
            "eps_latest_yearly": 1.56,
            "eps_growth_yearly": 515.95
        },
        "20073": {
            "year_quarter": 20073,
            "year": 2007,
            "quarter": 3,
            "eps": 0.32,
            "eps_growth_year": -17.95,
            "eps_4q": 0.07,
            "eps_4q_growth_year": -95.67,
            "roe": 2.48,
            "roe_4q": 0.8099999999999998,
            "gross_profit": 73618,
            "gross_margin": 4.06,
            "gross_margin_4q_avg": 2.79,
            "net_income": 121856,
            "net_income_4q": null,
            "revenue": 1813456,
            "revenue_4q": null,
            "common_shares": 3542359,
            "book_valuer_per_share": 13.95,
            "book_valuer_per_share_4q_avg": 13.83,
            "equity": 4940257,
            "current_ratio": 133.66,
            "debt_ratio": 31.47,
            "inventory_turnover_ratio": 22.8,
            "account_receivable_turnover_ratio": null,
            "reinvestment_rate": -4.22,
            "research_to_sale_ratio": null,
            "price_fair": 81.42,
            "eps_avg_yearly": 2.33,
            "eps_latest_yearly": 1.28,
            "eps_growth_yearly": 565.71
        },
        "20074": {
            "year_quarter": 20074,
            "year": 2007,
            "quarter": 4,
            "eps": 0.21,
            "eps_growth_year": null,
            "eps_4q": 0.42,
            "eps_4q_growth_year": -32.25,
            "roe": 1.45,
            "roe_4q": 3.2,
            "gross_profit": 57763,
            "gross_margin": 2.95,
            "gross_margin_4q_avg": 2.67,
            "net_income": 76664,
            "net_income_4q": null,
            "revenue": 1957238,
            "revenue_4q": null,
            "common_shares": 3542359,
            "book_valuer_per_share": 14.28,
            "book_valuer_per_share_4q_avg": 13.95,
            "equity": 5647602,
            "current_ratio": 214.36,
            "debt_ratio": 44.04,
            "inventory_turnover_ratio": 1.49,
            "account_receivable_turnover_ratio": null,
            "reinvestment_rate": 5.19,
            "research_to_sale_ratio": null,
            "price_fair": 69.25,
            "eps_avg_yearly": 1.98,
            "eps_latest_yearly": 0.84,
            "eps_growth_yearly": 547.01
        },
        "20081": {
            "year_quarter": 20081,
            "year": 2008,
            "quarter": 1,
            "eps": 0.14,
            "eps_growth_year": null,
            "eps_4q": 0.79,
            "eps_4q_growth_year": 1251.04,
            "roe": 0.94,
            "roe_4q": 5.7299999999999995,
            "gross_profit": 302201,
            "gross_margin": 10.67,
            "gross_margin_4q_avg": 5.62,
            "net_income": 51180,
            "net_income_4q": null,
            "revenue": 2833375,
            "revenue_4q": null,
            "common_shares": 3542359,
            "book_valuer_per_share": 13.28,
            "book_valuer_per_share_4q_avg": 13.82,
            "equity": 5271357,
            "current_ratio": 210.2,
            "debt_ratio": 44.67,
            "inventory_turnover_ratio": 0.92,
            "account_receivable_turnover_ratio": null,
            "reinvestment_rate": 37.92,
            "research_to_sale_ratio": null,
            "price_fair": 63.32,
            "eps_avg_yearly": 1.81,
            "eps_latest_yearly": 0.56,
            "eps_growth_yearly": 551.68
        },
        "20082": {
            "year_quarter": 20082,
            "year": 2008,
            "quarter": 2,
            "eps": 0.04,
            "eps_growth_year": -66.67,
            "eps_4q": 0.23,
            "eps_4q_growth_year": 89.36,
            "roe": 0.84,
            "roe_4q": 5.709999999999999,
            "gross_profit": 415666,
            "gross_margin": 16.95,
            "gross_margin_4q_avg": 8.66,
            "net_income": 44107,
            "net_income_4q": null,
            "revenue": 2452049,
            "revenue_4q": null,
            "common_shares": 3542359,
            "book_valuer_per_share": 13.19,
            "book_valuer_per_share_4q_avg": 13.68,
            "equity": 5247043,
            "current_ratio": 230.63,
            "debt_ratio": 40.42,
            "inventory_turnover_ratio": 0.69,
            "account_receivable_turnover_ratio": null,
            "reinvestment_rate": 46.12,
            "research_to_sale_ratio": null,
            "price_fair": 60.2,
            "eps_avg_yearly": 1.72,
            "eps_latest_yearly": 0.16,
            "eps_growth_yearly": 545.75
        },
        "20083": {
            "year_quarter": 20083,
            "year": 2008,
            "quarter": 3,
            "eps": 0.16,
            "eps_growth_year": -50,
            "eps_4q": 0.27,
            "eps_4q_growth_year": 289.48,
            "roe": 2.08,
            "roe_4q": 5.31,
            "gross_profit": 583252,
            "gross_margin": 15.8,
            "gross_margin_4q_avg": 11.59,
            "net_income": 111735,
            "net_income_4q": null,
            "revenue": 3692562,
            "revenue_4q": null,
            "common_shares": 3707944,
            "book_valuer_per_share": 13.16,
            "book_valuer_per_share_4q_avg": 13.48,
            "equity": 5518159,
            "current_ratio": 229.43,
            "debt_ratio": 40.12,
            "inventory_turnover_ratio": 1.21,
            "account_receivable_turnover_ratio": null,
            "reinvestment_rate": 56.16,
            "research_to_sale_ratio": null,
            "price_fair": 49.11,
            "eps_avg_yearly": 1.4,
            "eps_latest_yearly": 0.64,
            "eps_growth_yearly": 557.87
        },
        "20084": {
            "year_quarter": 20084,
            "year": 2008,
            "quarter": 4,
            "eps": -0.7,
            "eps_growth_year": -433.33,
            "eps_4q": -2.48,
            "eps_4q_growth_year": -684.89,
            "roe": -4.18,
            "roe_4q": -0.31999999999999984,
            "gross_profit": -185946,
            "gross_margin": -7.51,
            "gross_margin_4q_avg": 8.98,
            "net_income": -226315,
            "net_income_4q": null,
            "revenue": 2476310,
            "revenue_4q": null,
            "common_shares": 3357284,
            "book_valuer_per_share": 13.82,
            "book_valuer_per_share_4q_avg": 13.36,
            "equity": 5306843,
            "current_ratio": 253.86,
            "debt_ratio": 36.96,
            "inventory_turnover_ratio": 1.3,
            "account_receivable_turnover_ratio": 7.16,
            "reinvestment_rate": 29.24,
            "research_to_sale_ratio": null,
            "price_fair": 52.85,
            "eps_avg_yearly": 1.51,
            "eps_latest_yearly": 0.64,
            "eps_growth_yearly": 636.86
        },
        "20091": {
            "year_quarter": 20091,
            "year": 2009,
            "quarter": 1,
            "eps": -0.42,
            "eps_growth_year": -400,
            "eps_4q": -0.93,
            "eps_4q_growth_year": -217.82,
            "roe": -1.91,
            "roe_4q": -3.17,
            "gross_profit": 101245,
            "gross_margin": 6.38,
            "gross_margin_4q_avg": 7.91,
            "net_income": -100974,
            "net_income_4q": null,
            "revenue": 1587151,
            "revenue_4q": null,
            "common_shares": 3357283,
            "book_valuer_per_share": 13.74,
            "book_valuer_per_share_4q_avg": 13.48,
            "equity": 5288617,
            "current_ratio": 298.44,
            "debt_ratio": 32.77,
            "inventory_turnover_ratio": 0.78,
            "account_receivable_turnover_ratio": 2.15,
            "reinvestment_rate": 84.44,
            "research_to_sale_ratio": null,
            "price_fair": 53.96,
            "eps_avg_yearly": 1.54,
            "eps_latest_yearly": 0.64,
            "eps_growth_yearly": 379.6
        },
        "20092": {
            "year_quarter": 20092,
            "year": 2009,
            "quarter": 2,
            "eps": -0.39,
            "eps_growth_year": -1075,
            "eps_4q": -1.4,
            "eps_4q_growth_year": -696.24,
            "roe": -1.81,
            "roe_4q": -5.819999999999999,
            "gross_profit": 139832,
            "gross_margin": 9.28,
            "gross_margin_4q_avg": 5.99,
            "net_income": -92961,
            "net_income_4q": null,
            "revenue": 1507337,
            "revenue_4q": null,
            "common_shares": 3237284,
            "book_valuer_per_share": 13.32,
            "book_valuer_per_share_4q_avg": 13.51,
            "equity": 4999788,
            "current_ratio": 244.21,
            "debt_ratio": 36.08,
            "inventory_turnover_ratio": 0.7,
            "account_receivable_turnover_ratio": 1.6,
            "reinvestment_rate": 123.02,
            "research_to_sale_ratio": null,
            "price_fair": 51.8,
            "eps_avg_yearly": 1.48,
            "eps_latest_yearly": 0.64,
            "eps_growth_yearly": 383.08
        },
        "20093": {
            "year_quarter": 20093,
            "year": 2009,
            "quarter": 3,
            "eps": 0.13,
            "eps_growth_year": -18.75,
            "eps_4q": -0.52,
            "eps_4q_growth_year": -290.35,
            "roe": 2.33,
            "roe_4q": -5.569999999999999,
            "gross_profit": 435631,
            "gross_margin": 12.61,
            "gross_margin_4q_avg": 5.19,
            "net_income": 115680,
            "net_income_4q": null,
            "revenue": 3453351,
            "revenue_4q": null,
            "common_shares": 3334402,
            "book_valuer_per_share": 12.61,
            "book_valuer_per_share_4q_avg": 13.37,
            "equity": 4950682,
            "current_ratio": 183.55,
            "debt_ratio": 47.48,
            "inventory_turnover_ratio": 1.35,
            "account_receivable_turnover_ratio": 2.27,
            "reinvestment_rate": 161.68,
            "research_to_sale_ratio": null,
            "price_fair": 42.62,
            "eps_avg_yearly": 1.22,
            "eps_latest_yearly": 0.64,
            "eps_growth_yearly": 391.07
        },
        "20094": {
            "year_quarter": 20094,
            "year": 2009,
            "quarter": 4,
            "eps": -0.08,
            "eps_growth_year": null,
            "eps_4q": -0.77,
            "eps_4q_growth_year": null,
            "roe": 0.19,
            "roe_4q": -1.2,
            "gross_profit": 556850,
            "gross_margin": 16.56,
            "gross_margin_4q_avg": 11.21,
            "net_income": 9508,
            "net_income_4q": null,
            "revenue": 3363044,
            "revenue_4q": null,
            "common_shares": 3221432,
            "book_valuer_per_share": 13.1,
            "book_valuer_per_share_4q_avg": 13.19,
            "equity": 5039599,
            "current_ratio": 170.2,
            "debt_ratio": 48.46,
            "inventory_turnover_ratio": 1.2,
            "account_receivable_turnover_ratio": 2.94,
            "reinvestment_rate": 790.98,
            "research_to_sale_ratio": null,
            "price_fair": 26.08,
            "eps_avg_yearly": 0.75,
            "eps_latest_yearly": 0.64,
            "eps_growth_yearly": 424.85
        },
        "20101": {
            "year_quarter": 20101,
            "year": 2010,
            "quarter": 1,
            "eps": -0.07,
            "eps_growth_year": null,
            "eps_4q": -0.42,
            "eps_4q_growth_year": null,
            "roe": 0.68,
            "roe_4q": 1.3900000000000001,
            "gross_profit": 414861,
            "gross_margin": 15.68,
            "gross_margin_4q_avg": 13.53,
            "net_income": 34140,
            "net_income_4q": null,
            "revenue": 2646212,
            "revenue_4q": null,
            "common_shares": 3221432,
            "book_valuer_per_share": 12.98,
            "book_valuer_per_share_4q_avg": 13,
            "equity": 5061374,
            "current_ratio": 177.9,
            "debt_ratio": 45.55,
            "inventory_turnover_ratio": 1,
            "account_receivable_turnover_ratio": 1.23,
            "reinvestment_rate": null,
            "research_to_sale_ratio": 2.27,
            "price_fair": 26.2,
            "eps_avg_yearly": 0.75,
            "eps_latest_yearly": 0.64,
            "eps_growth_yearly": 534.46
        },
        "20102": {
            "year_quarter": 20102,
            "year": 2010,
            "quarter": 2,
            "eps": 0.05,
            "eps_growth_year": null,
            "eps_4q": 0.04,
            "eps_4q_growth_year": null,
            "roe": 1.29,
            "roe_4q": 4.49,
            "gross_profit": 473216,
            "gross_margin": 13.86,
            "gross_margin_4q_avg": 14.68,
            "net_income": 65942,
            "net_income_4q": null,
            "revenue": 3414830,
            "revenue_4q": null,
            "common_shares": 3221432,
            "book_valuer_per_share": 13.2,
            "book_valuer_per_share_4q_avg": 12.97,
            "equity": 5137053,
            "current_ratio": 158.7,
            "debt_ratio": 50.34,
            "inventory_turnover_ratio": 1.18,
            "account_receivable_turnover_ratio": 1.5,
            "reinvestment_rate": null,
            "research_to_sale_ratio": 2.18,
            "price_fair": 29.4,
            "eps_avg_yearly": 0.84,
            "eps_latest_yearly": 0.64,
            "eps_growth_yearly": 671.69
        },
        "20103": {
            "year_quarter": 20103,
            "year": 2010,
            "quarter": 3,
            "eps": 0.14,
            "eps_growth_year": 11.22,
            "eps_4q": 0.04,
            "eps_4q_growth_year": null,
            "roe": 2.56,
            "roe_4q": 4.720000000000001,
            "gross_profit": 723974,
            "gross_margin": 15.36,
            "gross_margin_4q_avg": 15.37,
            "net_income": 132299,
            "net_income_4q": null,
            "revenue": 4713191,
            "revenue_4q": null,
            "common_shares": 3221432,
            "book_valuer_per_share": 13.15,
            "book_valuer_per_share_4q_avg": 13.11,
            "equity": 5210209,
            "current_ratio": 151.37,
            "debt_ratio": 53.74,
            "inventory_turnover_ratio": 1.55,
            "account_receivable_turnover_ratio": 1.59,
            "reinvestment_rate": null,
            "research_to_sale_ratio": 1.2,
            "price_fair": 23.57,
            "eps_avg_yearly": 0.67,
            "eps_latest_yearly": 0.56,
            "eps_growth_yearly": 338.35
        },
        "20104": {
            "year_quarter": 20104,
            "year": 2010,
            "quarter": 4,
            "eps": 0.06,
            "eps_growth_year": null,
            "eps_4q": 0.18,
            "eps_4q_growth_year": null,
            "roe": 0.24,
            "roe_4q": 4.77,
            "gross_profit": 346625,
            "gross_margin": 13.36,
            "gross_margin_4q_avg": 14.57,
            "net_income": 12359,
            "net_income_4q": null,
            "revenue": 2595114,
            "revenue_4q": null,
            "common_shares": 3221432,
            "book_valuer_per_share": 12.43,
            "book_valuer_per_share_4q_avg": 12.94,
            "equity": 4902532,
            "current_ratio": 161.03,
            "debt_ratio": 48.57,
            "inventory_turnover_ratio": 1.06,
            "account_receivable_turnover_ratio": 0.96,
            "reinvestment_rate": null,
            "research_to_sale_ratio": 2.82,
            "price_fair": 21.4,
            "eps_avg_yearly": 0.61,
            "eps_latest_yearly": 0.24,
            "eps_growth_yearly": 257.36
        },
        "20111": {
            "year_quarter": 20111,
            "year": 2011,
            "quarter": 1,
            "eps": -0.19,
            "eps_growth_year": null,
            "eps_4q": 0.07,
            "eps_4q_growth_year": null,
            "roe": -1.15,
            "roe_4q": 2.9400000000000004,
            "gross_profit": 250630,
            "gross_margin": 14.46,
            "gross_margin_4q_avg": 14.26,
            "net_income": -56333,
            "net_income_4q": null,
            "revenue": 1733427,
            "revenue_4q": null,
            "common_shares": 3221432,
            "book_valuer_per_share": 12.39,
            "book_valuer_per_share_4q_avg": 12.79,
            "equity": 4908200,
            "current_ratio": 172.99,
            "debt_ratio": 43.95,
            "inventory_turnover_ratio": 0.77,
            "account_receivable_turnover_ratio": 1.1,
            "reinvestment_rate": null,
            "research_to_sale_ratio": 2.24,
            "price_fair": 21.4,
            "eps_avg_yearly": 0.61,
            "eps_latest_yearly": 0.24,
            "eps_growth_yearly": 257.36
        },
        "20112": {
            "year_quarter": 20112,
            "year": 2011,
            "quarter": 2,
            "eps": -0.16,
            "eps_growth_year": -395.05,
            "eps_4q": -0.15,
            "eps_4q_growth_year": -490.56,
            "roe": -0.64,
            "roe_4q": 1.01,
            "gross_profit": 267262,
            "gross_margin": 12.66,
            "gross_margin_4q_avg": 13.96,
            "net_income": -30741,
            "net_income_4q": null,
            "revenue": 2111274,
            "revenue_4q": null,
            "common_shares": 3221432,
            "book_valuer_per_share": 11.99,
            "book_valuer_per_share_4q_avg": 12.49,
            "equity": 4645136,
            "current_ratio": 158.74,
            "debt_ratio": 48.09,
            "inventory_turnover_ratio": 0.91,
            "account_receivable_turnover_ratio": 1.72,
            "reinvestment_rate": null,
            "research_to_sale_ratio": 2.8,
            "price_fair": 21.4,
            "eps_avg_yearly": 0.61,
            "eps_latest_yearly": 0.24,
            "eps_growth_yearly": 257.36
        },
        "20113": {
            "year_quarter": 20113,
            "year": 2011,
            "quarter": 3,
            "eps": 0.06,
            "eps_growth_year": -61.49,
            "eps_4q": -0.25,
            "eps_4q_growth_year": -661.68,
            "roe": 1.5,
            "roe_4q": -0.04999999999999993,
            "gross_profit": 537267,
            "gross_margin": 17.66,
            "gross_margin_4q_avg": 14.54,
            "net_income": 70616,
            "net_income_4q": null,
            "revenue": 3041741,
            "revenue_4q": null,
            "common_shares": 3316575,
            "book_valuer_per_share": 12.42,
            "book_valuer_per_share_4q_avg": 12.31,
            "equity": 4744092,
            "current_ratio": 145.34,
            "debt_ratio": 54.51,
            "inventory_turnover_ratio": 1.28,
            "account_receivable_turnover_ratio": 1.68,
            "reinvestment_rate": null,
            "research_to_sale_ratio": 1.99,
            "price_fair": 17.5,
            "eps_avg_yearly": 0.5,
            "eps_latest_yearly": 0.24,
            "eps_growth_yearly": 189.15
        },
        "20114": {
            "year_quarter": 20114,
            "year": 2011,
            "quarter": 4,
            "eps": -0.51,
            "eps_growth_year": -980.22,
            "eps_4q": -0.84,
            "eps_4q_growth_year": -558.57,
            "roe": -2.71,
            "roe_4q": -3,
            "gross_profit": 329558,
            "gross_margin": 14.23,
            "gross_margin_4q_avg": 14.75,
            "net_income": -123108,
            "net_income_4q": null,
            "revenue": 2316051,
            "revenue_4q": null,
            "common_shares": 3071575,
            "book_valuer_per_share": 12.12,
            "book_valuer_per_share_4q_avg": 12.23,
            "equity": 4338795,
            "current_ratio": 150.3,
            "debt_ratio": 51.82,
            "inventory_turnover_ratio": 1.18,
            "account_receivable_turnover_ratio": 1.2,
            "reinvestment_rate": null,
            "research_to_sale_ratio": 3.99,
            "price_fair": 15.12,
            "eps_avg_yearly": 0.43,
            "eps_latest_yearly": 0.24,
            "eps_growth_yearly": 254.48
        },
        "20121": {
            "year_quarter": 20121,
            "year": 2012,
            "quarter": 1,
            "eps": -0.26,
            "eps_growth_year": null,
            "eps_4q": -0.89,
            "eps_4q_growth_year": -1455.49,
            "roe": -1.78,
            "roe_4q": -3.6300000000000003,
            "gross_profit": 206315,
            "gross_margin": 15.03,
            "gross_margin_4q_avg": 14.9,
            "net_income": -75921,
            "net_income_4q": null,
            "revenue": 1372620,
            "revenue_4q": null,
            "common_shares": 2871575,
            "book_valuer_per_share": 11.64,
            "book_valuer_per_share_4q_avg": 12.04,
            "equity": 4194762,
            "current_ratio": 159.88,
            "debt_ratio": 45.07,
            "inventory_turnover_ratio": 0.84,
            "account_receivable_turnover_ratio": 1.17,
            "reinvestment_rate": null,
            "research_to_sale_ratio": 4.08,
            "price_fair": 14,
            "eps_avg_yearly": 0.4,
            "eps_latest_yearly": 0.24,
            "eps_growth_yearly": 351.43
        },
        "20122": {
            "year_quarter": 20122,
            "year": 2012,
            "quarter": 2,
            "eps": 0.32,
            "eps_growth_year": null,
            "eps_4q": -0.39,
            "eps_4q_growth_year": null,
            "roe": 2.13,
            "roe_4q": -0.8600000000000003,
            "gross_profit": 192280,
            "gross_margin": 10.41,
            "gross_margin_4q_avg": 14.33,
            "net_income": 89766,
            "net_income_4q": null,
            "revenue": 1846682,
            "revenue_4q": null,
            "common_shares": 2871575,
            "book_valuer_per_share": 11.98,
            "book_valuer_per_share_4q_avg": 12.04,
            "equity": 4248578,
            "current_ratio": 166.23,
            "debt_ratio": 46.11,
            "inventory_turnover_ratio": 1.26,
            "account_receivable_turnover_ratio": 1.85,
            "reinvestment_rate": null,
            "research_to_sale_ratio": 2.27,
            "price_fair": 16.8,
            "eps_avg_yearly": 0.48,
            "eps_latest_yearly": 0.24,
            "eps_growth_yearly": 563.81
        },
        "20123": {
            "year_quarter": 20123,
            "year": 2012,
            "quarter": 3,
            "eps": -0.15,
            "eps_growth_year": -361.22,
            "eps_4q": -0.6,
            "eps_4q_growth_year": null,
            "roe": -0.78,
            "roe_4q": -3.14,
            "gross_profit": 310317,
            "gross_margin": 15.68,
            "gross_margin_4q_avg": 13.84,
            "net_income": -32989,
            "net_income_4q": null,
            "revenue": 1979351,
            "revenue_4q": null,
            "common_shares": 2871575,
            "book_valuer_per_share": 11.67,
            "book_valuer_per_share_4q_avg": 11.85,
            "equity": 4164423,
            "current_ratio": 157.32,
            "debt_ratio": 49.2,
            "inventory_turnover_ratio": 1.29,
            "account_receivable_turnover_ratio": 1.52,
            "reinvestment_rate": null,
            "research_to_sale_ratio": 2.58,
            "price_fair": 14,
            "eps_avg_yearly": 0.4,
            "eps_latest_yearly": 0.24,
            "eps_growth_yearly": 245.71
        },
        "20124": {
            "year_quarter": 20124,
            "year": 2012,
            "quarter": 4,
            "eps": -0.77,
            "eps_growth_year": null,
            "eps_4q": -0.85,
            "eps_4q_growth_year": null,
            "roe": -4.88,
            "roe_4q": -5.3100000000000005,
            "gross_profit": 263938,
            "gross_margin": 13.5,
            "gross_margin_4q_avg": 13.66,
            "net_income": -197163,
            "net_income_4q": null,
            "revenue": 1954638,
            "revenue_4q": null,
            "common_shares": 2821575,
            "book_valuer_per_share": 10.96,
            "book_valuer_per_share_4q_avg": 11.56,
            "equity": 3923435,
            "current_ratio": 157.21,
            "debt_ratio": 48.32,
            "inventory_turnover_ratio": 1.49,
            "account_receivable_turnover_ratio": 1.18,
            "reinvestment_rate": null,
            "research_to_sale_ratio": 3.23,
            "price_fair": 14,
            "eps_avg_yearly": 0.4,
            "eps_latest_yearly": 0.24,
            "eps_growth_yearly": 245.71
        },
        "20131": {
            "year_quarter": 20131,
            "year": 2013,
            "quarter": 1,
            "eps": -0.28,
            "eps_growth_year": null,
            "eps_4q": -0.87,
            "eps_4q_growth_year": null,
            "roe": -2.41,
            "roe_4q": -5.94,
            "gross_profit": 148390,
            "gross_margin": 13.13,
            "gross_margin_4q_avg": 13.18,
            "net_income": -95353,
            "net_income_4q": null,
            "revenue": 1130137,
            "revenue_4q": null,
            "common_shares": 2821575,
            "book_valuer_per_share": 11.27,
            "book_valuer_per_share_4q_avg": 11.47,
            "equity": 3997803,
            "current_ratio": 169.8,
            "debt_ratio": 44.28,
            "inventory_turnover_ratio": 1.07,
            "account_receivable_turnover_ratio": 0.71,
            "reinvestment_rate": null,
            "research_to_sale_ratio": 3.22,
            "price_fair": 14,
            "eps_avg_yearly": 0.4,
            "eps_latest_yearly": 0.24,
            "eps_growth_yearly": 245.71
        },
        "20132": {
            "year_quarter": 20132,
            "year": 2013,
            "quarter": 2,
            "eps": -0.45,
            "eps_growth_year": -241.16,
            "eps_4q": -1.65,
            "eps_4q_growth_year": null,
            "roe": -3.8,
            "roe_4q": -11.87,
            "gross_profit": 124297,
            "gross_margin": 10.36,
            "gross_margin_4q_avg": 13.17,
            "net_income": -149525,
            "net_income_4q": null,
            "revenue": 1199360,
            "revenue_4q": null,
            "common_shares": 2821575,
            "book_valuer_per_share": 10.93,
            "book_valuer_per_share_4q_avg": 11.21,
            "equity": 3881602,
            "current_ratio": 165.08,
            "debt_ratio": 44.94,
            "inventory_turnover_ratio": 1.04,
            "account_receivable_turnover_ratio": 1.18,
            "reinvestment_rate": null,
            "research_to_sale_ratio": 3.08,
            "price_fair": 14,
            "eps_avg_yearly": 0.4,
            "eps_latest_yearly": 0.24,
            "eps_growth_yearly": 245.71
        },
        "20133": {
            "year_quarter": 20133,
            "year": 2013,
            "quarter": 3,
            "eps": -0.53,
            "eps_growth_year": null,
            "eps_4q": -2.04,
            "eps_4q_growth_year": null,
            "roe": -4.55,
            "roe_4q": -15.64,
            "gross_profit": 126781,
            "gross_margin": 8.82,
            "gross_margin_4q_avg": 11.45,
            "net_income": -171767,
            "net_income_4q": null,
            "revenue": 1437002,
            "revenue_4q": null,
            "common_shares": 2821575,
            "book_valuer_per_share": 10.32,
            "book_valuer_per_share_4q_avg": 10.87,
            "equity": 3674176,
            "current_ratio": 159.69,
            "debt_ratio": 44.89,
            "inventory_turnover_ratio": 1.19,
            "account_receivable_turnover_ratio": 1.64,
            "reinvestment_rate": null,
            "research_to_sale_ratio": 4.46,
            "price_fair": 14,
            "eps_avg_yearly": 0.4,
            "eps_latest_yearly": 0.24,
            "eps_growth_yearly": 245.71
        },
        "20134": {
            "year_quarter": 20134,
            "year": 2013,
            "quarter": 4,
            "eps": -0.72,
            "eps_growth_year": null,
            "eps_4q": -1.99,
            "eps_4q_growth_year": null,
            "roe": -5.54,
            "roe_4q": -16.3,
            "gross_profit": 117543,
            "gross_margin": 9.41,
            "gross_margin_4q_avg": 10.43,
            "net_income": -199243,
            "net_income_4q": null,
            "revenue": 1249491,
            "revenue_4q": null,
            "common_shares": 2821575,
            "book_valuer_per_share": 9.74,
            "book_valuer_per_share_4q_avg": 10.57,
            "equity": 3524933,
            "current_ratio": 142.62,
            "debt_ratio": 49.02,
            "inventory_turnover_ratio": 1.13,
            "account_receivable_turnover_ratio": 1.27,
            "reinvestment_rate": null,
            "research_to_sale_ratio": 1.87,
            "price_fair": 14,
            "eps_avg_yearly": 0.4,
            "eps_latest_yearly": 0.24,
            "eps_growth_yearly": 245.71
        },
        "20141": {
            "year_quarter": 20141,
            "year": 2014,
            "quarter": 1,
            "eps": -0.29,
            "eps_growth_year": null,
            "eps_4q": -1.99,
            "eps_4q_growth_year": null,
            "roe": -2.8,
            "roe_4q": -16.69,
            "gross_profit": 130087,
            "gross_margin": 12.14,
            "gross_margin_4q_avg": 10.18,
            "net_income": -97283,
            "net_income_4q": null,
            "revenue": 1071780,
            "revenue_4q": null,
            "common_shares": 2821575,
            "book_valuer_per_share": 9.48,
            "book_valuer_per_share_4q_avg": 10.12,
            "equity": 3431568,
            "current_ratio": 140.12,
            "debt_ratio": 45.86,
            "inventory_turnover_ratio": 0.92,
            "account_receivable_turnover_ratio": 1.3,
            "reinvestment_rate": null,
            "research_to_sale_ratio": 3.4,
            "price_fair": 14,
            "eps_avg_yearly": 0.4,
            "eps_latest_yearly": 0.24,
            "eps_growth_yearly": 245.71
        },
        "20142": {
            "year_quarter": 20142,
            "year": 2014,
            "quarter": 2,
            "eps": -0.13,
            "eps_growth_year": null,
            "eps_4q": -1.67,
            "eps_4q_growth_year": null,
            "roe": -1.13,
            "roe_4q": -14.02,
            "gross_profit": 188354,
            "gross_margin": 14.5,
            "gross_margin_4q_avg": 11.22,
            "net_income": -37872,
            "net_income_4q": null,
            "revenue": 1299437,
            "revenue_4q": null,
            "common_shares": 2821575,
            "book_valuer_per_share": 9.41,
            "book_valuer_per_share_4q_avg": 9.74,
            "equity": 3260310,
            "current_ratio": 135.79,
            "debt_ratio": 46.88,
            "inventory_turnover_ratio": 1.05,
            "account_receivable_turnover_ratio": 1.73,
            "reinvestment_rate": null,
            "research_to_sale_ratio": 2.35,
            "price_fair": 14,
            "eps_avg_yearly": 0.4,
            "eps_latest_yearly": 0.24,
            "eps_growth_yearly": 245.71
        },
        "20143": {
            "year_quarter": 20143,
            "year": 2014,
            "quarter": 3,
            "eps": -0.05,
            "eps_growth_year": null,
            "eps_4q": -1.18,
            "eps_4q_growth_year": null,
            "roe": -0.38,
            "roe_4q": -9.85,
            "gross_profit": 203542,
            "gross_margin": 13.69,
            "gross_margin_4q_avg": 12.44,
            "net_income": -12386,
            "net_income_4q": null,
            "revenue": 1487065,
            "revenue_4q": null,
            "common_shares": 2821575,
            "book_valuer_per_share": 9.51,
            "book_valuer_per_share_4q_avg": 9.54,
            "equity": 3294316,
            "current_ratio": 139.33,
            "debt_ratio": 45.92,
            "inventory_turnover_ratio": 1.28,
            "account_receivable_turnover_ratio": 1.64,
            "reinvestment_rate": null,
            "research_to_sale_ratio": 2.07,
            "price_fair": 0.72,
            "eps_avg_yearly": 0.24,
            "eps_latest_yearly": 0.24,
            "eps_growth_yearly": -228.57
        },
        "20144": {
            "year_quarter": 20144,
            "year": 2014,
            "quarter": 4,
            "eps": -0.66,
            "eps_growth_year": null,
            "eps_4q": -1.12,
            "eps_4q_growth_year": null,
            "roe": -5.51,
            "roe_4q": -9.82,
            "gross_profit": 205150,
            "gross_margin": 11.28,
            "gross_margin_4q_avg": 12.9,
            "net_income": -178671,
            "net_income_4q": null,
            "revenue": 1818994,
            "revenue_4q": null,
            "common_shares": 2821575,
            "book_valuer_per_share": 9.02,
            "book_valuer_per_share_4q_avg": 9.36,
            "equity": 3194616,
            "current_ratio": 129.74,
            "debt_ratio": 48.79,
            "inventory_turnover_ratio": 1.7,
            "account_receivable_turnover_ratio": 1.62,
            "reinvestment_rate": null,
            "research_to_sale_ratio": 2.44,
            "price_fair": 0,
            "eps_avg_yearly": 0,
            "eps_latest_yearly": 0,
            "eps_growth_yearly": 0
        },
        "20151": {
            "year_quarter": 20151,
            "year": 2015,
            "quarter": 1,
            "eps": -0.18,
            "eps_growth_year": null,
            "eps_4q": -1.02,
            "eps_4q_growth_year": null,
            "roe": -2.03,
            "roe_4q": -9.049999999999999,
            "gross_profit": 171905,
            "gross_margin": 14.86,
            "gross_margin_4q_avg": 13.58,
            "net_income": -63790,
            "net_income_4q": null,
            "revenue": 1156504,
            "revenue_4q": null,
            "common_shares": 2821575,
            "book_valuer_per_share": 8.76,
            "book_valuer_per_share_4q_avg": 9.18,
            "equity": 3096831,
            "current_ratio": 106.35,
            "debt_ratio": 48.62,
            "inventory_turnover_ratio": 1.03,
            "account_receivable_turnover_ratio": 1.14,
            "reinvestment_rate": null,
            "research_to_sale_ratio": 3.3,
            "price_fair": 0,
            "eps_avg_yearly": 0,
            "eps_latest_yearly": 0,
            "eps_growth_yearly": 0
        },
        "20152": {
            "year_quarter": 20152,
            "year": 2015,
            "quarter": 2,
            "eps": -0.14,
            "eps_growth_year": null,
            "eps_4q": -1.03,
            "eps_4q_growth_year": null,
            "roe": -1.81,
            "roe_4q": -9.73,
            "gross_profit": 200742,
            "gross_margin": 12.71,
            "gross_margin_4q_avg": 13.14,
            "net_income": -55134,
            "net_income_4q": null,
            "revenue": 1578895,
            "revenue_4q": null,
            "common_shares": 2821575,
            "book_valuer_per_share": 8.53,
            "book_valuer_per_share_4q_avg": 8.96,
            "equity": 2999252,
            "current_ratio": 111.78,
            "debt_ratio": 49.82,
            "inventory_turnover_ratio": 1.37,
            "account_receivable_turnover_ratio": 1.88,
            "reinvestment_rate": null,
            "research_to_sale_ratio": 2.31,
            "price_fair": 0,
            "eps_avg_yearly": 0,
            "eps_latest_yearly": 0,
            "eps_growth_yearly": 0
        },
        "20153": {
            "year_quarter": 20153,
            "year": 2015,
            "quarter": 3,
            "eps": -0.34,
            "eps_growth_year": null,
            "eps_4q": -1.33,
            "eps_4q_growth_year": null,
            "roe": -4.48,
            "roe_4q": -13.83,
            "gross_profit": 148083,
            "gross_margin": 11.57,
            "gross_margin_4q_avg": 12.61,
            "net_income": -120938,
            "net_income_4q": null,
            "revenue": 1279786,
            "revenue_4q": null,
            "common_shares": 2821575,
            "book_valuer_per_share": 8.64,
            "book_valuer_per_share_4q_avg": 8.74,
            "equity": 2396311,
            "current_ratio": 98.28,
            "debt_ratio": 55.38,
            "inventory_turnover_ratio": 1.21,
            "account_receivable_turnover_ratio": 1.47,
            "reinvestment_rate": null,
            "research_to_sale_ratio": 3.32,
            "price_fair": 0,
            "eps_avg_yearly": 0,
            "eps_latest_yearly": 0,
            "eps_growth_yearly": 0
        },
        "20154": {
            "year_quarter": 20154,
            "year": 2015,
            "quarter": 4,
            "eps": -0.53,
            "eps_growth_year": null,
            "eps_4q": -1.2,
            "eps_4q_growth_year": null,
            "roe": -6.56,
            "roe_4q": -14.879999999999999,
            "gross_profit": 136520,
            "gross_margin": 13.22,
            "gross_margin_4q_avg": 13.09,
            "net_income": -150709,
            "net_income_4q": null,
            "revenue": 1032835,
            "revenue_4q": null,
            "common_shares": 2821575,
            "book_valuer_per_share": 7.93,
            "book_valuer_per_share_4q_avg": 8.47,
            "equity": 2194976,
            "current_ratio": 99.54,
            "debt_ratio": 57.46,
            "inventory_turnover_ratio": 1.11,
            "account_receivable_turnover_ratio": 1.41,
            "reinvestment_rate": null,
            "research_to_sale_ratio": 3.09,
            "price_fair": 0,
            "eps_avg_yearly": 0,
            "eps_latest_yearly": 0,
            "eps_growth_yearly": 0
        },
        "20161": {
            "year_quarter": 20161,
            "year": 2016,
            "quarter": 1,
            "eps": -0.18,
            "eps_growth_year": null,
            "eps_4q": -1.19,
            "eps_4q_growth_year": null,
            "roe": -2.26,
            "roe_4q": -15.110000000000001,
            "gross_profit": 163482,
            "gross_margin": 16.33,
            "gross_margin_4q_avg": 13.46,
            "net_income": -49136,
            "net_income_4q": null,
            "revenue": 1001187,
            "revenue_4q": null,
            "common_shares": 2771575,
            "book_valuer_per_share": 7.78,
            "book_valuer_per_share_4q_avg": 8.22,
            "equity": 2153204,
            "current_ratio": 97.5,
            "debt_ratio": 55.31,
            "inventory_turnover_ratio": 1.1,
            "account_receivable_turnover_ratio": 1.5,
            "reinvestment_rate": null,
            "research_to_sale_ratio": 2.47,
            "price_fair": 0,
            "eps_avg_yearly": 0,
            "eps_latest_yearly": 0,
            "eps_growth_yearly": 0
        },
        "20162": {
            "year_quarter": 20162,
            "year": 2016,
            "quarter": 2,
            "eps": -0.23,
            "eps_growth_year": null,
            "eps_4q": -1.28,
            "eps_4q_growth_year": null,
            "roe": -3.08,
            "roe_4q": -16.38,
            "gross_profit": 133799,
            "gross_margin": 13.63,
            "gross_margin_4q_avg": 13.69,
            "net_income": -64564,
            "net_income_4q": null,
            "revenue": 981812,
            "revenue_4q": null,
            "common_shares": 2771575,
            "book_valuer_per_share": 7.38,
            "book_valuer_per_share_4q_avg": 7.93,
            "equity": 2045491,
            "current_ratio": 93.78,
            "debt_ratio": 55.85,
            "inventory_turnover_ratio": 1.14,
            "account_receivable_turnover_ratio": 1.48,
            "reinvestment_rate": null,
            "research_to_sale_ratio": 3.09,
            "price_fair": 0,
            "eps_avg_yearly": 0,
            "eps_latest_yearly": 0,
            "eps_growth_yearly": 0
        },
        "20163": {
            "year_quarter": 20163,
            "year": 2016,
            "quarter": 3,
            "eps": 0.17,
            "eps_growth_year": null,
            "eps_4q": -0.77,
            "eps_4q_growth_year": null,
            "roe": 2.26,
            "roe_4q": -9.64,
            "gross_profit": 123281,
            "gross_margin": 16.65,
            "gross_margin_4q_avg": 14.96,
            "net_income": 46070,
            "net_income_4q": null,
            "revenue": 740290,
            "revenue_4q": null,
            "common_shares": 2771575,
            "book_valuer_per_share": 7.35,
            "book_valuer_per_share_4q_avg": 7.61,
            "equity": 2039245,
            "current_ratio": 110.86,
            "debt_ratio": 58.08,
            "inventory_turnover_ratio": 0.9,
            "account_receivable_turnover_ratio": 1.17,
            "reinvestment_rate": null,
            "research_to_sale_ratio": 2.22,
            "price_fair": 0,
            "eps_avg_yearly": 0,
            "eps_latest_yearly": 0,
            "eps_growth_yearly": 0
        },
        "20164": {
            "year_quarter": 20164,
            "year": 2016,
            "quarter": 4,
            "eps": 3.01,
            "eps_growth_year": null,
            "eps_4q": 2.77,
            "eps_4q_growth_year": null,
            "roe": 34.3,
            "roe_4q": 31.22,
            "gross_profit": 66956,
            "gross_margin": 9.42,
            "gross_margin_4q_avg": 14.01,
            "net_income": 833755,
            "net_income_4q": null,
            "revenue": 710963,
            "revenue_4q": null,
            "common_shares": 2771575,
            "book_valuer_per_share": 10.18,
            "book_valuer_per_share_4q_avg": 8.17,
            "equity": 2822657,
            "current_ratio": 128.24,
            "debt_ratio": 43.37,
            "inventory_turnover_ratio": 1.06,
            "account_receivable_turnover_ratio": 1.26,
            "reinvestment_rate": null,
            "research_to_sale_ratio": 2.29,
            "price_fair": 421.4,
            "eps_avg_yearly": 12.04,
            "eps_latest_yearly": 12.04,
            "eps_growth_yearly": 6682.35
        },
        "20171": {
            "year_quarter": 20171,
            "year": 2017,
            "quarter": 1,
            "eps": 0.02,
            "eps_growth_year": null,
            "eps_4q": 2.97,
            "eps_4q_growth_year": null,
            "roe": 0.24,
            "roe_4q": 33.72,
            "gross_profit": 127994,
            "gross_margin": 18.03,
            "gross_margin_4q_avg": 14.43,
            "net_income": 6749,
            "net_income_4q": null,
            "revenue": 709783,
            "revenue_4q": null,
            "common_shares": 2771575,
            "book_valuer_per_share": 9.84,
            "book_valuer_per_share_4q_avg": 8.69,
            "equity": 2728980,
            "current_ratio": 129.29,
            "debt_ratio": 42.78,
            "inventory_turnover_ratio": 1.07,
            "account_receivable_turnover_ratio": 1.41,
            "reinvestment_rate": null,
            "research_to_sale_ratio": 0.86,
            "price_fair": 212.1,
            "eps_avg_yearly": 6.06,
            "eps_latest_yearly": 0.08,
            "eps_growth_yearly": 3142.51
        },
        "20172": {
            "year_quarter": 20172,
            "year": 2017,
            "quarter": 2,
            "eps": -0.03,
            "eps_growth_year": null,
            "eps_4q": 3.17,
            "eps_4q_growth_year": null,
            "roe": -0.33,
            "roe_4q": 36.46999999999999,
            "gross_profit": 140098,
            "gross_margin": 19.06,
            "gross_margin_4q_avg": 15.79,
            "net_income": -9154,
            "net_income_4q": null,
            "revenue": 735072,
            "revenue_4q": null,
            "common_shares": 2771575,
            "book_valuer_per_share": 9.94,
            "book_valuer_per_share_4q_avg": 9.33,
            "equity": 2756113,
            "current_ratio": 131.14,
            "debt_ratio": 39.82,
            "inventory_turnover_ratio": 1.1,
            "account_receivable_turnover_ratio": 1.78,
            "reinvestment_rate": null,
            "research_to_sale_ratio": 1,
            "price_fair": 212.1,
            "eps_avg_yearly": 6.06,
            "eps_latest_yearly": 0.08,
            "eps_growth_yearly": 3142.51
        },
        "20173": {
            "year_quarter": 20173,
            "year": 2017,
            "quarter": 3,
            "eps": -0.07,
            "eps_growth_year": -141.18,
            "eps_4q": 2.93,
            "eps_4q_growth_year": null,
            "roe": -0.74,
            "roe_4q": 33.47,
            "gross_profit": 124208,
            "gross_margin": 18.53,
            "gross_margin_4q_avg": 16.26,
            "net_income": -20456,
            "net_income_4q": null,
            "revenue": 670253,
            "revenue_4q": null,
            "common_shares": 2771575,
            "book_valuer_per_share": 9.93,
            "book_valuer_per_share_4q_avg": 9.97,
            "equity": 2751327,
            "current_ratio": 107.55,
            "debt_ratio": 38.96,
            "inventory_turnover_ratio": 1.16,
            "account_receivable_turnover_ratio": 1.99,
            "reinvestment_rate": null,
            "research_to_sale_ratio": 0.47,
            "price_fair": 212.1,
            "eps_avg_yearly": 6.06,
            "eps_latest_yearly": 0.08,
            "eps_growth_yearly": 3142.51
        },
        "20174": {
            "year_quarter": 20174,
            "year": 2017,
            "quarter": 4,
            "eps": 0.2,
            "eps_growth_year": -93.27,
            "eps_4q": 0.12,
            "eps_4q_growth_year": -95.49,
            "roe": 2.1,
            "roe_4q": 1.27,
            "gross_profit": 81942,
            "gross_margin": 16.95,
            "gross_margin_4q_avg": 18.14,
            "net_income": 55762,
            "net_income_4q": null,
            "revenue": 483403,
            "revenue_4q": null,
            "common_shares": 2771575,
            "book_valuer_per_share": 9.21,
            "book_valuer_per_share_4q_avg": 9.73,
            "equity": 2551724,
            "current_ratio": 100.32,
            "debt_ratio": 36.6,
            "inventory_turnover_ratio": 1.3,
            "account_receivable_turnover_ratio": 1.75,
            "reinvestment_rate": -142.5,
            "research_to_sale_ratio": 0.67,
            "price_fair": 212.1,
            "eps_avg_yearly": 6.06,
            "eps_latest_yearly": 0.08,
            "eps_growth_yearly": 3142.51
        },
        "20181": {
            "year_quarter": 20181,
            "year": 2018,
            "quarter": 1,
            "eps": 0.01,
            "eps_growth_year": -50,
            "eps_4q": 0.11,
            "eps_4q_growth_year": -96.19,
            "roe": 0.14,
            "roe_4q": 1.1700000000000002,
            "gross_profit": 92492,
            "gross_margin": 25.02,
            "gross_margin_4q_avg": 19.89,
            "net_income": 3531,
            "net_income_4q": null,
            "revenue": 369634,
            "revenue_4q": null,
            "common_shares": 2771575,
            "book_valuer_per_share": 9.4,
            "book_valuer_per_share_4q_avg": 9.62,
            "equity": 2604092,
            "current_ratio": 130.39,
            "debt_ratio": 36.9,
            "inventory_turnover_ratio": 1.09,
            "account_receivable_turnover_ratio": 1.43,
            "reinvestment_rate": -90.77,
            "research_to_sale_ratio": 0.64,
            "price_fair": 141.87,
            "eps_avg_yearly": 4.05,
            "eps_latest_yearly": 0.04,
            "eps_growth_yearly": 1968.34
        },
        "20182": {
            "year_quarter": 20182,
            "year": 2018,
            "quarter": 2,
            "eps": 0.11,
            "eps_growth_year": null,
            "eps_4q": 0.25,
            "eps_4q_growth_year": -92.04,
            "roe": 1.14,
            "roe_4q": 2.6399999999999997,
            "gross_profit": 108842,
            "gross_margin": 23.2,
            "gross_margin_4q_avg": 20.93,
            "net_income": 29603,
            "net_income_4q": null,
            "revenue": 469218,
            "revenue_4q": null,
            "common_shares": 2771575,
            "book_valuer_per_share": 9.41,
            "book_valuer_per_share_4q_avg": 9.49,
            "equity": 2608275,
            "current_ratio": 129.82,
            "debt_ratio": 37.69,
            "inventory_turnover_ratio": 1.11,
            "account_receivable_turnover_ratio": 1.59,
            "reinvestment_rate": -63.9,
            "research_to_sale_ratio": 0.9,
            "price_fair": 110.25,
            "eps_avg_yearly": 3.15,
            "eps_latest_yearly": 0.44,
            "eps_growth_yearly": 2476.25
        },
        "20183": {
            "year_quarter": 20183,
            "year": 2018,
            "quarter": 3,
            "eps": 0.01,
            "eps_growth_year": null,
            "eps_4q": 0.33,
            "eps_4q_growth_year": -88.67,
            "roe": 0.19,
            "roe_4q": 3.57,
            "gross_profit": 86168,
            "gross_margin": 21.73,
            "gross_margin_4q_avg": 21.73,
            "net_income": 4812,
            "net_income_4q": null,
            "revenue": 396451,
            "revenue_4q": null,
            "common_shares": 2771575,
            "book_valuer_per_share": 9.18,
            "book_valuer_per_share_4q_avg": 9.3,
            "equity": 2552295,
            "current_ratio": 135.18,
            "debt_ratio": 37.29,
            "inventory_turnover_ratio": 0.91,
            "account_receivable_turnover_ratio": 1.42,
            "reinvestment_rate": -97.36,
            "research_to_sale_ratio": 0.57,
            "price_fair": 88.48,
            "eps_avg_yearly": 2.53,
            "eps_latest_yearly": 0.04,
            "eps_growth_yearly": 1908.27
        },
        "20184": {
            "year_quarter": 20184,
            "year": 2018,
            "quarter": 4,
            "eps": 0.41,
            "eps_growth_year": 100.12,
            "eps_4q": 0.53,
            "eps_4q_growth_year": 328.8,
            "roe": 4.3,
            "roe_4q": 5.77,
            "gross_profit": 82741,
            "gross_margin": 24.37,
            "gross_margin_4q_avg": 23.58,
            "net_income": 112377,
            "net_income_4q": null,
            "revenue": 339460,
            "revenue_4q": null,
            "common_shares": 2771575,
            "book_valuer_per_share": 9.62,
            "book_valuer_per_share_4q_avg": 9.4,
            "equity": 2671916,
            "current_ratio": 151.21,
            "debt_ratio": 32.85,
            "inventory_turnover_ratio": 0.76,
            "account_receivable_turnover_ratio": 1.42,
            "reinvestment_rate": -50.81,
            "research_to_sale_ratio": 0.71,
            "price_fair": 83.3,
            "eps_avg_yearly": 2.38,
            "eps_latest_yearly": 1.64,
            "eps_growth_yearly": 4256.9
        },
        "20191": {
            "year_quarter": 20191,
            "year": 2019,
            "quarter": 1,
            "eps": 0.05,
            "eps_growth_year": 400,
            "eps_4q": 0.57,
            "eps_4q_growth_year": 404.01,
            "roe": 0.4,
            "roe_4q": 6.03,
            "gross_profit": 82493,
            "gross_margin": 23.41,
            "gross_margin_4q_avg": 23.18,
            "net_income": 10780,
            "net_income_4q": null,
            "revenue": 352377,
            "revenue_4q": null,
            "common_shares": 2771575,
            "book_valuer_per_share": 9.92,
            "book_valuer_per_share_4q_avg": 9.53,
            "equity": 2753914,
            "current_ratio": 159.87,
            "debt_ratio": 30.06,
            "inventory_turnover_ratio": 0.79,
            "account_receivable_turnover_ratio": 1.39,
            "reinvestment_rate": -39.56,
            "research_to_sale_ratio": 0.56,
            "price_fair": 72.4,
            "eps_avg_yearly": 2.07,
            "eps_latest_yearly": 0.2,
            "eps_growth_yearly": 3598.59
        },
        "20192": {
            "year_quarter": 20192,
            "year": 2019,
            "quarter": 2,
            "eps": 0.09,
            "eps_growth_year": -18.18,
            "eps_4q": 0.55,
            "eps_4q_growth_year": 119.1,
            "roe": 1.09,
            "roe_4q": 5.98,
            "gross_profit": 95610,
            "gross_margin": 28.39,
            "gross_margin_4q_avg": 24.48,
            "net_income": 29667,
            "net_income_4q": null,
            "revenue": 336749,
            "revenue_4q": null,
            "common_shares": 2771575,
            "book_valuer_per_share": 9.59,
            "book_valuer_per_share_4q_avg": 9.58,
            "equity": 2665214,
            "current_ratio": 132.76,
            "debt_ratio": 32.82,
            "inventory_turnover_ratio": 0.72,
            "account_receivable_turnover_ratio": 1.44,
            "reinvestment_rate": -32.74,
            "research_to_sale_ratio": 1.03,
            "price_fair": 64.93,
            "eps_avg_yearly": 1.86,
            "eps_latest_yearly": 0.36,
            "eps_growth_yearly": 3188.77
        },
        "20193": {
            "year_quarter": 20193,
            "year": 2019,
            "quarter": 3,
            "eps": 0.11,
            "eps_growth_year": 1000,
            "eps_4q": 0.65,
            "eps_4q_growth_year": 96.45,
            "roe": 1.01,
            "roe_4q": 6.8,
            "gross_profit": 81763,
            "gross_margin": 22.17,
            "gross_margin_4q_avg": 24.59,
            "net_income": 26765,
            "net_income_4q": null,
            "revenue": 368875,
            "revenue_4q": null,
            "common_shares": 2771575,
            "book_valuer_per_share": 9.53,
            "book_valuer_per_share_4q_avg": 9.67,
            "equity": 2647295,
            "current_ratio": 149.63,
            "debt_ratio": 30.75,
            "inventory_turnover_ratio": 0.92,
            "account_receivable_turnover_ratio": 1.87,
            "reinvestment_rate": -29.65,
            "research_to_sale_ratio": 1.2,
            "price_fair": 59.42,
            "eps_avg_yearly": 1.7,
            "eps_latest_yearly": 0.44,
            "eps_growth_yearly": 2844.34
        },
        "20194": {
            "year_quarter": 20194,
            "year": 2019,
            "quarter": 4,
            "eps": -0.05,
            "eps_growth_year": -112.28,
            "eps_4q": 0.2,
            "eps_4q_growth_year": -63.09,
            "roe": -0.7,
            "roe_4q": 1.8000000000000003,
            "gross_profit": 64659,
            "gross_margin": 22.13,
            "gross_margin_4q_avg": 24.03,
            "net_income": -18642,
            "net_income_4q": null,
            "revenue": 292218,
            "revenue_4q": null,
            "common_shares": 2771575,
            "book_valuer_per_share": 9.54,
            "book_valuer_per_share_4q_avg": 9.65,
            "equity": 2643236,
            "current_ratio": 150.23,
            "debt_ratio": 29.85,
            "inventory_turnover_ratio": 0.74,
            "account_receivable_turnover_ratio": 1.73,
            "reinvestment_rate": -25.93,
            "research_to_sale_ratio": 6.67,
            "price_fair": 59.42,
            "eps_avg_yearly": 1.7,
            "eps_latest_yearly": 0.44,
            "eps_growth_yearly": 2844.34
        },
        "20201": {
            "year_quarter": 20201,
            "year": 2020,
            "quarter": 1,
            "eps": 0.03,
            "eps_growth_year": -40,
            "eps_4q": 0.18,
            "eps_4q_growth_year": -68.22,
            "roe": 0.31,
            "roe_4q": 1.7100000000000002,
            "gross_profit": 74215,
            "gross_margin": 27.28,
            "gross_margin_4q_avg": 24.99,
            "net_income": 8081,
            "net_income_4q": null,
            "revenue": 272030,
            "revenue_4q": null,
            "common_shares": 2771575,
            "book_valuer_per_share": 9.41,
            "book_valuer_per_share_4q_avg": 9.52,
            "equity": 2606196,
            "current_ratio": 151.69,
            "debt_ratio": 29.32,
            "inventory_turnover_ratio": 0.64,
            "account_receivable_turnover_ratio": 1.85,
            "reinvestment_rate": -24,
            "research_to_sale_ratio": 2.57,
            "price_fair": 59.42,
            "eps_avg_yearly": 1.7,
            "eps_latest_yearly": 0.44,
            "eps_growth_yearly": 2844.34
        },
        "20202": {
            "year_quarter": 20202,
            "year": 2020,
            "quarter": 2,
            "eps": 0.09,
            "eps_growth_year": 0,
            "eps_4q": 0.18,
            "eps_4q_growth_year": -67.98,
            "roe": 0.9,
            "roe_4q": 1.52,
            "gross_profit": 82832,
            "gross_margin": 22.69,
            "gross_margin_4q_avg": 23.57,
            "net_income": 23238,
            "net_income_4q": null,
            "revenue": 365025,
            "revenue_4q": null,
            "common_shares": 2771575,
            "book_valuer_per_share": 9.32,
            "book_valuer_per_share_4q_avg": 9.45,
            "equity": 2581752,
            "current_ratio": 142.46,
            "debt_ratio": 31.57,
            "inventory_turnover_ratio": 0.92,
            "account_receivable_turnover_ratio": 2.04,
            "reinvestment_rate": -25.78,
            "research_to_sale_ratio": 1.99,
            "price_fair": 54.74,
            "eps_avg_yearly": 1.56,
            "eps_latest_yearly": 0.36,
            "eps_growth_yearly": 2639.9
        },
        "20203": {
            "year_quarter": 20203,
            "year": 2020,
            "quarter": 3,
            "eps": 0.17,
            "eps_growth_year": 54.55,
            "eps_4q": 0.23,
            "eps_4q_growth_year": -64.26,
            "roe": 1.76,
            "roe_4q": 2.2700000000000005,
            "gross_profit": 106755,
            "gross_margin": 28.03,
            "gross_margin_4q_avg": 25.03,
            "net_income": 45742,
            "net_income_4q": null,
            "revenue": 380847,
            "revenue_4q": null,
            "common_shares": 2771575,
            "book_valuer_per_share": 9.46,
            "book_valuer_per_share_4q_avg": 9.43,
            "equity": 2619224,
            "current_ratio": 152.21,
            "debt_ratio": 29.94,
            "inventory_turnover_ratio": 0.91,
            "account_receivable_turnover_ratio": 2.04,
            "reinvestment_rate": -0.14,
            "research_to_sale_ratio": 0.99,
            "price_fair": 51.93,
            "eps_avg_yearly": 1.48,
            "eps_latest_yearly": 0.68,
            "eps_growth_yearly": 2432.24
        },
        "20204": {
            "year_quarter": 20204,
            "year": 2020,
            "quarter": 4,
            "eps": -0.12,
            "eps_growth_year": null,
            "eps_4q": 0.17,
            "eps_4q_growth_year": -15.78,
            "roe": -1.28,
            "roe_4q": 1.69,
            "gross_profit": 36534,
            "gross_margin": 13.89,
            "gross_margin_4q_avg": 22.97,
            "net_income": -33563,
            "net_income_4q": null,
            "revenue": 262975,
            "revenue_4q": null,
            "common_shares": 2771575,
            "book_valuer_per_share": 9.45,
            "book_valuer_per_share_4q_avg": 9.41,
            "equity": 2614224,
            "current_ratio": 157.33,
            "debt_ratio": 29.53,
            "inventory_turnover_ratio": 0.77,
            "account_receivable_turnover_ratio": 1.85,
            "reinvestment_rate": -187.74,
            "research_to_sale_ratio": 5.16,
            "price_fair": 14.98,
            "eps_avg_yearly": 0.43,
            "eps_latest_yearly": 0.68,
            "eps_growth_yearly": 2007.22
        },
        "20211": {
            "year_quarter": 20211,
            "year": 2021,
            "quarter": 1,
            "eps": 0.06,
            "eps_growth_year": 100,
            "eps_4q": 0.2,
            "eps_4q_growth_year": 10.54,
            "roe": 0.66,
            "roe_4q": 2.04,
            "gross_profit": 85590,
            "gross_margin": 21.62,
            "gross_margin_4q_avg": 21.56,
            "net_income": 17445,
            "net_income_4q": null,
            "revenue": 395933,
            "revenue_4q": null,
            "common_shares": 2771575,
            "book_valuer_per_share": 9.54,
            "book_valuer_per_share_4q_avg": 9.44,
            "equity": 2639784,
            "current_ratio": 161.48,
            "debt_ratio": 28.08,
            "inventory_turnover_ratio": 1.06,
            "account_receivable_turnover_ratio": 2.75,
            "reinvestment_rate": -158.06,
            "research_to_sale_ratio": 0.62,
            "price_fair": 16.33,
            "eps_avg_yearly": 0.47,
            "eps_latest_yearly": 0.68,
            "eps_growth_yearly": 2274.4
        },
        "20212": {
            "year_quarter": 20212,
            "year": 2021,
            "quarter": 2,
            "eps": 0.61,
            "eps_growth_year": 577.78,
            "eps_4q": 0.73,
            "eps_4q_growth_year": 310.39,
            "roe": 6.28,
            "roe_4q": 7.42,
            "gross_profit": 80434,
            "gross_margin": 23.17,
            "gross_margin_4q_avg": 21.68,
            "net_income": 169440,
            "net_income_4q": null,
            "revenue": 347163,
            "revenue_4q": null,
            "common_shares": 2771575,
            "book_valuer_per_share": 9.95,
            "book_valuer_per_share_4q_avg": 9.6,
            "equity": 2754010,
            "current_ratio": 180.37,
            "debt_ratio": 33.92,
            "inventory_turnover_ratio": 0.59,
            "account_receivable_turnover_ratio": 2.17,
            "reinvestment_rate": -100.61,
            "research_to_sale_ratio": 4.29,
            "price_fair": 23.24,
            "eps_avg_yearly": 0.66,
            "eps_latest_yearly": 2.44,
            "eps_growth_yearly": 2413.63
        },
        "20213": {
            "year_quarter": 20213,
            "year": 2021,
            "quarter": 3,
            "eps": 0.08,
            "eps_growth_year": -52.94,
            "eps_4q": 0.64,
            "eps_4q_growth_year": 172.86,
            "roe": 0.77,
            "roe_4q": 6.430000000000001,
            "gross_profit": 94642,
            "gross_margin": 22.19,
            "gross_margin_4q_avg": 20.22,
            "net_income": 21246,
            "net_income_4q": null,
            "revenue": 426431,
            "revenue_4q": null,
            "common_shares": 2771575,
            "book_valuer_per_share": 9.93,
            "book_valuer_per_share_4q_avg": 9.72,
            "equity": 2747045,
            "current_ratio": 187.7,
            "debt_ratio": 33.84,
            "inventory_turnover_ratio": 0.51,
            "account_receivable_turnover_ratio": 2.74,
            "reinvestment_rate": -76.86,
            "research_to_sale_ratio": 1.94,
            "price_fair": 22.15,
            "eps_avg_yearly": 0.63,
            "eps_latest_yearly": 0.32,
            "eps_growth_yearly": 2162.61
        },
        "20214": {
            "year_quarter": 20214,
            "year": 2021,
            "quarter": 4,
            "eps": -0,
            "eps_growth_year": null,
            "eps_4q": 0.75,
            "eps_4q_growth_year": 352.4,
            "roe": 0.05,
            "roe_4q": 7.760000000000001,
            "gross_profit": 83806,
            "gross_margin": 22.87,
            "gross_margin_4q_avg": 22.46,
            "net_income": 1470,
            "net_income_4q": null,
            "revenue": 366465,
            "revenue_4q": null,
            "common_shares": 2771575,
            "book_valuer_per_share": 10.23,
            "book_valuer_per_share_4q_avg": 9.91,
            "equity": 2835432,
            "current_ratio": 224.11,
            "debt_ratio": 34.98,
            "inventory_turnover_ratio": 0.4,
            "account_receivable_turnover_ratio": 2.46,
            "reinvestment_rate": -58.78,
            "research_to_sale_ratio": 2.41,
            "price_fair": 22.15,
            "eps_avg_yearly": 0.63,
            "eps_latest_yearly": 0.32,
            "eps_growth_yearly": 2162.61
        },
        "20221": {
            "year_quarter": 20221,
            "year": 2022,
            "quarter": 1,
            "eps": 0.07,
            "eps_growth_year": 16.67,
            "eps_4q": 0.76,
            "eps_4q_growth_year": 277.74,
            "roe": 0.65,
            "roe_4q": 7.75,
            "gross_profit": 85938,
            "gross_margin": 22.51,
            "gross_margin_4q_avg": 22.69,
            "net_income": 18774,
            "net_income_4q": null,
            "revenue": 381716,
            "revenue_4q": null,
            "common_shares": 2771575,
            "book_valuer_per_share": 10.47,
            "book_valuer_per_share_4q_avg": 10.15,
            "equity": 2901978,
            "current_ratio": 221.78,
            "debt_ratio": 35.89,
            "inventory_turnover_ratio": 0.39,
            "account_receivable_turnover_ratio": 2.26,
            "reinvestment_rate": -43.11,
            "research_to_sale_ratio": 1.37,
            "price_fair": 24.22,
            "eps_avg_yearly": 0.69,
            "eps_latest_yearly": 0.32,
            "eps_growth_yearly": 2416.87
        },
        "20222": {
            "year_quarter": 20222,
            "year": 2022,
            "quarter": 2,
            "eps": 0.11,
            "eps_growth_year": -81.97,
            "eps_4q": 0.26,
            "eps_4q_growth_year": -64.54,
            "roe": 1.1,
            "roe_4q": 2.5700000000000003,
            "gross_profit": 112145,
            "gross_margin": 27.75,
            "gross_margin_4q_avg": 23.83,
            "net_income": 31437,
            "net_income_4q": null,
            "revenue": 404139,
            "revenue_4q": null,
            "common_shares": 2771575,
            "book_valuer_per_share": 10.08,
            "book_valuer_per_share_4q_avg": 10.18,
            "equity": 2794274,
            "current_ratio": 211.8,
            "debt_ratio": 38.54,
            "inventory_turnover_ratio": 0.34,
            "account_receivable_turnover_ratio": 2.24,
            "reinvestment_rate": -41.75,
            "research_to_sale_ratio": 1.69,
            "price_fair": 24.22,
            "eps_avg_yearly": 0.69,
            "eps_latest_yearly": 0.44,
            "eps_growth_yearly": 2039.73
        },
        "20223": {
            "year_quarter": 20223,
            "year": 2022,
            "quarter": 3,
            "eps": 0.1,
            "eps_growth_year": 25,
            "eps_4q": 0.28,
            "eps_4q_growth_year": -56.5,
            "roe": 0.95,
            "roe_4q": 2.7499999999999996,
            "gross_profit": 107440,
            "gross_margin": 25.24,
            "gross_margin_4q_avg": 24.59,
            "net_income": 26759,
            "net_income_4q": null,
            "revenue": 425613,
            "revenue_4q": null,
            "common_shares": 2771575,
            "book_valuer_per_share": 10.19,
            "book_valuer_per_share_4q_avg": 10.24,
            "equity": 2824767,
            "current_ratio": 247.21,
            "debt_ratio": 37.38,
            "inventory_turnover_ratio": 0.33,
            "account_receivable_turnover_ratio": 2.99,
            "reinvestment_rate": -14.78,
            "research_to_sale_ratio": 1.7,
            "price_fair": 25.48,
            "eps_avg_yearly": 0.73,
            "eps_latest_yearly": 0.4,
            "eps_growth_yearly": 2072.46
        },
        "20224": {
            "year_quarter": 20224,
            "year": 2022,
            "quarter": 4,
            "eps": 0.05,
            "eps_growth_year": null,
            "eps_4q": 0.33,
            "eps_4q_growth_year": -55.99,
            "roe": 0.52,
            "roe_4q": 3.22,
            "gross_profit": 85241,
            "gross_margin": 31,
            "gross_margin_4q_avg": 26.63,
            "net_income": 14804,
            "net_income_4q": null,
            "revenue": 274933,
            "revenue_4q": null,
            "common_shares": 2771575,
            "book_valuer_per_share": 10.21,
            "book_valuer_per_share_4q_avg": 10.24,
            "equity": 2830241,
            "current_ratio": 156.53,
            "debt_ratio": 38.79,
            "inventory_turnover_ratio": 0.18,
            "account_receivable_turnover_ratio": 2.68,
            "reinvestment_rate": -23.04,
            "research_to_sale_ratio": 2.75,
            "price_fair": 20.44,
            "eps_avg_yearly": 0.58,
            "eps_latest_yearly": 0.2,
            "eps_growth_yearly": 452.46
        },
        "20231": {
            "year_quarter": 20231,
            "year": 2023,
            "quarter": 1,
            "eps": 0.09,
            "eps_growth_year": 28.57,
            "eps_4q": 0.36,
            "eps_4q_growth_year": -52.77,
            "roe": 0.91,
            "roe_4q": 3.48,
            "gross_profit": 111247,
            "gross_margin": 26.5,
            "gross_margin_4q_avg": 27.62,
            "net_income": 25920,
            "net_income_4q": null,
            "revenue": 419772,
            "revenue_4q": null,
            "common_shares": 2771575,
            "book_valuer_per_share": 10.35,
            "book_valuer_per_share_4q_avg": 10.21,
            "equity": 2868900,
            "current_ratio": 152.69,
            "debt_ratio": 40.91,
            "inventory_turnover_ratio": 0.26,
            "account_receivable_turnover_ratio": 3.64,
            "reinvestment_rate": -30.05,
            "research_to_sale_ratio": 1.63,
            "price_fair": 21,
            "eps_avg_yearly": 0.6,
            "eps_latest_yearly": 0.36,
            "eps_growth_yearly": 519.58
        },
        "20232": {
            "year_quarter": 20232,
            "year": 2023,
            "quarter": 2,
            "eps": 0.08,
            "eps_growth_year": -27.27,
            "eps_4q": 0.33,
            "eps_4q_growth_year": 26.32,
            "roe": 0.8,
            "roe_4q": 3.1799999999999997,
            "gross_profit": 109378,
            "gross_margin": 26.86,
            "gross_margin_4q_avg": 27.4,
            "net_income": 22651,
            "net_income_4q": null,
            "revenue": 407194,
            "revenue_4q": null,
            "common_shares": 2771575,
            "book_valuer_per_share": 10.05,
            "book_valuer_per_share_4q_avg": 10.2,
            "equity": 2784578,
            "current_ratio": 134.72,
            "debt_ratio": 43.23,
            "inventory_turnover_ratio": 0.25,
            "account_receivable_turnover_ratio": 2.62,
            "reinvestment_rate": -38.24,
            "research_to_sale_ratio": 1.94,
            "price_fair": 20.86,
            "eps_avg_yearly": 0.6,
            "eps_latest_yearly": 0.32,
            "eps_growth_yearly": 483.13
        },
        "20233": {
            "year_quarter": 20233,
            "year": 2023,
            "quarter": 3,
            "eps": 0.16,
            "eps_growth_year": 60,
            "eps_4q": 0.39,
            "eps_4q_growth_year": 39.21,
            "roe": 1.54,
            "roe_4q": 3.77,
            "gross_profit": 105342,
            "gross_margin": 29.96,
            "gross_margin_4q_avg": 28.58,
            "net_income": 43452,
            "net_income_4q": null,
            "revenue": 351594,
            "revenue_4q": null,
            "common_shares": 2771575,
            "book_valuer_per_share": 10.3,
            "book_valuer_per_share_4q_avg": 10.23,
            "equity": 2855619,
            "current_ratio": 141.04,
            "debt_ratio": 43.53,
            "inventory_turnover_ratio": 0.19,
            "account_receivable_turnover_ratio": 2.24,
            "reinvestment_rate": -24.84,
            "research_to_sale_ratio": 2.13,
            "price_fair": 21.56,
            "eps_avg_yearly": 0.62,
            "eps_latest_yearly": 0.64,
            "eps_growth_yearly": 514.24
        },
        "20234": {
            "year_quarter": 20234,
            "year": 2023,
            "quarter": 4,
            "eps": 0.06,
            "eps_growth_year": 14.63,
            "eps_4q": 0.39,
            "eps_4q_growth_year": 18.76,
            "roe": 0.6,
            "roe_4q": 3.8500000000000005,
            "gross_profit": 96976,
            "gross_margin": 27.86,
            "gross_margin_4q_avg": 27.8,
            "net_income": 16970,
            "net_income_4q": null,
            "revenue": 348118,
            "revenue_4q": null,
            "common_shares": 2771575,
            "book_valuer_per_share": 10.14,
            "book_valuer_per_share_4q_avg": 10.21,
            "equity": 2811696,
            "current_ratio": 144,
            "debt_ratio": 45.46,
            "inventory_turnover_ratio": 0.18,
            "account_receivable_turnover_ratio": 2.12,
            "reinvestment_rate": -29.74,
            "research_to_sale_ratio": 2.22,
            "price_fair": 20.36,
            "eps_avg_yearly": 0.58,
            "eps_latest_yearly": 0.24,
            "eps_growth_yearly": 444.77
        }
    },
    "months": {
        "2002-08": {
            "month": "2002-08",
            "price": "43.62",
            "revenue": 552585
        },
        "2002-09": {
            "month": "2002-09",
            "price": "45.20",
            "revenue": 553065
        },
        "2002-10": {
            "month": "2002-10",
            "price": "44.94",
            "revenue": 451266
        },
        "2002-11": {
            "month": "2002-11",
            "price": "46.12",
            "revenue": 361738
        },
        "2002-12": {
            "month": "2002-12",
            "price": "44.45",
            "revenue": 200585
        },
        "2003-01": {
            "month": "2003-01",
            "price": "44.06",
            "revenue": 373855
        },
        "2003-02": {
            "month": "2003-02",
            "price": "42.01",
            "revenue": 209595
        },
        "2003-03": {
            "month": "2003-03",
            "price": "34.98",
            "revenue": 299234
        },
        "2003-04": {
            "month": "2003-04",
            "price": "28.75",
            "revenue": 350557
        },
        "2003-05": {
            "month": "2003-05",
            "price": "26.53",
            "revenue": 405300
        },
        "2003-06": {
            "month": "2003-06",
            "price": "34.65",
            "revenue": 470326
        },
        "2003-07": {
            "month": "2003-07",
            "price": "39.72",
            "revenue": 585267
        },
        "2003-08": {
            "month": "2003-08",
            "price": "34.55",
            "revenue": 600337
        },
        "2003-09": {
            "month": "2003-09",
            "price": "30.20",
            "revenue": 702377
        },
        "2003-10": {
            "month": "2003-10",
            "price": "31.47",
            "revenue": 945889
        },
        "2003-11": {
            "month": "2003-11",
            "price": "35.50",
            "revenue": 1039529
        },
        "2003-12": {
            "month": "2003-12",
            "price": "37.28",
            "revenue": 676857
        },
        "2004-01": {
            "month": "2004-01",
            "price": "38.21",
            "revenue": 306168
        },
        "2004-02": {
            "month": "2004-02",
            "price": "37.56",
            "revenue": 159752
        },
        "2004-03": {
            "month": "2004-03",
            "price": "36.02",
            "revenue": 480931
        },
        "2004-04": {
            "month": "2004-04",
            "price": "35.28",
            "revenue": 574176
        },
        "2004-05": {
            "month": "2004-05",
            "price": "30.18",
            "revenue": 474291
        },
        "2004-06": {
            "month": "2004-06",
            "price": "28.27",
            "revenue": 628168
        },
        "2004-07": {
            "month": "2004-07",
            "price": "25.07",
            "revenue": 560067
        },
        "2004-08": {
            "month": "2004-08",
            "price": "22.42",
            "revenue": 688580
        },
        "2004-09": {
            "month": "2004-09",
            "price": "23.82",
            "revenue": 938490
        },
        "2004-10": {
            "month": "2004-10",
            "price": "23.02",
            "revenue": 594451
        },
        "2004-11": {
            "month": "2004-11",
            "price": "21.41",
            "revenue": 466695
        },
        "2004-12": {
            "month": "2004-12",
            "price": "22.15",
            "revenue": 265210
        },
        "2005-01": {
            "month": "2005-01",
            "price": "21.69",
            "revenue": 362717
        },
        "2005-02": {
            "month": "2005-02",
            "price": "25.81",
            "revenue": 547150
        },
        "2005-03": {
            "month": "2005-03",
            "price": "30.20",
            "revenue": 759124
        },
        "2005-04": {
            "month": "2005-04",
            "price": "29.24",
            "revenue": 703300
        },
        "2005-05": {
            "month": "2005-05",
            "price": "23.95",
            "revenue": 760854
        },
        "2005-06": {
            "month": "2005-06",
            "price": "25.75",
            "revenue": 802745
        },
        "2005-07": {
            "month": "2005-07",
            "price": "27.22",
            "revenue": 673553
        },
        "2005-08": {
            "month": "2005-08",
            "price": "24.58",
            "revenue": 1408070
        },
        "2005-09": {
            "month": "2005-09",
            "price": "22.98",
            "revenue": 1899780
        },
        "2005-10": {
            "month": "2005-10",
            "price": "23.28",
            "revenue": 2136090
        },
        "2005-11": {
            "month": "2005-11",
            "price": "23.24",
            "revenue": 1708730
        },
        "2005-12": {
            "month": "2005-12",
            "price": "26.61",
            "revenue": 1129970
        },
        "2006-01": {
            "month": "2006-01",
            "price": "26.72",
            "revenue": 612530
        },
        "2006-02": {
            "month": "2006-02",
            "price": "25.55",
            "revenue": 522760
        },
        "2006-03": {
            "month": "2006-03",
            "price": "24.20",
            "revenue": 945250
        },
        "2006-04": {
            "month": "2006-04",
            "price": "24.23",
            "revenue": 1187210
        },
        "2006-05": {
            "month": "2006-05",
            "price": "22.99",
            "revenue": 747680
        },
        "2006-06": {
            "month": "2006-06",
            "price": "19.78",
            "revenue": 303706
        },
        "2006-07": {
            "month": "2006-07",
            "price": "19.24",
            "revenue": 691480
        },
        "2006-08": {
            "month": "2006-08",
            "price": "17.66",
            "revenue": 1338760
        },
        "2006-09": {
            "month": "2006-09",
            "price": "15.83",
            "revenue": 1706200
        },
        "2006-10": {
            "month": "2006-10",
            "price": "16.82",
            "revenue": 1621700
        },
        "2006-11": {
            "month": "2006-11",
            "price": "16.56",
            "revenue": 1099890
        },
        "2006-12": {
            "month": "2006-12",
            "price": "18.81",
            "revenue": 625620
        },
        "2007-01": {
            "month": "2007-01",
            "price": "20.36",
            "revenue": 400610
        },
        "2007-02": {
            "month": "2007-02",
            "price": "18.60",
            "revenue": 430520
        },
        "2007-03": {
            "month": "2007-03",
            "price": "19.66",
            "revenue": 963150
        },
        "2007-04": {
            "month": "2007-04",
            "price": "19.11",
            "revenue": 931470
        },
        "2007-05": {
            "month": "2007-05",
            "price": "17.75",
            "revenue": 707330
        },
        "2007-06": {
            "month": "2007-06",
            "price": "18.96",
            "revenue": 774310
        },
        "2007-07": {
            "month": "2007-07",
            "price": "18.56",
            "revenue": 1095500
        },
        "2007-08": {
            "month": "2007-08",
            "price": "14.90",
            "revenue": 1313420
        },
        "2007-09": {
            "month": "2007-09",
            "price": "15.78",
            "revenue": 1874690
        },
        "2007-10": {
            "month": "2007-10",
            "price": "15.66",
            "revenue": 2013100
        },
        "2007-11": {
            "month": "2007-11",
            "price": "13.64",
            "revenue": 1336300
        },
        "2007-12": {
            "month": "2007-12",
            "price": "12.16",
            "revenue": 1519280
        },
        "2008-01": {
            "month": "2008-01",
            "price": "13.15",
            "revenue": 830610
        },
        "2008-02": {
            "month": "2008-02",
            "price": "13.14",
            "revenue": 522000
        },
        "2008-03": {
            "month": "2008-03",
            "price": "12.66",
            "revenue": 990640
        },
        "2008-04": {
            "month": "2008-04",
            "price": "12.53",
            "revenue": 1032110
        },
        "2008-05": {
            "month": "2008-05",
            "price": "12.90",
            "revenue": 848110
        },
        "2008-06": {
            "month": "2008-06",
            "price": "11.74",
            "revenue": 883560
        },
        "2008-07": {
            "month": "2008-07",
            "price": "9.63",
            "revenue": 1063560
        },
        "2008-08": {
            "month": "2008-08",
            "price": "9.60",
            "revenue": 1234700
        },
        "2008-09": {
            "month": "2008-09",
            "price": "8.01",
            "revenue": 1610380
        },
        "2008-10": {
            "month": "2008-10",
            "price": "6.31",
            "revenue": 915230
        },
        "2008-11": {
            "month": "2008-11",
            "price": "4.86",
            "revenue": 481490
        },
        "2008-12": {
            "month": "2008-12",
            "price": "5.70",
            "revenue": 269660
        },
        "2009-01": {
            "month": "2009-01",
            "price": "5.76",
            "revenue": 456990
        },
        "2009-02": {
            "month": "2009-02",
            "price": "5.17",
            "revenue": 235550
        },
        "2009-03": {
            "month": "2009-03",
            "price": "5.99",
            "revenue": 421300
        },
        "2009-04": {
            "month": "2009-04",
            "price": "6.81",
            "revenue": 591250
        },
        "2009-05": {
            "month": "2009-05",
            "price": "6.76",
            "revenue": 576720
        },
        "2009-06": {
            "month": "2009-06",
            "price": "7.54",
            "revenue": 612550
        },
        "2009-07": {
            "month": "2009-07",
            "price": "8.08",
            "revenue": 913630
        },
        "2009-08": {
            "month": "2009-08",
            "price": "8.17",
            "revenue": 936270
        },
        "2009-09": {
            "month": "2009-09",
            "price": "8.82",
            "revenue": 1612810
        },
        "2009-10": {
            "month": "2009-10",
            "price": "12.42",
            "revenue": 1483350
        },
        "2009-11": {
            "month": "2009-11",
            "price": "13.08",
            "revenue": 1308880
        },
        "2009-12": {
            "month": "2009-12",
            "price": "14.05",
            "revenue": 749340
        },
        "2010-01": {
            "month": "2010-01",
            "price": "13.32",
            "revenue": 44374
        },
        "2010-02": {
            "month": "2010-02",
            "price": "11.83",
            "revenue": 791980
        },
        "2010-03": {
            "month": "2010-03",
            "price": "12.55",
            "revenue": 83961
        },
        "2010-04": {
            "month": "2010-04",
            "price": "13.00",
            "revenue": 1132980
        },
        "2010-05": {
            "month": "2010-05",
            "price": "11.30",
            "revenue": 1100080
        },
        "2010-06": {
            "month": "2010-06",
            "price": "11.03",
            "revenue": 1168860
        },
        "2010-07": {
            "month": "2010-07",
            "price": "11.40",
            "revenue": 981060
        },
        "2010-08": {
            "month": "2010-08",
            "price": "11.34",
            "revenue": 1195860
        },
        "2010-09": {
            "month": "2010-09",
            "price": "10.84",
            "revenue": 2507420
        },
        "2010-10": {
            "month": "2010-10",
            "price": "11.73",
            "revenue": 1364430
        },
        "2010-11": {
            "month": "2010-11",
            "price": "10.70",
            "revenue": 783860
        },
        "2010-12": {
            "month": "2010-12",
            "price": "11.05",
            "revenue": 526790
        },
        "2011-01": {
            "month": "2011-01",
            "price": "10.76",
            "revenue": 647710
        },
        "2011-02": {
            "month": "2011-02",
            "price": "10.42",
            "revenue": 390950
        },
        "2011-03": {
            "month": "2011-03",
            "price": "9.97",
            "revenue": 709110
        },
        "2011-04": {
            "month": "2011-04",
            "price": "10.06",
            "revenue": 504080
        },
        "2011-05": {
            "month": "2011-05",
            "price": "10.04",
            "revenue": 902120
        },
        "2011-06": {
            "month": "2011-06",
            "price": "10.56",
            "revenue": 753220
        },
        "2011-07": {
            "month": "2011-07",
            "price": "11.73",
            "revenue": 683970
        },
        "2011-08": {
            "month": "2011-08",
            "price": "10.72",
            "revenue": 839460
        },
        "2011-09": {
            "month": "2011-09",
            "price": "9.76",
            "revenue": 1671720
        },
        "2011-10": {
            "month": "2011-10",
            "price": "9.11",
            "revenue": 1219500
        },
        "2011-11": {
            "month": "2011-11",
            "price": "7.40",
            "revenue": 797210
        },
        "2011-12": {
            "month": "2011-12",
            "price": "7.64",
            "revenue": 438530
        },
        "2012-01": {
            "month": "2012-01",
            "price": "7.98",
            "revenue": 515350
        },
        "2012-02": {
            "month": "2012-02",
            "price": "9.40",
            "revenue": 396330
        },
        "2012-03": {
            "month": "2012-03",
            "price": "9.60",
            "revenue": 475670
        },
        "2012-04": {
            "month": "2012-04",
            "price": "8.19",
            "revenue": 701480
        },
        "2012-05": {
            "month": "2012-05",
            "price": "8.17",
            "revenue": 620210
        },
        "2012-06": {
            "month": "2012-06",
            "price": "7.96",
            "revenue": 507770
        },
        "2012-07": {
            "month": "2012-07",
            "price": "7.48",
            "revenue": 546710
        },
        "2012-08": {
            "month": "2012-08",
            "price": "7.24",
            "revenue": 728730
        },
        "2012-09": {
            "month": "2012-09",
            "price": "7.75",
            "revenue": 702810
        },
        "2012-10": {
            "month": "2012-10",
            "price": "7.34",
            "revenue": 886670
        },
        "2012-11": {
            "month": "2012-11",
            "price": "7.07",
            "revenue": 657470
        },
        "2012-12": {
            "month": "2012-12",
            "price": "7.18",
            "revenue": 433060
        },
        "2013-01": {
            "month": "2013-01",
            "price": "7.27",
            "revenue": 488200
        },
        "2013-02": {
            "month": "2013-02",
            "price": "7.08",
            "revenue": 286220
        },
        "2013-03": {
            "month": "2013-03",
            "price": "7.04",
            "revenue": 338470
        },
        "2013-04": {
            "month": "2013-04",
            "price": "6.69",
            "revenue": 449190
        },
        "2013-05": {
            "month": "2013-05",
            "price": "6.86",
            "revenue": 347410
        },
        "2013-06": {
            "month": "2013-06",
            "price": "6.96",
            "revenue": 459470
        },
        "2013-07": {
            "month": "2013-07",
            "price": "6.53",
            "revenue": 490100
        },
        "2013-08": {
            "month": "2013-08",
            "price": "5.97",
            "revenue": 401610
        },
        "2013-09": {
            "month": "2013-09",
            "price": "5.87",
            "revenue": 574610
        },
        "2013-10": {
            "month": "2013-10",
            "price": "6.17",
            "revenue": 523450
        },
        "2013-11": {
            "month": "2013-11",
            "price": "5.92",
            "revenue": 468240
        },
        "2013-12": {
            "month": "2013-12",
            "price": "5.99",
            "revenue": 378870
        },
        "2014-01": {
            "month": "2014-01",
            "price": "6.66",
            "revenue": 464990
        },
        "2014-02": {
            "month": "2014-02",
            "price": "6.67",
            "revenue": 209060
        },
        "2014-03": {
            "month": "2014-03",
            "price": "6.90",
            "revenue": 397730
        },
        "2014-04": {
            "month": "2014-04",
            "price": "6.46",
            "revenue": 454660
        },
        "2014-05": {
            "month": "2014-05",
            "price": "6.06",
            "revenue": 386505
        },
        "2014-06": {
            "month": "2014-06",
            "price": "6.20",
            "revenue": 397005
        },
        "2014-07": {
            "month": "2014-07",
            "price": "6.51",
            "revenue": 586650
        },
        "2014-08": {
            "month": "2014-08",
            "price": "6.30",
            "revenue": 439400
        },
        "2014-09": {
            "month": "2014-09",
            "price": "6.49",
            "revenue": 551650
        },
        "2014-10": {
            "month": "2014-10",
            "price": "5.99",
            "revenue": 568350
        },
        "2014-11": {
            "month": "2014-11",
            "price": "5.49",
            "revenue": 594960
        },
        "2014-12": {
            "month": "2014-12",
            "price": "6.04",
            "revenue": 661520
        },
        "2015-01": {
            "month": "2015-01",
            "price": "6.98",
            "revenue": 412030
        },
        "2015-02": {
            "month": "2015-02",
            "price": "6.58",
            "revenue": 390620
        },
        "2015-03": {
            "month": "2015-03",
            "price": "6.53",
            "revenue": 345560
        },
        "2015-04": {
            "month": "2015-04",
            "price": "6.06",
            "revenue": 574840
        },
        "2015-05": {
            "month": "2015-05",
            "price": "5.86",
            "revenue": 526880
        },
        "2015-06": {
            "month": "2015-06",
            "price": "5.12",
            "revenue": 472860
        },
        "2015-07": {
            "month": "2015-07",
            "price": "4.80",
            "revenue": 484210
        },
        "2015-08": {
            "month": "2015-08",
            "price": "4.00",
            "revenue": 372680
        },
        "2015-09": {
            "month": "2015-09",
            "price": "3.96",
            "revenue": 402460
        },
        "2015-10": {
            "month": "2015-10",
            "price": "4.27",
            "revenue": 382230
        },
        "2015-11": {
            "month": "2015-11",
            "price": "4.27",
            "revenue": 307700
        },
        "2015-12": {
            "month": "2015-12",
            "price": "3.85",
            "revenue": 407280
        },
        "2016-01": {
            "month": "2016-01",
            "price": "3.75",
            "revenue": 369960
        },
        "2016-02": {
            "month": "2016-02",
            "price": "3.58",
            "revenue": 275060
        },
        "2016-03": {
            "month": "2016-03",
            "price": "3.75",
            "revenue": 360760
        },
        "2016-04": {
            "month": "2016-04",
            "price": "3.46",
            "revenue": 366970
        },
        "2016-05": {
            "month": "2016-05",
            "price": "3.17",
            "revenue": 309880
        },
        "2016-06": {
            "month": "2016-06",
            "price": "3.07",
            "revenue": 311810
        },
        "2016-07": {
            "month": "2016-07",
            "price": "3.35",
            "revenue": 266130
        },
        "2016-08": {
            "month": "2016-08",
            "price": "3.87",
            "revenue": 255470
        },
        "2016-09": {
            "month": "2016-09",
            "price": "5.51",
            "revenue": 230070
        },
        "2016-10": {
            "month": "2016-10",
            "price": "6.62",
            "revenue": 217410
        },
        "2016-11": {
            "month": "2016-11",
            "price": "7.39",
            "revenue": 245990
        },
        "2016-12": {
            "month": "2016-12",
            "price": "7.15",
            "revenue": 296210
        },
        "2017-01": {
            "month": "2017-01",
            "price": "7.19",
            "revenue": 276820
        },
        "2017-02": {
            "month": "2017-02",
            "price": "7.86",
            "revenue": 186850
        },
        "2017-03": {
            "month": "2017-03",
            "price": "9.86",
            "revenue": 254270
        },
        "2017-04": {
            "month": "2017-04",
            "price": "10.25",
            "revenue": 239200
        },
        "2017-05": {
            "month": "2017-05",
            "price": "10.02",
            "revenue": 231000
        },
        "2017-06": {
            "month": "2017-06",
            "price": "8.59",
            "revenue": 268160
        },
        "2017-07": {
            "month": "2017-07",
            "price": "7.79",
            "revenue": 253520
        },
        "2017-08": {
            "month": "2017-08",
            "price": "7.30",
            "revenue": 241030
        },
        "2017-09": {
            "month": "2017-09",
            "price": "7.22",
            "revenue": 182750
        },
        "2017-10": {
            "month": "2017-10",
            "price": "7.03",
            "revenue": 157990
        },
        "2017-11": {
            "month": "2017-11",
            "price": "6.59",
            "revenue": 165990
        },
        "2017-12": {
            "month": "2017-12",
            "price": "6.40",
            "revenue": 189040
        },
        "2018-01": {
            "month": "2018-01",
            "price": "6.62",
            "revenue": 147470
        },
        "2018-02": {
            "month": "2018-02",
            "price": "6.47",
            "revenue": 116230
        },
        "2018-03": {
            "month": "2018-03",
            "price": "6.72",
            "revenue": 118350
        },
        "2018-04": {
            "month": "2018-04",
            "price": "6.65",
            "revenue": 131100
        },
        "2018-05": {
            "month": "2018-05",
            "price": "6.74",
            "revenue": 151680
        },
        "2018-06": {
            "month": "2018-06",
            "price": "7.20",
            "revenue": 226480
        },
        "2018-07": {
            "month": "2018-07",
            "price": "7.17",
            "revenue": 116880
        },
        "2018-08": {
            "month": "2018-08",
            "price": "7.35",
            "revenue": 104410
        },
        "2018-09": {
            "month": "2018-09",
            "price": "7.32",
            "revenue": 110442
        },
        "2018-10": {
            "month": "2018-10",
            "price": "6.57",
            "revenue": 117261
        },
        "2018-11": {
            "month": "2018-11",
            "price": "6.12",
            "revenue": 159187
        },
        "2018-12": {
            "month": "2018-12",
            "price": "6.18",
            "revenue": 80039
        },
        "2019-01": {
            "month": "2019-01",
            "price": "6.08",
            "revenue": 147793
        },
        "2019-02": {
            "month": "2019-02",
            "price": "6.30",
            "revenue": 65532
        },
        "2019-03": {
            "month": "2019-03",
            "price": "6.72",
            "revenue": 137155
        },
        "2019-04": {
            "month": "2019-04",
            "price": "7.17",
            "revenue": 92253
        },
        "2019-05": {
            "month": "2019-05",
            "price": "6.92",
            "revenue": 108074
        },
        "2019-06": {
            "month": "2019-06",
            "price": "6.78",
            "revenue": 127508
        },
        "2019-07": {
            "month": "2019-07",
            "price": "6.77",
            "revenue": 139532
        },
        "2019-08": {
            "month": "2019-08",
            "price": "6.58",
            "revenue": 139835
        },
        "2019-09": {
            "month": "2019-09",
            "price": "6.60",
            "revenue": 116936
        },
        "2019-10": {
            "month": "2019-10",
            "price": "6.76",
            "revenue": 106182
        },
        "2019-11": {
            "month": "2019-11",
            "price": "8.24",
            "revenue": 85729
        },
        "2019-12": {
            "month": "2019-12",
            "price": "8.60",
            "revenue": 99475
        },
        "2020-01": {
            "month": "2020-01",
            "price": "8.23",
            "revenue": 96609
        },
        "2020-02": {
            "month": "2020-02",
            "price": "7.88",
            "revenue": 79322
        },
        "2020-03": {
            "month": "2020-03",
            "price": "6.73",
            "revenue": 78363
        },
        "2020-04": {
            "month": "2020-04",
            "price": "6.86",
            "revenue": 99813
        },
        "2020-05": {
            "month": "2020-05",
            "price": "7.53",
            "revenue": 99787
        },
        "2020-06": {
            "month": "2020-06",
            "price": "8.75",
            "revenue": 146794
        },
        "2020-07": {
            "month": "2020-07",
            "price": "10.90",
            "revenue": 166455
        },
        "2020-08": {
            "month": "2020-08",
            "price": "11.35",
            "revenue": 148450
        },
        "2020-09": {
            "month": "2020-09",
            "price": "12.68",
            "revenue": 80576
        },
        "2020-10": {
            "month": "2020-10",
            "price": "11.51",
            "revenue": 81350
        },
        "2020-11": {
            "month": "2020-11",
            "price": "11.59",
            "revenue": 116040
        },
        "2020-12": {
            "month": "2020-12",
            "price": "11.58",
            "revenue": 86439
        },
        "2021-01": {
            "month": "2021-01",
            "price": "10.46",
            "revenue": 154378
        },
        "2021-02": {
            "month": "2021-02",
            "price": "10.57",
            "revenue": 112919
        },
        "2021-03": {
            "month": "2021-03",
            "price": "11.48",
            "revenue": 129647
        },
        "2021-04": {
            "month": "2021-04",
            "price": "13.39",
            "revenue": 116649
        },
        "2021-05": {
            "month": "2021-05",
            "price": "13.52",
            "revenue": 133021
        },
        "2021-06": {
            "month": "2021-06",
            "price": "13.68",
            "revenue": 109133
        },
        "2021-07": {
            "month": "2021-07",
            "price": "13.18",
            "revenue": 148827
        },
        "2021-08": {
            "month": "2021-08",
            "price": "12.65",
            "revenue": 102619
        },
        "2021-09": {
            "month": "2021-09",
            "price": "12.73",
            "revenue": 160024
        },
        "2021-10": {
            "month": "2021-10",
            "price": "13.49",
            "revenue": 171878
        },
        "2021-11": {
            "month": "2021-11",
            "price": "13.90",
            "revenue": 88720
        },
        "2021-12": {
            "month": "2021-12",
            "price": "13.77",
            "revenue": 106528
        },
        "2022-01": {
            "month": "2022-01",
            "price": "13.26",
            "revenue": 123169
        },
        "2022-02": {
            "month": "2022-02",
            "price": "12.87",
            "revenue": 91696
        },
        "2022-03": {
            "month": "2022-03",
            "price": "12.57",
            "revenue": 164633
        },
        "2022-04": {
            "month": "2022-04",
            "price": "12.93",
            "revenue": 167315
        },
        "2022-05": {
            "month": "2022-05",
            "price": "12.21",
            "revenue": 94670
        },
        "2022-06": {
            "month": "2022-06",
            "price": "12.30",
            "revenue": 139223
        },
        "2022-07": {
            "month": "2022-07",
            "price": "12.04",
            "revenue": 165209
        },
        "2022-08": {
            "month": "2022-08",
            "price": "13.43",
            "revenue": 159908
        },
        "2022-09": {
            "month": "2022-09",
            "price": "13.71",
            "revenue": 103610
        },
        "2022-10": {
            "month": "2022-10",
            "price": "12.70",
            "revenue": 127782
        },
        "2022-11": {
            "month": "2022-11",
            "price": "13.09",
            "revenue": 88638
        },
        "2022-12": {
            "month": "2022-12",
            "price": "13.47",
            "revenue": 60558
        },
        "2023-01": {
            "month": "2023-01",
            "price": "13.33",
            "revenue": 122697
        },
        "2023-02": {
            "month": "2023-02",
            "price": "13.52",
            "revenue": 143588
        },
        "2023-03": {
            "month": "2023-03",
            "price": "14.54",
            "revenue": 153487
        },
        "2023-04": {
            "month": "2023-04",
            "price": "14.78",
            "revenue": 104744
        },
        "2023-05": {
            "month": "2023-05",
            "price": "14.65",
            "revenue": 137442
        },
        "2023-06": {
            "month": "2023-06",
            "price": "15.43",
            "revenue": 165008
        },
        "2023-07": {
            "month": "2023-07",
            "price": "16.50",
            "revenue": 126073
        },
        "2023-08": {
            "month": "2023-08",
            "price": "17.12",
            "revenue": 100283
        },
        "2023-09": {
            "month": "2023-09",
            "price": "16.20",
            "revenue": 125238
        },
        "2023-10": {
            "month": "2023-10",
            "price": "15.42",
            "revenue": 151692
        },
        "2023-11": {
            "month": "2023-11",
            "price": "16.88",
            "revenue": 98628
        },
        "2023-12": {
            "month": "2023-12",
            "price": "17.73",
            "revenue": 97799
        },
        "2024-01": {
            "month": "2024-01",
            "price": "18.14",
            "revenue": 105176
        },
        "2024-02": {
            "month": "2024-02",
            "price": "18.31",
            "revenue": 140932
        }
    }
}
