{
    "summary": {
        "stock_name": "星通",
        "stock_id": "3025",
        "category": "通信網路",
        "main_business": "網路存取設備產品群",
        "website_url": "http://www.looptelecom.com",
        "ceo": "葉茂林",
        "pe_ratio": 34,
        "report_year_from": 2001,
        "report_year_to": 2023,
        "age": 22,
        "eps_negative_percentage": 22,
        "eps_growth_avg": {
            "last_all": -17.59,
            "last_2y": 33.34,
            "last_4y": 20.95,
            "last_8y": -13.94,
            "last_12y": -22.41,
            "last_16y": -12.1,
            "last_20y": -17.59,
            "at_2006_last_3y": 100,
            "at_2007_last_3y": 27.07,
            "at_2008_last_3y": 7.4,
            "at_2009_last_3y": 16.26,
            "at_2010_last_3y": -13.74,
            "at_2011_last_3y": -27.27,
            "at_2012_last_3y": -25.71,
            "at_2013_last_3y": -44.98,
            "at_2014_last_3y": -61.7,
            "at_2015_last_3y": -61.7,
            "at_2016_last_3y": -61.7,
            "at_2017_last_3y": -72.11,
            "at_2018_last_3y": -80.46,
            "at_2019_last_3y": -13.8,
            "at_2020_last_3y": 4.29,
            "at_2021_last_3y": 1.19,
            "at_2022_last_3y": 50,
            "at_2023_last_3y": 50,
            "at_2006_last_all": 0,
            "at_2007_last_all": -15.29,
            "at_2008_last_all": -19.45,
            "at_2009_last_all": -6.99,
            "at_2010_last_all": -9.16,
            "at_2011_last_all": -22.14,
            "at_2012_last_all": -22.14,
            "at_2013_last_all": -21.23,
            "at_2014_last_all": -26.67,
            "at_2015_last_all": -34.01,
            "at_2016_last_all": -34.01,
            "at_2017_last_all": -35.11,
            "at_2018_last_all": -40.12,
            "at_2019_last_all": -29.34,
            "at_2020_last_all": -23.06,
            "at_2021_last_all": -25.43,
            "at_2022_last_all": -17.59,
            "at_2023_last_all": -17.59
        },
        "latest_eps": 1.37,
        "latest_price": 47.2,
        "latest_roe": 11.56,
        "latest_gross_margin": 60.77,
        "latest_equity": 856421,
        "latest_revenue": 129161,
        "latest_gross_profit": 78494,
        "latest_net_income": 32053,
        "latest_debt_ratio": 27.59,
        "latest_current_ratio": 369.59,
        "latest_account_receivable_turnover_ratio": 1.24,
        "latest_inventory_turnover_ratio": 0.15,
        "latest_reinvestment_rate": -9.81,
        "latest_research_to_sale_ratio": 28.34
    },
    "eps_dividends": {
        "1999": {
            "cash": 0,
            "stock": 3,
            "eps": 0
        },
        "2000": {
            "cash": 0,
            "stock": 3.15,
            "eps": 0
        },
        "2001": {
            "cash": 0,
            "stock": 3,
            "eps": 2.96
        },
        "2002": {
            "cash": 0.2,
            "stock": 1.95,
            "eps": -0.64
        },
        "2003": {
            "cash": 0,
            "stock": 0,
            "eps": -0.06
        },
        "2004": {
            "cash": 0,
            "stock": 0,
            "eps": -0.22
        },
        "2005": {
            "cash": 0,
            "stock": 0,
            "eps": 0.11
        },
        "2006": {
            "cash": 0,
            "stock": 0,
            "eps": 1.33
        },
        "2007": {
            "cash": 0.92,
            "stock": 0,
            "eps": 0.72
        },
        "2008": {
            "cash": 0.61,
            "stock": 0,
            "eps": 0.49
        },
        "2009": {
            "cash": 0.35,
            "stock": 0,
            "eps": 0.7
        },
        "2010": {
            "cash": 0.6,
            "stock": 0,
            "eps": 0.56
        },
        "2011": {
            "cash": 0.61,
            "stock": 0,
            "eps": -0.58
        },
        "2012": {
            "cash": 0,
            "stock": 0,
            "eps": 0.67
        },
        "2013": {
            "cash": 0.6,
            "stock": 0,
            "eps": 0.57
        },
        "2014": {
            "cash": 0.24,
            "stock": 0,
            "eps": 0.17
        },
        "2015": {
            "cash": 0.15,
            "stock": 0,
            "eps": -0.17
        },
        "2016": {
            "cash": 0,
            "stock": 0,
            "eps": 0.39
        },
        "2017": {
            "cash": 0.27,
            "stock": 0,
            "eps": 0.21
        },
        "2018": {
            "cash": 0.13,
            "stock": 0,
            "eps": 0.01
        },
        "2019": {
            "cash": 0,
            "stock": 0,
            "eps": 0.7
        },
        "2020": {
            "cash": 0.58,
            "stock": 0,
            "eps": 1.11
        },
        "2021": {
            "cash": 1,
            "stock": 0,
            "eps": 0.46
        },
        "2022": {
            "cash": 0.4,
            "stock": 0,
            "eps": 0.95
        },
        "2023": {
            "cash": 1,
            "stock": 0,
            "eps": 1.06
        }
    },
    "dividends": {
        "1999-06-03": {
            "cash": 0,
            "stock": 3
        },
        "2000-05-12": {
            "cash": 0,
            "stock": 3.15
        },
        "2001-04-27": {
            "cash": 0,
            "stock": 3
        },
        "2002-05-30": {
            "cash": 0.2,
            "stock": 1.95
        },
        "2007-03-13": {
            "cash": 0.92,
            "stock": 0
        },
        "2008-03-26": {
            "cash": 0.61,
            "stock": 0
        },
        "2009-03-24": {
            "cash": 0.35,
            "stock": 0
        },
        "2010-03-16": {
            "cash": 0.6,
            "stock": 0
        },
        "2011-03-15": {
            "cash": 0.61,
            "stock": 0
        },
        "2013-03-19": {
            "cash": 0.6,
            "stock": 0
        },
        "2014-09-25": {
            "cash": 0.24,
            "stock": 0
        },
        "2015-09-24": {
            "cash": 0.15,
            "stock": 0
        },
        "2017-09-20": {
            "cash": 0.27,
            "stock": 0
        },
        "2018-09-19": {
            "cash": 0.13,
            "stock": 0
        },
        "2020-09-18": {
            "cash": 0.58,
            "stock": 0
        },
        "2021-12-10": {
            "cash": 1,
            "stock": 0
        },
        "2022-09-29": {
            "cash": 0.4,
            "stock": 0
        },
        "2023-09-15": {
            "cash": 1,
            "stock": 0
        }
    },
    "prices": {
        "200101": "無",
        "200102": "無",
        "200103": "無",
        "200104": "無",
        "200105": "無",
        "200106": "無",
        "200107": "無",
        "200108": "無",
        "200109": "無",
        "200110": "無",
        "200111": "無",
        "200112": "無",
        "200201": "無",
        "200202": "無",
        "200203": "無",
        "200204": "無",
        "200205": "無",
        "200206": "無",
        "200207": "無",
        "200208": "18.94",
        "200209": "17.32",
        "200210": "22.85",
        "200211": "20.13",
        "200212": "16.84",
        "200301": "16.38",
        "200302": "17.73",
        "200303": "15.09",
        "200304": "14.01",
        "200305": "11.95",
        "200306": "15.16",
        "200307": "15.41",
        "200308": "13.21",
        "200309": "12.21",
        "200310": "12.25",
        "200311": "12.82",
        "200312": "14.95",
        "200401": "16.14",
        "200402": "16.64",
        "200403": "14.89",
        "200404": "13.96",
        "200405": "11.68",
        "200406": "10.90",
        "200407": "9.63",
        "200408": "8.69",
        "200409": "9.07",
        "200410": "9.74",
        "200411": "9.90",
        "200412": "9.83",
        "200501": "9.82",
        "200502": "10.24",
        "200503": "13.13",
        "200504": "13.95",
        "200505": "12.64",
        "200506": "13.65",
        "200507": "14.02",
        "200508": "12.64",
        "200509": "12.23",
        "200510": "12.78",
        "200511": "12.25",
        "200512": "13.04",
        "200601": "14.58",
        "200602": "13.55",
        "200603": "12.85",
        "200604": "14.35",
        "200605": "15.65",
        "200606": "13.35",
        "200607": "13.61",
        "200608": "13.38",
        "200609": "13.22",
        "200610": "14.09",
        "200611": "19.30",
        "200612": "19.67",
        "200701": "22.90",
        "200702": "22.43",
        "200703": "27.14",
        "200704": "32.82",
        "200705": "30.87",
        "200706": "32.73",
        "200707": "31.52",
        "200708": "22.90",
        "200709": "20.76",
        "200710": "21.70",
        "200711": "16.86",
        "200712": "13.90",
        "200801": "12.23",
        "200802": "12.15",
        "200803": "13.58",
        "200804": "15.99",
        "200805": "14.73",
        "200806": "11.85",
        "200807": "9.44",
        "200808": "10.72",
        "200809": "8.76",
        "200810": "7.60",
        "200811": "6.69",
        "200812": "6.79",
        "200901": "6.99",
        "200902": "6.88",
        "200903": "7.97",
        "200904": "9.76",
        "200905": "10.66",
        "200906": "9.96",
        "200907": "11.68",
        "200908": "12.33",
        "200909": "13.49",
        "200910": "15.10",
        "200911": "17.70",
        "200912": "20.03",
        "201001": "19.98",
        "201002": "17.56",
        "201003": "18.72",
        "201004": "18.90",
        "201005": "16.39",
        "201006": "16.24",
        "201007": "18.40",
        "201008": "18.25",
        "201009": "16.98",
        "201010": "16.68",
        "201011": "14.93",
        "201012": "15.71",
        "201101": "15.41",
        "201102": "14.77",
        "201103": "14.55",
        "201104": "14.45",
        "201105": "13.89",
        "201106": "13.30",
        "201107": "12.55",
        "201108": "9.91",
        "201109": "8.45",
        "201110": "7.76",
        "201111": "7.11",
        "201112": "6.24",
        "201201": "7.01",
        "201202": "8.43",
        "201203": "8.32",
        "201204": "8.24",
        "201205": "8.47",
        "201206": "8.08",
        "201207": "7.94",
        "201208": "7.89",
        "201209": "8.21",
        "201210": "8.19",
        "201211": "7.53",
        "201212": "7.67",
        "201301": "8.79",
        "201302": "8.70",
        "201303": "9.14",
        "201304": "11.79",
        "201305": "11.38",
        "201306": "10.80",
        "201307": "11.09",
        "201308": "11.40",
        "201309": "11.06",
        "201310": "11.34",
        "201311": "10.88",
        "201312": "11.39",
        "201401": "12.14",
        "201402": "13.56",
        "201403": "13.36",
        "201404": "12.34",
        "201405": "11.47",
        "201406": "11.79",
        "201407": "11.81",
        "201408": "10.72",
        "201409": "10.39",
        "201410": "10.19",
        "201411": "9.97",
        "201412": "10.08",
        "201501": "10.64",
        "201502": "11.35",
        "201503": "12.04",
        "201504": "13.48",
        "201505": "11.84",
        "201506": "10.67",
        "201507": "9.75",
        "201508": "8.07",
        "201509": "7.53",
        "201510": "8.20",
        "201511": "8.12",
        "201512": "8.23",
        "201601": "8.70",
        "201602": "10.58",
        "201603": "11.77",
        "201604": "10.94",
        "201605": "10.18",
        "201606": "10.14",
        "201607": "10.38",
        "201608": "10.48",
        "201609": "12.26",
        "201610": "11.99",
        "201611": "10.31",
        "201612": "11.37",
        "201701": "11.46",
        "201702": "11.30",
        "201703": "11.42",
        "201704": "12.00",
        "201705": "13.49",
        "201706": "14.87",
        "201707": "15.94",
        "201708": "17.61",
        "201709": "20.94",
        "201710": "20.58",
        "201711": "19.81",
        "201712": "18.69",
        "201801": "20.98",
        "201802": "18.54",
        "201803": "17.59",
        "201804": "17.09",
        "201805": "17.01",
        "201806": "30.86",
        "201807": "31.80",
        "201808": "28.37",
        "201809": "27.02",
        "201810": "23.32",
        "201811": "18.95",
        "201812": "19.21",
        "201901": "17.94",
        "201902": "19.28",
        "201903": "20.94",
        "201904": "25.81",
        "201905": "21.13",
        "201906": "20.98",
        "201907": "23.48",
        "201908": "22.49",
        "201909": "22.31",
        "201910": "21.22",
        "201911": "20.23",
        "201912": "21.57",
        "202001": "21.84",
        "202002": "20.51",
        "202003": "16.16",
        "202004": "19.26",
        "202005": "19.22",
        "202006": "18.42",
        "202007": "20.33",
        "202008": "19.07",
        "202009": "19.61",
        "202010": "19.06",
        "202011": "22.22",
        "202012": "40.00",
        "202101": "35.72",
        "202102": "29.13",
        "202103": "34.02",
        "202104": "35.53",
        "202105": "26.21",
        "202106": "24.60",
        "202107": "23.53",
        "202108": "20.48",
        "202109": "19.40",
        "202110": "21.18",
        "202111": "25.19",
        "202112": "23.64",
        "202201": "21.05",
        "202202": "20.70",
        "202203": "19.76",
        "202204": "20.68",
        "202205": "19.82",
        "202206": "19.00",
        "202207": "17.41",
        "202208": "20.48",
        "202209": "21.39",
        "202210": "22.48",
        "202211": "22.30",
        "202212": "21.52",
        "202301": "20.28",
        "202302": "20.99",
        "202303": "23.99",
        "202304": "32.61",
        "202305": "34.10",
        "202306": "43.52",
        "202307": "47.97",
        "202308": "42.15",
        "202309": "41.88",
        "202310": "45.38"
    },
    "quarters": {
        "20011": {
            "year_quarter": 20011,
            "year": 2001,
            "quarter": 1,
            "eps": 0.85,
            "eps_growth_year": 325,
            "eps_4q": 4.34,
            "eps_4q_growth_year": null,
            "roe": 5.35,
            "roe_4q": 5.35,
            "gross_profit": 76166,
            "gross_margin": 58.99,
            "gross_margin_4q_avg": 58.99,
            "net_income": 33395,
            "net_income_4q": null,
            "revenue": 129120,
            "revenue_4q": null,
            "common_shares": 391650,
            "book_valuer_per_share": 15.81,
            "book_valuer_per_share_4q_avg": 15.81,
            "equity": 619140,
            "current_ratio": 297.87,
            "debt_ratio": 31.94,
            "inventory_turnover_ratio": 0.24,
            "account_receivable_turnover_ratio": null,
            "reinvestment_rate": null,
            "research_to_sale_ratio": null,
            "price_fair": 0,
            "eps_avg_yearly": 0,
            "eps_latest_yearly": 0,
            "eps_growth_yearly": 0
        },
        "20012": {
            "year_quarter": 20012,
            "year": 2001,
            "quarter": 2,
            "eps": 1,
            "eps_growth_year": 88.68,
            "eps_4q": 3.87,
            "eps_4q_growth_year": null,
            "roe": 8.09,
            "roe_4q": 13.44,
            "gross_profit": 67472,
            "gross_margin": 49.61,
            "gross_margin_4q_avg": 54.3,
            "net_income": 52155,
            "net_income_4q": null,
            "revenue": 136018,
            "revenue_4q": null,
            "common_shares": 391650,
            "book_valuer_per_share": 17.13,
            "book_valuer_per_share_4q_avg": 16.47,
            "equity": 670919,
            "current_ratio": 314.62,
            "debt_ratio": 29.19,
            "inventory_turnover_ratio": 0.34,
            "account_receivable_turnover_ratio": null,
            "reinvestment_rate": null,
            "research_to_sale_ratio": null,
            "price_fair": 0,
            "eps_avg_yearly": 0,
            "eps_latest_yearly": 0,
            "eps_growth_yearly": 0
        },
        "20013": {
            "year_quarter": 20013,
            "year": 2001,
            "quarter": 3,
            "eps": 1.26,
            "eps_growth_year": 5,
            "eps_4q": 4.24,
            "eps_4q_growth_year": null,
            "roe": 9.32,
            "roe_4q": 22.759999999999998,
            "gross_profit": 107186,
            "gross_margin": 53.88,
            "gross_margin_4q_avg": 54.16,
            "net_income": 65531,
            "net_income_4q": null,
            "revenue": 198937,
            "revenue_4q": null,
            "common_shares": 522000,
            "book_valuer_per_share": 14.08,
            "book_valuer_per_share_4q_avg": 15.67,
            "equity": 734866,
            "current_ratio": 239.17,
            "debt_ratio": 37.67,
            "inventory_turnover_ratio": 0.51,
            "account_receivable_turnover_ratio": null,
            "reinvestment_rate": null,
            "research_to_sale_ratio": null,
            "price_fair": 0,
            "eps_avg_yearly": 0,
            "eps_latest_yearly": 0,
            "eps_growth_yearly": 0
        },
        "20014": {
            "year_quarter": 20014,
            "year": 2001,
            "quarter": 4,
            "eps": -0.15,
            "eps_growth_year": -108.47,
            "eps_4q": 2.54,
            "eps_4q_growth_year": -30.15,
            "roe": -1.02,
            "roe_4q": 21.740000000000002,
            "gross_profit": 34378,
            "gross_margin": 57.04,
            "gross_margin_4q_avg": 54.88,
            "net_income": -7643,
            "net_income_4q": null,
            "revenue": 60266,
            "revenue_4q": null,
            "common_shares": 522000,
            "book_valuer_per_share": 13.92,
            "book_valuer_per_share_4q_avg": 15.24,
            "equity": 766642,
            "current_ratio": 265.78,
            "debt_ratio": 34.13,
            "inventory_turnover_ratio": 0.13,
            "account_receivable_turnover_ratio": null,
            "reinvestment_rate": null,
            "research_to_sale_ratio": null,
            "price_fair": 0,
            "eps_avg_yearly": 0,
            "eps_latest_yearly": 0,
            "eps_growth_yearly": 0
        },
        "20021": {
            "year_quarter": 20021,
            "year": 2002,
            "quarter": 1,
            "eps": 0.07,
            "eps_growth_year": -91.76,
            "eps_4q": 2.25,
            "eps_4q_growth_year": -48.24,
            "roe": 0.47,
            "roe_4q": 16.86,
            "gross_profit": 39420,
            "gross_margin": 64.28,
            "gross_margin_4q_avg": 56.2,
            "net_income": 3538,
            "net_income_4q": null,
            "revenue": 61326,
            "revenue_4q": null,
            "common_shares": 522000,
            "book_valuer_per_share": 13.99,
            "book_valuer_per_share_4q_avg": 14.78,
            "equity": 730064,
            "current_ratio": 283.76,
            "debt_ratio": 31.13,
            "inventory_turnover_ratio": 0.1,
            "account_receivable_turnover_ratio": null,
            "reinvestment_rate": null,
            "research_to_sale_ratio": null,
            "price_fair": 0,
            "eps_avg_yearly": 0,
            "eps_latest_yearly": 0,
            "eps_growth_yearly": 0
        },
        "20022": {
            "year_quarter": 20022,
            "year": 2002,
            "quarter": 2,
            "eps": -0.02,
            "eps_growth_year": -102,
            "eps_4q": 1.16,
            "eps_4q_growth_year": -70.07,
            "roe": -0.13,
            "roe_4q": 8.64,
            "gross_profit": 37458,
            "gross_margin": 39.96,
            "gross_margin_4q_avg": 53.79,
            "net_income": -953,
            "net_income_4q": null,
            "revenue": 93738,
            "revenue_4q": null,
            "common_shares": 522000,
            "book_valuer_per_share": 13.68,
            "book_valuer_per_share_4q_avg": 13.92,
            "equity": 714098,
            "current_ratio": 301.16,
            "debt_ratio": 29.04,
            "inventory_turnover_ratio": 0.32,
            "account_receivable_turnover_ratio": null,
            "reinvestment_rate": null,
            "research_to_sale_ratio": null,
            "price_fair": 0,
            "eps_avg_yearly": 0,
            "eps_latest_yearly": 0,
            "eps_growth_yearly": 0
        },
        "20023": {
            "year_quarter": 20023,
            "year": 2002,
            "quarter": 3,
            "eps": -0.12,
            "eps_growth_year": -109.52,
            "eps_4q": -0.2,
            "eps_4q_growth_year": -104.71,
            "roe": -1.08,
            "roe_4q": -1.76,
            "gross_profit": 28883,
            "gross_margin": 50,
            "gross_margin_4q_avg": 52.82,
            "net_income": -7658,
            "net_income_4q": null,
            "revenue": 57764,
            "revenue_4q": null,
            "common_shares": 636540,
            "book_valuer_per_share": 11.13,
            "book_valuer_per_share_4q_avg": 13.18,
            "equity": 708384,
            "current_ratio": 505.82,
            "debt_ratio": 18.89,
            "inventory_turnover_ratio": 0.18,
            "account_receivable_turnover_ratio": null,
            "reinvestment_rate": null,
            "research_to_sale_ratio": null,
            "price_fair": 0,
            "eps_avg_yearly": 0,
            "eps_latest_yearly": 0,
            "eps_growth_yearly": 0
        },
        "20024": {
            "year_quarter": 20024,
            "year": 2002,
            "quarter": 4,
            "eps": -0.57,
            "eps_growth_year": null,
            "eps_4q": -0.64,
            "eps_4q_growth_year": -125.3,
            "roe": -5.21,
            "roe_4q": -5.95,
            "gross_profit": 38068,
            "gross_margin": 43.5,
            "gross_margin_4q_avg": 49.44,
            "net_income": -36593,
            "net_income_4q": null,
            "revenue": 87513,
            "revenue_4q": null,
            "common_shares": 636540,
            "book_valuer_per_share": 10.57,
            "book_valuer_per_share_4q_avg": 12.34,
            "equity": 697144,
            "current_ratio": 316.36,
            "debt_ratio": 28.57,
            "inventory_turnover_ratio": 0.3,
            "account_receivable_turnover_ratio": null,
            "reinvestment_rate": null,
            "research_to_sale_ratio": null,
            "price_fair": 0,
            "eps_avg_yearly": 0,
            "eps_latest_yearly": 0,
            "eps_growth_yearly": 0
        },
        "20031": {
            "year_quarter": 20031,
            "year": 2003,
            "quarter": 1,
            "eps": -0.11,
            "eps_growth_year": -257.14,
            "eps_4q": -0.8,
            "eps_4q_growth_year": -135.55,
            "roe": -1.06,
            "roe_4q": -7.4799999999999995,
            "gross_profit": 39272,
            "gross_margin": 53.64,
            "gross_margin_4q_avg": 46.78,
            "net_income": -7217,
            "net_income_4q": null,
            "revenue": 73215,
            "revenue_4q": null,
            "common_shares": 636540,
            "book_valuer_per_share": 10.45,
            "book_valuer_per_share_4q_avg": 11.46,
            "equity": 665498,
            "current_ratio": 292.48,
            "debt_ratio": 29.03,
            "inventory_turnover_ratio": 0.22,
            "account_receivable_turnover_ratio": null,
            "reinvestment_rate": null,
            "research_to_sale_ratio": null,
            "price_fair": 0,
            "eps_avg_yearly": 0,
            "eps_latest_yearly": 0,
            "eps_growth_yearly": 0
        },
        "20032": {
            "year_quarter": 20032,
            "year": 2003,
            "quarter": 2,
            "eps": -0.02,
            "eps_growth_year": null,
            "eps_4q": -0.83,
            "eps_4q_growth_year": -171.47,
            "roe": -0.19,
            "roe_4q": -7.54,
            "gross_profit": 36537,
            "gross_margin": 48.73,
            "gross_margin_4q_avg": 48.97,
            "net_income": -1236,
            "net_income_4q": null,
            "revenue": 74986,
            "revenue_4q": null,
            "common_shares": 636540,
            "book_valuer_per_share": 10.41,
            "book_valuer_per_share_4q_avg": 10.64,
            "equity": 662844,
            "current_ratio": 303.1,
            "debt_ratio": 28.63,
            "inventory_turnover_ratio": 0.26,
            "account_receivable_turnover_ratio": null,
            "reinvestment_rate": null,
            "research_to_sale_ratio": null,
            "price_fair": 0,
            "eps_avg_yearly": 0,
            "eps_latest_yearly": 0,
            "eps_growth_yearly": 0
        },
        "20033": {
            "year_quarter": 20033,
            "year": 2003,
            "quarter": 3,
            "eps": 0.05,
            "eps_growth_year": null,
            "eps_4q": -0.63,
            "eps_4q_growth_year": null,
            "roe": 0.5,
            "roe_4q": -5.96,
            "gross_profit": 38126,
            "gross_margin": 45.6,
            "gross_margin_4q_avg": 47.87,
            "net_income": 3335,
            "net_income_4q": null,
            "revenue": 83617,
            "revenue_4q": null,
            "common_shares": 636540,
            "book_valuer_per_share": 10.46,
            "book_valuer_per_share_4q_avg": 10.47,
            "equity": 666114,
            "current_ratio": 289.92,
            "debt_ratio": 42.77,
            "inventory_turnover_ratio": 0.31,
            "account_receivable_turnover_ratio": null,
            "reinvestment_rate": null,
            "research_to_sale_ratio": null,
            "price_fair": 0,
            "eps_avg_yearly": 0,
            "eps_latest_yearly": 0,
            "eps_growth_yearly": 0
        },
        "20034": {
            "year_quarter": 20034,
            "year": 2003,
            "quarter": 4,
            "eps": 0.02,
            "eps_growth_year": null,
            "eps_4q": -0.06,
            "eps_4q_growth_year": null,
            "roe": 0.19,
            "roe_4q": -0.56,
            "gross_profit": 40774,
            "gross_margin": 50.09,
            "gross_margin_4q_avg": 49.52,
            "net_income": 1321,
            "net_income_4q": null,
            "revenue": 81403,
            "revenue_4q": null,
            "common_shares": 636540,
            "book_valuer_per_share": 10.46,
            "book_valuer_per_share_4q_avg": 10.45,
            "equity": 695440,
            "current_ratio": 336.99,
            "debt_ratio": 39.81,
            "inventory_turnover_ratio": 0.24,
            "account_receivable_turnover_ratio": null,
            "reinvestment_rate": 70.93,
            "research_to_sale_ratio": null,
            "price_fair": 0.24,
            "eps_avg_yearly": 0.08,
            "eps_latest_yearly": 0.08,
            "eps_growth_yearly": -240
        },
        "20041": {
            "year_quarter": 20041,
            "year": 2004,
            "quarter": 1,
            "eps": -0.22,
            "eps_growth_year": null,
            "eps_4q": -0.17,
            "eps_4q_growth_year": null,
            "roe": -2.07,
            "roe_4q": -1.5699999999999998,
            "gross_profit": 27958,
            "gross_margin": 41.43,
            "gross_margin_4q_avg": 46.46,
            "net_income": -14072,
            "net_income_4q": null,
            "revenue": 67486,
            "revenue_4q": null,
            "common_shares": 649273,
            "book_valuer_per_share": 10.27,
            "book_valuer_per_share_4q_avg": 10.4,
            "equity": 666983,
            "current_ratio": 390.84,
            "debt_ratio": 36.58,
            "inventory_turnover_ratio": 0.21,
            "account_receivable_turnover_ratio": null,
            "reinvestment_rate": 52.81,
            "research_to_sale_ratio": null,
            "price_fair": 0.24,
            "eps_avg_yearly": 0.08,
            "eps_latest_yearly": 0.08,
            "eps_growth_yearly": -240
        },
        "20042": {
            "year_quarter": 20042,
            "year": 2004,
            "quarter": 2,
            "eps": -0.09,
            "eps_growth_year": null,
            "eps_4q": -0.23,
            "eps_4q_growth_year": null,
            "roe": -0.85,
            "roe_4q": -2.23,
            "gross_profit": 41448,
            "gross_margin": 44.97,
            "gross_margin_4q_avg": 45.52,
            "net_income": -5674,
            "net_income_4q": null,
            "revenue": 92166,
            "revenue_4q": null,
            "common_shares": 652400,
            "book_valuer_per_share": 10.23,
            "book_valuer_per_share_4q_avg": 10.36,
            "equity": 667446,
            "current_ratio": 382.46,
            "debt_ratio": 36.36,
            "inventory_turnover_ratio": 0.27,
            "account_receivable_turnover_ratio": null,
            "reinvestment_rate": 67.38,
            "research_to_sale_ratio": null,
            "price_fair": 0.24,
            "eps_avg_yearly": 0.08,
            "eps_latest_yearly": 0.08,
            "eps_growth_yearly": -240
        },
        "20043": {
            "year_quarter": 20043,
            "year": 2004,
            "quarter": 3,
            "eps": 0.14,
            "eps_growth_year": 180,
            "eps_4q": -0.13,
            "eps_4q_growth_year": null,
            "roe": 1.4,
            "roe_4q": -1.33,
            "gross_profit": 42928,
            "gross_margin": 45.87,
            "gross_margin_4q_avg": 45.59,
            "net_income": 9381,
            "net_income_4q": null,
            "revenue": 93596,
            "revenue_4q": null,
            "common_shares": 652400,
            "book_valuer_per_share": 10.34,
            "book_valuer_per_share_4q_avg": 10.33,
            "equity": 674604,
            "current_ratio": 214.56,
            "debt_ratio": 35.97,
            "inventory_turnover_ratio": 0.25,
            "account_receivable_turnover_ratio": null,
            "reinvestment_rate": 70.14,
            "research_to_sale_ratio": null,
            "price_fair": 0.24,
            "eps_avg_yearly": 0.08,
            "eps_latest_yearly": 0.08,
            "eps_growth_yearly": -240
        },
        "20044": {
            "year_quarter": 20044,
            "year": 2004,
            "quarter": 4,
            "eps": -0.05,
            "eps_growth_year": -350,
            "eps_4q": -0.22,
            "eps_4q_growth_year": null,
            "roe": -0.49,
            "roe_4q": -2.01,
            "gross_profit": 64105,
            "gross_margin": 44.51,
            "gross_margin_4q_avg": 44.2,
            "net_income": -3332,
            "net_income_4q": null,
            "revenue": 144009,
            "revenue_4q": null,
            "common_shares": 652400,
            "book_valuer_per_share": 10.23,
            "book_valuer_per_share_4q_avg": 10.27,
            "equity": 692579,
            "current_ratio": 206.92,
            "debt_ratio": 40.98,
            "inventory_turnover_ratio": 0.37,
            "account_receivable_turnover_ratio": null,
            "reinvestment_rate": 10.53,
            "research_to_sale_ratio": null,
            "price_fair": 0.24,
            "eps_avg_yearly": 0.08,
            "eps_latest_yearly": 0.08,
            "eps_growth_yearly": -240
        },
        "20051": {
            "year_quarter": 20051,
            "year": 2005,
            "quarter": 1,
            "eps": -0.21,
            "eps_growth_year": null,
            "eps_4q": -0.2,
            "eps_4q_growth_year": null,
            "roe": -2.04,
            "roe_4q": -1.9800000000000004,
            "gross_profit": 30607,
            "gross_margin": 41.86,
            "gross_margin_4q_avg": 44.3,
            "net_income": -13748,
            "net_income_4q": null,
            "revenue": 73119,
            "revenue_4q": null,
            "common_shares": 652400,
            "book_valuer_per_share": 10.01,
            "book_valuer_per_share_4q_avg": 10.2,
            "equity": 653127,
            "current_ratio": 226.09,
            "debt_ratio": 34.57,
            "inventory_turnover_ratio": 0.2,
            "account_receivable_turnover_ratio": null,
            "reinvestment_rate": 24.3,
            "research_to_sale_ratio": null,
            "price_fair": 0.24,
            "eps_avg_yearly": 0.08,
            "eps_latest_yearly": 0.08,
            "eps_growth_yearly": -240
        },
        "20052": {
            "year_quarter": 20052,
            "year": 2005,
            "quarter": 2,
            "eps": 0.05,
            "eps_growth_year": null,
            "eps_4q": -0.07,
            "eps_4q_growth_year": null,
            "roe": 0.49,
            "roe_4q": -0.6400000000000001,
            "gross_profit": 59724,
            "gross_margin": 49.58,
            "gross_margin_4q_avg": 45.46,
            "net_income": 3299,
            "net_income_4q": null,
            "revenue": 120450,
            "revenue_4q": null,
            "common_shares": 689091,
            "book_valuer_per_share": 10.13,
            "book_valuer_per_share_4q_avg": 10.18,
            "equity": 698259,
            "current_ratio": 256.4,
            "debt_ratio": 31.57,
            "inventory_turnover_ratio": 0.29,
            "account_receivable_turnover_ratio": null,
            "reinvestment_rate": null,
            "research_to_sale_ratio": null,
            "price_fair": 0.24,
            "eps_avg_yearly": 0.08,
            "eps_latest_yearly": 0.08,
            "eps_growth_yearly": -240
        },
        "20053": {
            "year_quarter": 20053,
            "year": 2005,
            "quarter": 3,
            "eps": 0.21,
            "eps_growth_year": 50,
            "eps_4q": 0,
            "eps_4q_growth_year": null,
            "roe": 1.97,
            "roe_4q": -0.07000000000000006,
            "gross_profit": 53076,
            "gross_margin": 46.55,
            "gross_margin_4q_avg": 45.63,
            "net_income": 13986,
            "net_income_4q": null,
            "revenue": 114013,
            "revenue_4q": null,
            "common_shares": 693712,
            "book_valuer_per_share": 10.42,
            "book_valuer_per_share_4q_avg": 10.2,
            "equity": 722705,
            "current_ratio": 277.48,
            "debt_ratio": 29.23,
            "inventory_turnover_ratio": 0.28,
            "account_receivable_turnover_ratio": null,
            "reinvestment_rate": null,
            "research_to_sale_ratio": null,
            "price_fair": 16.1,
            "eps_avg_yearly": 0.46,
            "eps_latest_yearly": 0.84,
            "eps_growth_yearly": 520
        },
        "20054": {
            "year_quarter": 20054,
            "year": 2005,
            "quarter": 4,
            "eps": 0.06,
            "eps_growth_year": null,
            "eps_4q": 0.11,
            "eps_4q_growth_year": null,
            "roe": 0.59,
            "roe_4q": 1.0099999999999998,
            "gross_profit": 64499,
            "gross_margin": 48.83,
            "gross_margin_4q_avg": 46.71,
            "net_income": 4367,
            "net_income_4q": null,
            "revenue": 132097,
            "revenue_4q": null,
            "common_shares": 693989,
            "book_valuer_per_share": 10.47,
            "book_valuer_per_share_4q_avg": 10.26,
            "equity": 750592,
            "current_ratio": 243.49,
            "debt_ratio": 35.78,
            "inventory_turnover_ratio": 0.32,
            "account_receivable_turnover_ratio": null,
            "reinvestment_rate": null,
            "research_to_sale_ratio": null,
            "price_fair": 13.53,
            "eps_avg_yearly": 0.39,
            "eps_latest_yearly": 0.24,
            "eps_growth_yearly": 251.43
        },
        "20061": {
            "year_quarter": 20061,
            "year": 2006,
            "quarter": 1,
            "eps": 0.01,
            "eps_growth_year": null,
            "eps_4q": 0.27,
            "eps_4q_growth_year": null,
            "roe": 0.11,
            "roe_4q": 3.16,
            "gross_profit": 50016,
            "gross_margin": 49.65,
            "gross_margin_4q_avg": 48.65,
            "net_income": 835,
            "net_income_4q": null,
            "revenue": 100736,
            "revenue_4q": null,
            "common_shares": 705911,
            "book_valuer_per_share": 10.51,
            "book_valuer_per_share_4q_avg": 10.38,
            "equity": 741788,
            "current_ratio": 342.9,
            "debt_ratio": 24.77,
            "inventory_turnover_ratio": 0.26,
            "account_receivable_turnover_ratio": null,
            "reinvestment_rate": null,
            "research_to_sale_ratio": null,
            "price_fair": 10.5,
            "eps_avg_yearly": 0.3,
            "eps_latest_yearly": 0.04,
            "eps_growth_yearly": 105.24
        },
        "20062": {
            "year_quarter": 20062,
            "year": 2006,
            "quarter": 2,
            "eps": 0.17,
            "eps_growth_year": 240,
            "eps_4q": 0.44,
            "eps_4q_growth_year": null,
            "roe": 1.61,
            "roe_4q": 4.28,
            "gross_profit": 63465,
            "gross_margin": 43.09,
            "gross_margin_4q_avg": 47.03,
            "net_income": 12066,
            "net_income_4q": null,
            "revenue": 147286,
            "revenue_4q": null,
            "common_shares": 712011,
            "book_valuer_per_share": 10.69,
            "book_valuer_per_share_4q_avg": 10.52,
            "equity": 760916,
            "current_ratio": 219.38,
            "debt_ratio": 37.72,
            "inventory_turnover_ratio": 0.43,
            "account_receivable_turnover_ratio": null,
            "reinvestment_rate": null,
            "research_to_sale_ratio": null,
            "price_fair": 13.16,
            "eps_avg_yearly": 0.38,
            "eps_latest_yearly": 0.68,
            "eps_growth_yearly": 1364.19
        },
        "20063": {
            "year_quarter": 20063,
            "year": 2006,
            "quarter": 3,
            "eps": 0.46,
            "eps_growth_year": 119.05,
            "eps_4q": 0.7,
            "eps_4q_growth_year": 22759.94,
            "roe": 4.23,
            "roe_4q": 6.540000000000001,
            "gross_profit": 84726,
            "gross_margin": 50.15,
            "gross_margin_4q_avg": 47.93,
            "net_income": 32604,
            "net_income_4q": null,
            "revenue": 168951,
            "revenue_4q": null,
            "common_shares": 716632,
            "book_valuer_per_share": 10.91,
            "book_valuer_per_share_4q_avg": 10.65,
            "equity": 781760,
            "current_ratio": 279.18,
            "debt_ratio": 30.6,
            "inventory_turnover_ratio": 0.36,
            "account_receivable_turnover_ratio": null,
            "reinvestment_rate": null,
            "research_to_sale_ratio": null,
            "price_fair": 21.7,
            "eps_avg_yearly": 0.62,
            "eps_latest_yearly": 1.84,
            "eps_growth_yearly": 1250.55
        },
        "20064": {
            "year_quarter": 20064,
            "year": 2006,
            "quarter": 4,
            "eps": 0.69,
            "eps_growth_year": 1050,
            "eps_4q": 1.33,
            "eps_4q_growth_year": 1126.58,
            "roe": 5.72,
            "roe_4q": 11.669999999999998,
            "gross_profit": 116858,
            "gross_margin": 47.09,
            "gross_margin_4q_avg": 47.5,
            "net_income": 48906,
            "net_income_4q": null,
            "revenue": 248140,
            "revenue_4q": null,
            "common_shares": 773709,
            "book_valuer_per_share": 11.59,
            "book_valuer_per_share_4q_avg": 10.93,
            "equity": 926824,
            "current_ratio": 423.99,
            "debt_ratio": 22.2,
            "inventory_turnover_ratio": 0.55,
            "account_receivable_turnover_ratio": null,
            "reinvestment_rate": -39.9,
            "research_to_sale_ratio": null,
            "price_fair": 32.4,
            "eps_avg_yearly": 0.93,
            "eps_latest_yearly": 2.76,
            "eps_growth_yearly": 1100.47
        },
        "20071": {
            "year_quarter": 20071,
            "year": 2007,
            "quarter": 1,
            "eps": 0.2,
            "eps_growth_year": 1900,
            "eps_4q": 1.43,
            "eps_4q_growth_year": 429.67,
            "roe": 1.63,
            "roe_4q": 13.19,
            "gross_profit": 65534,
            "gross_margin": 45.84,
            "gross_margin_4q_avg": 46.54,
            "net_income": 15260,
            "net_income_4q": null,
            "revenue": 142952,
            "revenue_4q": null,
            "common_shares": 799574,
            "book_valuer_per_share": 11.77,
            "book_valuer_per_share_4q_avg": 11.24,
            "equity": 941133,
            "current_ratio": 586.09,
            "debt_ratio": 16.44,
            "inventory_turnover_ratio": 0.38,
            "account_receivable_turnover_ratio": null,
            "reinvestment_rate": -28.16,
            "research_to_sale_ratio": null,
            "price_fair": 31.85,
            "eps_avg_yearly": 0.91,
            "eps_latest_yearly": 0.8,
            "eps_growth_yearly": 927.41
        },
        "20072": {
            "year_quarter": 20072,
            "year": 2007,
            "quarter": 2,
            "eps": 0.16,
            "eps_growth_year": -5.88,
            "eps_4q": 1.41,
            "eps_4q_growth_year": 221.25,
            "roe": 1.35,
            "roe_4q": 12.93,
            "gross_profit": 70975,
            "gross_margin": 46.58,
            "gross_margin_4q_avg": 47.42,
            "net_income": 12341,
            "net_income_4q": null,
            "revenue": 152363,
            "revenue_4q": null,
            "common_shares": 812177,
            "book_valuer_per_share": 10.88,
            "book_valuer_per_share_4q_avg": 11.29,
            "equity": 883833,
            "current_ratio": 342.92,
            "debt_ratio": 23.73,
            "inventory_turnover_ratio": 0.4,
            "account_receivable_turnover_ratio": null,
            "reinvestment_rate": 38.55,
            "research_to_sale_ratio": null,
            "price_fair": 30.8,
            "eps_avg_yearly": 0.88,
            "eps_latest_yearly": 0.64,
            "eps_growth_yearly": 815.47
        },
        "20073": {
            "year_quarter": 20073,
            "year": 2007,
            "quarter": 3,
            "eps": 0.49,
            "eps_growth_year": 6.52,
            "eps_4q": 1.47,
            "eps_4q_growth_year": 109.08,
            "roe": 4.2,
            "roe_4q": 12.9,
            "gross_profit": 91834,
            "gross_margin": 50.93,
            "gross_margin_4q_avg": 47.61,
            "net_income": 38208,
            "net_income_4q": null,
            "revenue": 180311,
            "revenue_4q": null,
            "common_shares": 821342,
            "book_valuer_per_share": 11.38,
            "book_valuer_per_share_4q_avg": 11.41,
            "equity": 934974,
            "current_ratio": 383.53,
            "debt_ratio": 23.82,
            "inventory_turnover_ratio": 0.43,
            "account_receivable_turnover_ratio": null,
            "reinvestment_rate": 61.4,
            "research_to_sale_ratio": null,
            "price_fair": 34.58,
            "eps_avg_yearly": 0.99,
            "eps_latest_yearly": 1.96,
            "eps_growth_yearly": 816.42
        },
        "20074": {
            "year_quarter": 20074,
            "year": 2007,
            "quarter": 4,
            "eps": -0.13,
            "eps_growth_year": -118.84,
            "eps_4q": 0.8,
            "eps_4q_growth_year": -39.81,
            "roe": -1.11,
            "roe_4q": 6.069999999999999,
            "gross_profit": 54110,
            "gross_margin": 45.53,
            "gross_margin_4q_avg": 47.22,
            "net_income": -10550,
            "net_income_4q": null,
            "revenue": 118845,
            "revenue_4q": null,
            "common_shares": 821553,
            "book_valuer_per_share": 11.38,
            "book_valuer_per_share_4q_avg": 11.35,
            "equity": 959727,
            "current_ratio": 651.81,
            "debt_ratio": 17.16,
            "inventory_turnover_ratio": 0.31,
            "account_receivable_turnover_ratio": null,
            "reinvestment_rate": 32.72,
            "research_to_sale_ratio": null,
            "price_fair": 38.11,
            "eps_avg_yearly": 1.09,
            "eps_latest_yearly": 1.96,
            "eps_growth_yearly": 933.81
        },
        "20081": {
            "year_quarter": 20081,
            "year": 2008,
            "quarter": 1,
            "eps": 0.09,
            "eps_growth_year": -55,
            "eps_4q": 0.62,
            "eps_4q_growth_year": -56.7,
            "roe": 0.73,
            "roe_4q": 5.17,
            "gross_profit": 74437,
            "gross_margin": 42.29,
            "gross_margin_4q_avg": 46.33,
            "net_income": 6947,
            "net_income_4q": null,
            "revenue": 176009,
            "revenue_4q": null,
            "common_shares": 821553,
            "book_valuer_per_share": 11.43,
            "book_valuer_per_share_4q_avg": 11.27,
            "equity": 953451,
            "current_ratio": 638.7,
            "debt_ratio": 17.31,
            "inventory_turnover_ratio": 0.5,
            "account_receivable_turnover_ratio": null,
            "reinvestment_rate": 71,
            "research_to_sale_ratio": null,
            "price_fair": 38.11,
            "eps_avg_yearly": 1.09,
            "eps_latest_yearly": 1.96,
            "eps_growth_yearly": 933.81
        },
        "20082": {
            "year_quarter": 20082,
            "year": 2008,
            "quarter": 2,
            "eps": 0.1,
            "eps_growth_year": -37.5,
            "eps_4q": 0.45,
            "eps_4q_growth_year": -68.27,
            "roe": 1.04,
            "roe_4q": 4.86,
            "gross_profit": 70117,
            "gross_margin": 41.63,
            "gross_margin_4q_avg": 45.1,
            "net_income": 9677,
            "net_income_4q": null,
            "revenue": 168434,
            "revenue_4q": null,
            "common_shares": 822108,
            "book_valuer_per_share": 10.84,
            "book_valuer_per_share_4q_avg": 11.26,
            "equity": 904101,
            "current_ratio": 375.48,
            "debt_ratio": 24.73,
            "inventory_turnover_ratio": 0.46,
            "account_receivable_turnover_ratio": null,
            "reinvestment_rate": 53.26,
            "research_to_sale_ratio": null,
            "price_fair": 35.7,
            "eps_avg_yearly": 1.02,
            "eps_latest_yearly": 0.4,
            "eps_growth_yearly": 844.87
        },
        "20083": {
            "year_quarter": 20083,
            "year": 2008,
            "quarter": 3,
            "eps": 0.37,
            "eps_growth_year": -24.49,
            "eps_4q": 0.44,
            "eps_4q_growth_year": -70.37,
            "roe": 3.26,
            "roe_4q": 3.919999999999999,
            "gross_profit": 90823,
            "gross_margin": 42.18,
            "gross_margin_4q_avg": 42.91,
            "net_income": 29949,
            "net_income_4q": null,
            "revenue": 215324,
            "revenue_4q": null,
            "common_shares": 822108,
            "book_valuer_per_share": 11.21,
            "book_valuer_per_share_4q_avg": 11.22,
            "equity": 935569,
            "current_ratio": 488.85,
            "debt_ratio": 20.25,
            "inventory_turnover_ratio": 0.55,
            "account_receivable_turnover_ratio": null,
            "reinvestment_rate": 49.35,
            "research_to_sale_ratio": null,
            "price_fair": 37.16,
            "eps_avg_yearly": 1.06,
            "eps_latest_yearly": 1.48,
            "eps_growth_yearly": 866.24
        },
        "20084": {
            "year_quarter": 20084,
            "year": 2008,
            "quarter": 4,
            "eps": -0.07,
            "eps_growth_year": null,
            "eps_4q": 0.5,
            "eps_4q_growth_year": -37.15,
            "roe": -0.7,
            "roe_4q": 4.33,
            "gross_profit": 58655,
            "gross_margin": 42.23,
            "gross_margin_4q_avg": 42.08,
            "net_income": -6453,
            "net_income_4q": null,
            "revenue": 138894,
            "revenue_4q": null,
            "common_shares": 792108,
            "book_valuer_per_share": 11.3,
            "book_valuer_per_share_4q_avg": 11.2,
            "equity": 908336,
            "current_ratio": 505.63,
            "debt_ratio": 19.12,
            "inventory_turnover_ratio": 0.36,
            "account_receivable_turnover_ratio": 1.84,
            "reinvestment_rate": 47.38,
            "research_to_sale_ratio": null,
            "price_fair": 37.16,
            "eps_avg_yearly": 1.06,
            "eps_latest_yearly": 1.48,
            "eps_growth_yearly": 866.24
        },
        "20091": {
            "year_quarter": 20091,
            "year": 2009,
            "quarter": 1,
            "eps": 0.18,
            "eps_growth_year": 100,
            "eps_4q": 0.62,
            "eps_4q_growth_year": -0.39,
            "roe": 1.49,
            "roe_4q": 5.09,
            "gross_profit": 71125,
            "gross_margin": 39.36,
            "gross_margin_4q_avg": 41.35,
            "net_income": 13628,
            "net_income_4q": null,
            "revenue": 180707,
            "revenue_4q": null,
            "common_shares": 792108,
            "book_valuer_per_share": 11.51,
            "book_valuer_per_share_4q_avg": 11.22,
            "equity": 925312,
            "current_ratio": 636.77,
            "debt_ratio": 16.32,
            "inventory_turnover_ratio": 0.54,
            "account_receivable_turnover_ratio": 1.18,
            "reinvestment_rate": 52.81,
            "research_to_sale_ratio": null,
            "price_fair": 37.16,
            "eps_avg_yearly": 1.06,
            "eps_latest_yearly": 1.48,
            "eps_growth_yearly": 866.24
        },
        "20092": {
            "year_quarter": 20092,
            "year": 2009,
            "quarter": 2,
            "eps": 0.21,
            "eps_growth_year": 110,
            "eps_4q": 0.73,
            "eps_4q_growth_year": 63.68,
            "roe": 1.7,
            "roe_4q": 5.75,
            "gross_profit": 73963,
            "gross_margin": 43.78,
            "gross_margin_4q_avg": 41.89,
            "net_income": 15674,
            "net_income_4q": null,
            "revenue": 168936,
            "revenue_4q": null,
            "common_shares": 792108,
            "book_valuer_per_share": 11.38,
            "book_valuer_per_share_4q_avg": 11.35,
            "equity": 913739,
            "current_ratio": 456.13,
            "debt_ratio": 19.84,
            "inventory_turnover_ratio": 0.53,
            "account_receivable_turnover_ratio": 1.15,
            "reinvestment_rate": 55.71,
            "research_to_sale_ratio": null,
            "price_fair": 36.52,
            "eps_avg_yearly": 1.04,
            "eps_latest_yearly": 0.84,
            "eps_growth_yearly": 799.61
        },
        "20093": {
            "year_quarter": 20093,
            "year": 2009,
            "quarter": 3,
            "eps": 0.22,
            "eps_growth_year": -40.54,
            "eps_4q": 0.54,
            "eps_4q_growth_year": 23.55,
            "roe": 1.87,
            "roe_4q": 4.36,
            "gross_profit": 82428,
            "gross_margin": 44.72,
            "gross_margin_4q_avg": 42.52,
            "net_income": 17205,
            "net_income_4q": null,
            "revenue": 184306,
            "revenue_4q": null,
            "common_shares": 792108,
            "book_valuer_per_share": 11.55,
            "book_valuer_per_share_4q_avg": 11.44,
            "equity": 926598,
            "current_ratio": 428.59,
            "debt_ratio": 20.77,
            "inventory_turnover_ratio": 0.58,
            "account_receivable_turnover_ratio": 1.34,
            "reinvestment_rate": 56.96,
            "research_to_sale_ratio": null,
            "price_fair": 36.63,
            "eps_avg_yearly": 1.05,
            "eps_latest_yearly": 0.88,
            "eps_growth_yearly": 694.53
        },
        "20094": {
            "year_quarter": 20094,
            "year": 2009,
            "quarter": 4,
            "eps": 0.09,
            "eps_growth_year": null,
            "eps_4q": 0.7,
            "eps_4q_growth_year": 39.05,
            "roe": 0.55,
            "roe_4q": 5.61,
            "gross_profit": 65440,
            "gross_margin": 39.04,
            "gross_margin_4q_avg": 41.73,
            "net_income": 5124,
            "net_income_4q": null,
            "revenue": 167611,
            "revenue_4q": null,
            "common_shares": 776397,
            "book_valuer_per_share": 11.93,
            "book_valuer_per_share_4q_avg": 11.59,
            "equity": 941457,
            "current_ratio": 554.3,
            "debt_ratio": 17.24,
            "inventory_turnover_ratio": 0.58,
            "account_receivable_turnover_ratio": 3.25,
            "reinvestment_rate": 49.73,
            "research_to_sale_ratio": null,
            "price_fair": 36.98,
            "eps_avg_yearly": 1.06,
            "eps_latest_yearly": 0.36,
            "eps_growth_yearly": 698.65
        },
        "20101": {
            "year_quarter": 20101,
            "year": 2010,
            "quarter": 1,
            "eps": 0.18,
            "eps_growth_year": 0,
            "eps_4q": 0.7,
            "eps_4q_growth_year": 13.99,
            "roe": 1.44,
            "roe_4q": 5.5600000000000005,
            "gross_profit": 76117,
            "gross_margin": 42.44,
            "gross_margin_4q_avg": 42.5,
            "net_income": 13660,
            "net_income_4q": null,
            "revenue": 179370,
            "revenue_4q": null,
            "common_shares": 781928,
            "book_valuer_per_share": 12.08,
            "book_valuer_per_share_4q_avg": 11.74,
            "equity": 954563,
            "current_ratio": 512.15,
            "debt_ratio": 18.18,
            "inventory_turnover_ratio": 0.57,
            "account_receivable_turnover_ratio": 1.49,
            "reinvestment_rate": 51.56,
            "research_to_sale_ratio": 18.72,
            "price_fair": 38.97,
            "eps_avg_yearly": 1.11,
            "eps_latest_yearly": 0.72,
            "eps_growth_yearly": 759.76
        },
        "20102": {
            "year_quarter": 20102,
            "year": 2010,
            "quarter": 2,
            "eps": 0.36,
            "eps_growth_year": 71.78,
            "eps_4q": 0.85,
            "eps_4q_growth_year": 16.05,
            "roe": 2.98,
            "roe_4q": 6.84,
            "gross_profit": 81649,
            "gross_margin": 44.81,
            "gross_margin_4q_avg": 42.75,
            "net_income": 28150,
            "net_income_4q": null,
            "revenue": 182193,
            "revenue_4q": null,
            "common_shares": 781948,
            "book_valuer_per_share": 11.83,
            "book_valuer_per_share_4q_avg": 11.85,
            "equity": 934913,
            "current_ratio": 410.17,
            "debt_ratio": 21.19,
            "inventory_turnover_ratio": 0.56,
            "account_receivable_turnover_ratio": 1.34,
            "reinvestment_rate": 59.54,
            "research_to_sale_ratio": 18.26,
            "price_fair": 41.18,
            "eps_avg_yearly": 1.18,
            "eps_latest_yearly": 1.44,
            "eps_growth_yearly": 259.76
        },
        "20103": {
            "year_quarter": 20103,
            "year": 2010,
            "quarter": 3,
            "eps": 0.1,
            "eps_growth_year": -56.16,
            "eps_4q": 0.73,
            "eps_4q_growth_year": 35.05,
            "roe": 0.76,
            "roe_4q": 5.7299999999999995,
            "gross_profit": 72111,
            "gross_margin": 36.1,
            "gross_margin_4q_avg": 40.6,
            "net_income": 7143,
            "net_income_4q": null,
            "revenue": 199775,
            "revenue_4q": null,
            "common_shares": 782226,
            "book_valuer_per_share": 11.94,
            "book_valuer_per_share_4q_avg": 11.95,
            "equity": 943273,
            "current_ratio": 520.6,
            "debt_ratio": 17.68,
            "inventory_turnover_ratio": 0.77,
            "account_receivable_turnover_ratio": 1.39,
            "reinvestment_rate": 78.17,
            "research_to_sale_ratio": 17.77,
            "price_fair": 36.98,
            "eps_avg_yearly": 1.06,
            "eps_latest_yearly": 0.4,
            "eps_growth_yearly": 178.82
        },
        "20104": {
            "year_quarter": 20104,
            "year": 2010,
            "quarter": 4,
            "eps": -0.08,
            "eps_growth_year": -184.15,
            "eps_4q": 0.56,
            "eps_4q_growth_year": -20.38,
            "roe": -0.47,
            "roe_4q": 4.71,
            "gross_profit": 69994,
            "gross_margin": 37.68,
            "gross_margin_4q_avg": 40.26,
            "net_income": -4390,
            "net_income_4q": null,
            "revenue": 185779,
            "revenue_4q": null,
            "common_shares": 782226,
            "book_valuer_per_share": 11.83,
            "book_valuer_per_share_4q_avg": 11.92,
            "equity": 935580,
            "current_ratio": 519.71,
            "debt_ratio": 17.34,
            "inventory_turnover_ratio": 0.75,
            "account_receivable_turnover_ratio": 1.41,
            "reinvestment_rate": 72.26,
            "research_to_sale_ratio": 18.64,
            "price_fair": 31.56,
            "eps_avg_yearly": 0.9,
            "eps_latest_yearly": 0.4,
            "eps_growth_yearly": 176.9
        },
        "20111": {
            "year_quarter": 20111,
            "year": 2011,
            "quarter": 1,
            "eps": 0.11,
            "eps_growth_year": -38.89,
            "eps_4q": 0.49,
            "eps_4q_growth_year": -30.3,
            "roe": 0.84,
            "roe_4q": 4.109999999999999,
            "gross_profit": 66709,
            "gross_margin": 36.49,
            "gross_margin_4q_avg": 38.77,
            "net_income": 7927,
            "net_income_4q": null,
            "revenue": 182824,
            "revenue_4q": null,
            "common_shares": 782226,
            "book_valuer_per_share": 11.96,
            "book_valuer_per_share_4q_avg": 11.89,
            "equity": 945432,
            "current_ratio": 485.12,
            "debt_ratio": 18.11,
            "inventory_turnover_ratio": 0.72,
            "account_receivable_turnover_ratio": 1.53,
            "reinvestment_rate": 83.8,
            "research_to_sale_ratio": 20.72,
            "price_fair": 31.92,
            "eps_avg_yearly": 0.91,
            "eps_latest_yearly": 0.4,
            "eps_growth_yearly": 222.99
        },
        "20112": {
            "year_quarter": 20112,
            "year": 2011,
            "quarter": 2,
            "eps": -0.3,
            "eps_growth_year": -182.94,
            "eps_4q": -0.17,
            "eps_4q_growth_year": -120.03,
            "roe": -2.63,
            "roe_4q": -1.4999999999999998,
            "gross_profit": 62530,
            "gross_margin": 38.66,
            "gross_margin_4q_avg": 37.23,
            "net_income": -23945,
            "net_income_4q": null,
            "revenue": 161730,
            "revenue_4q": null,
            "common_shares": 782226,
            "book_valuer_per_share": 11.05,
            "book_valuer_per_share_4q_avg": 11.7,
            "equity": 872066,
            "current_ratio": 407.25,
            "debt_ratio": 21.2,
            "inventory_turnover_ratio": 0.6,
            "account_receivable_turnover_ratio": 1.5,
            "reinvestment_rate": 48.66,
            "research_to_sale_ratio": 23.64,
            "price_fair": 32.98,
            "eps_avg_yearly": 0.94,
            "eps_latest_yearly": 0.4,
            "eps_growth_yearly": 256.66
        },
        "20113": {
            "year_quarter": 20113,
            "year": 2011,
            "quarter": 3,
            "eps": -0.19,
            "eps_growth_year": -297.22,
            "eps_4q": -0.47,
            "eps_4q_growth_year": -165.31,
            "roe": -1.69,
            "roe_4q": -3.95,
            "gross_profit": 42239,
            "gross_margin": 33.71,
            "gross_margin_4q_avg": 36.64,
            "net_income": -14204,
            "net_income_4q": null,
            "revenue": 125293,
            "revenue_4q": null,
            "common_shares": 782226,
            "book_valuer_per_share": 10.95,
            "book_valuer_per_share_4q_avg": 11.45,
            "equity": 812351,
            "current_ratio": 411.58,
            "debt_ratio": 20.63,
            "inventory_turnover_ratio": 0.48,
            "account_receivable_turnover_ratio": 1.31,
            "reinvestment_rate": 55.83,
            "research_to_sale_ratio": 28.79,
            "price_fair": 28.53,
            "eps_avg_yearly": 0.82,
            "eps_latest_yearly": 0.4,
            "eps_growth_yearly": 185.61
        },
        "20114": {
            "year_quarter": 20114,
            "year": 2011,
            "quarter": 4,
            "eps": -0.2,
            "eps_growth_year": null,
            "eps_4q": -0.6,
            "eps_4q_growth_year": -207.79,
            "roe": -1.77,
            "roe_4q": -5.25,
            "gross_profit": 85034,
            "gross_margin": 42.98,
            "gross_margin_4q_avg": 37.96,
            "net_income": -14186,
            "net_income_4q": null,
            "revenue": 197831,
            "revenue_4q": null,
            "common_shares": 728856,
            "book_valuer_per_share": 10.7,
            "book_valuer_per_share_4q_avg": 11.17,
            "equity": 787950,
            "current_ratio": 474.17,
            "debt_ratio": 19.15,
            "inventory_turnover_ratio": 0.67,
            "account_receivable_turnover_ratio": 1.69,
            "reinvestment_rate": -0.07,
            "research_to_sale_ratio": 17.53,
            "price_fair": 28.53,
            "eps_avg_yearly": 0.82,
            "eps_latest_yearly": 0.4,
            "eps_growth_yearly": 185.61
        },
        "20121": {
            "year_quarter": 20121,
            "year": 2012,
            "quarter": 1,
            "eps": 0.17,
            "eps_growth_year": 54.55,
            "eps_4q": -0.55,
            "eps_4q_growth_year": -213.01,
            "roe": 1.52,
            "roe_4q": -4.57,
            "gross_profit": 74503,
            "gross_margin": 47.32,
            "gross_margin_4q_avg": 40.67,
            "net_income": 12043,
            "net_income_4q": null,
            "revenue": 157449,
            "revenue_4q": null,
            "common_shares": 728856,
            "book_valuer_per_share": 10.94,
            "book_valuer_per_share_4q_avg": 10.91,
            "equity": 795901,
            "current_ratio": 535.92,
            "debt_ratio": 17.63,
            "inventory_turnover_ratio": 0.55,
            "account_receivable_turnover_ratio": 1.33,
            "reinvestment_rate": -4.32,
            "research_to_sale_ratio": 21.68,
            "price_fair": 28.53,
            "eps_avg_yearly": 0.82,
            "eps_latest_yearly": 0.4,
            "eps_growth_yearly": 185.61
        },
        "20122": {
            "year_quarter": 20122,
            "year": 2012,
            "quarter": 2,
            "eps": -0.16,
            "eps_growth_year": null,
            "eps_4q": -0.39,
            "eps_4q_growth_year": null,
            "roe": -1.55,
            "roe_4q": -3.49,
            "gross_profit": 47288,
            "gross_margin": 37.63,
            "gross_margin_4q_avg": 40.41,
            "net_income": -12157,
            "net_income_4q": null,
            "revenue": 125651,
            "revenue_4q": null,
            "common_shares": 709206,
            "book_valuer_per_share": 10.8,
            "book_valuer_per_share_4q_avg": 10.85,
            "equity": 772742,
            "current_ratio": 492.77,
            "debt_ratio": 19.57,
            "inventory_turnover_ratio": 0.46,
            "account_receivable_turnover_ratio": 1.22,
            "reinvestment_rate": -18.87,
            "research_to_sale_ratio": 28.07,
            "price_fair": 30.6,
            "eps_avg_yearly": 0.87,
            "eps_latest_yearly": 0.4,
            "eps_growth_yearly": 205.78
        },
        "20123": {
            "year_quarter": 20123,
            "year": 2012,
            "quarter": 3,
            "eps": 0.38,
            "eps_growth_year": null,
            "eps_4q": 0.18,
            "eps_4q_growth_year": null,
            "roe": 3.44,
            "roe_4q": 1.6400000000000001,
            "gross_profit": 62655,
            "gross_margin": 37.95,
            "gross_margin_4q_avg": 41.47,
            "net_income": 27017,
            "net_income_4q": null,
            "revenue": 165087,
            "revenue_4q": null,
            "common_shares": 709206,
            "book_valuer_per_share": 11.17,
            "book_valuer_per_share_4q_avg": 10.9,
            "equity": 799166,
            "current_ratio": 587.02,
            "debt_ratio": 17.02,
            "inventory_turnover_ratio": 0.59,
            "account_receivable_turnover_ratio": 1.69,
            "reinvestment_rate": 16.12,
            "research_to_sale_ratio": 19.87,
            "price_fair": 27.07,
            "eps_avg_yearly": 0.77,
            "eps_latest_yearly": 0.4,
            "eps_growth_yearly": 60.08
        },
        "20124": {
            "year_quarter": 20124,
            "year": 2012,
            "quarter": 4,
            "eps": 0.28,
            "eps_growth_year": null,
            "eps_4q": 0.67,
            "eps_4q_growth_year": null,
            "roe": 2.52,
            "roe_4q": 5.93,
            "gross_profit": 83484,
            "gross_margin": 48.75,
            "gross_margin_4q_avg": 42.91,
            "net_income": 20449,
            "net_income_4q": null,
            "revenue": 171240,
            "revenue_4q": null,
            "common_shares": 709206,
            "book_valuer_per_share": 11.49,
            "book_valuer_per_share_4q_avg": 11.1,
            "equity": 822008,
            "current_ratio": 664.51,
            "debt_ratio": 15.75,
            "inventory_turnover_ratio": 0.58,
            "account_receivable_turnover_ratio": 1.86,
            "reinvestment_rate": -40.31,
            "research_to_sale_ratio": 18.76,
            "price_fair": 28.8,
            "eps_avg_yearly": 0.82,
            "eps_latest_yearly": 1.12,
            "eps_growth_yearly": 36.46
        },
        "20131": {
            "year_quarter": 20131,
            "year": 2013,
            "quarter": 1,
            "eps": 0.13,
            "eps_growth_year": -23.53,
            "eps_4q": 0.63,
            "eps_4q_growth_year": null,
            "roe": 1.04,
            "roe_4q": 5.45,
            "gross_profit": 65597,
            "gross_margin": 45.06,
            "gross_margin_4q_avg": 42.35,
            "net_income": 8455,
            "net_income_4q": null,
            "revenue": 145583,
            "revenue_4q": null,
            "common_shares": 709206,
            "book_valuer_per_share": 11.26,
            "book_valuer_per_share_4q_avg": 11.18,
            "equity": 805127,
            "current_ratio": 546.97,
            "debt_ratio": 20.5,
            "inventory_turnover_ratio": 0.54,
            "account_receivable_turnover_ratio": 1.57,
            "reinvestment_rate": -47.52,
            "research_to_sale_ratio": 22.19,
            "price_fair": 11.86,
            "eps_avg_yearly": 0.79,
            "eps_latest_yearly": 0.52,
            "eps_growth_yearly": 5.11
        },
        "20132": {
            "year_quarter": 20132,
            "year": 2013,
            "quarter": 2,
            "eps": 0.08,
            "eps_growth_year": null,
            "eps_4q": 0.87,
            "eps_4q_growth_year": null,
            "roe": 0.64,
            "roe_4q": 7.640000000000001,
            "gross_profit": 59365,
            "gross_margin": 39.41,
            "gross_margin_4q_avg": 42.79,
            "net_income": 5046,
            "net_income_4q": null,
            "revenue": 150645,
            "revenue_4q": null,
            "common_shares": 709206,
            "book_valuer_per_share": 10.74,
            "book_valuer_per_share_4q_avg": 11.17,
            "equity": 768336,
            "current_ratio": 352.51,
            "debt_ratio": 27.41,
            "inventory_turnover_ratio": 0.55,
            "account_receivable_turnover_ratio": 1.12,
            "reinvestment_rate": -70.55,
            "research_to_sale_ratio": 21.48,
            "price_fair": 2.16,
            "eps_avg_yearly": 0.72,
            "eps_latest_yearly": 0.32,
            "eps_growth_yearly": -22.45
        },
        "20133": {
            "year_quarter": 20133,
            "year": 2013,
            "quarter": 3,
            "eps": 0.2,
            "eps_growth_year": -47.36,
            "eps_4q": 0.68,
            "eps_4q_growth_year": 273.19,
            "roe": 1.73,
            "roe_4q": 5.93,
            "gross_profit": 70781,
            "gross_margin": 46.95,
            "gross_margin_4q_avg": 45.04,
            "net_income": 13439,
            "net_income_4q": null,
            "revenue": 150760,
            "revenue_4q": null,
            "common_shares": 709206,
            "book_valuer_per_share": 10.97,
            "book_valuer_per_share_4q_avg": 11.12,
            "equity": 783646,
            "current_ratio": 478.59,
            "debt_ratio": 21.45,
            "inventory_turnover_ratio": 0.43,
            "account_receivable_turnover_ratio": 1.14,
            "reinvestment_rate": -74.74,
            "research_to_sale_ratio": 20.57,
            "price_fair": 24.85,
            "eps_avg_yearly": 0.71,
            "eps_latest_yearly": 0.8,
            "eps_growth_yearly": 50.17
        },
        "20134": {
            "year_quarter": 20134,
            "year": 2013,
            "quarter": 4,
            "eps": 0.16,
            "eps_growth_year": -41.77,
            "eps_4q": 0.57,
            "eps_4q_growth_year": -15.72,
            "roe": 1.47,
            "roe_4q": 4.880000000000001,
            "gross_profit": 70249,
            "gross_margin": 44.8,
            "gross_margin_4q_avg": 44.06,
            "net_income": 11631,
            "net_income_4q": null,
            "revenue": 156815,
            "revenue_4q": null,
            "common_shares": 709206,
            "book_valuer_per_share": 11.14,
            "book_valuer_per_share_4q_avg": 11.03,
            "equity": 796016,
            "current_ratio": 622.58,
            "debt_ratio": 19.41,
            "inventory_turnover_ratio": 0.48,
            "account_receivable_turnover_ratio": 1.51,
            "reinvestment_rate": -34.63,
            "research_to_sale_ratio": 22.16,
            "price_fair": 26.08,
            "eps_avg_yearly": 0.75,
            "eps_latest_yearly": 0.64,
            "eps_growth_yearly": 69.71
        },
        "20141": {
            "year_quarter": 20141,
            "year": 2014,
            "quarter": 1,
            "eps": 0.08,
            "eps_growth_year": -38.46,
            "eps_4q": 0.52,
            "eps_4q_growth_year": -17.34,
            "roe": 0.77,
            "roe_4q": 4.61,
            "gross_profit": 61404,
            "gross_margin": 55.56,
            "gross_margin_4q_avg": 46.68,
            "net_income": 6150,
            "net_income_4q": null,
            "revenue": 110520,
            "revenue_4q": null,
            "common_shares": 709206,
            "book_valuer_per_share": 11.15,
            "book_valuer_per_share_4q_avg": 11,
            "equity": 797821,
            "current_ratio": 653.51,
            "debt_ratio": 18.79,
            "inventory_turnover_ratio": 0.29,
            "account_receivable_turnover_ratio": 1.18,
            "reinvestment_rate": -40.84,
            "research_to_sale_ratio": 30.83,
            "price_fair": 2.09,
            "eps_avg_yearly": 0.7,
            "eps_latest_yearly": 0.32,
            "eps_growth_yearly": -5.29
        },
        "20142": {
            "year_quarter": 20142,
            "year": 2014,
            "quarter": 2,
            "eps": -0.15,
            "eps_growth_year": -287.5,
            "eps_4q": 0.29,
            "eps_4q_growth_year": -66.49,
            "roe": -1.36,
            "roe_4q": 2.61,
            "gross_profit": 45868,
            "gross_margin": 33.85,
            "gross_margin_4q_avg": 45.29,
            "net_income": -10641,
            "net_income_4q": null,
            "revenue": 135508,
            "revenue_4q": null,
            "common_shares": 709206,
            "book_valuer_per_share": 10.75,
            "book_valuer_per_share_4q_avg": 11,
            "equity": 769154,
            "current_ratio": 448.35,
            "debt_ratio": 23.34,
            "inventory_turnover_ratio": 0.51,
            "account_receivable_turnover_ratio": 1.64,
            "reinvestment_rate": -93.07,
            "research_to_sale_ratio": 22.59,
            "price_fair": 1.77,
            "eps_avg_yearly": 0.59,
            "eps_latest_yearly": 0.32,
            "eps_growth_yearly": -63.18
        },
        "20143": {
            "year_quarter": 20143,
            "year": 2014,
            "quarter": 3,
            "eps": 0.01,
            "eps_growth_year": -95,
            "eps_4q": 0.1,
            "eps_4q_growth_year": -84.75,
            "roe": 0.06,
            "roe_4q": 0.94,
            "gross_profit": 58909,
            "gross_margin": 40.38,
            "gross_margin_4q_avg": 43.65,
            "net_income": 424,
            "net_income_4q": null,
            "revenue": 145870,
            "revenue_4q": null,
            "common_shares": 709206,
            "book_valuer_per_share": 10.77,
            "book_valuer_per_share_4q_avg": 10.95,
            "equity": 770402,
            "current_ratio": 528.16,
            "debt_ratio": 21.17,
            "inventory_turnover_ratio": 0.48,
            "account_receivable_turnover_ratio": 1.6,
            "reinvestment_rate": -206.28,
            "research_to_sale_ratio": 23.59,
            "price_fair": 1.86,
            "eps_avg_yearly": 0.62,
            "eps_latest_yearly": 0.32,
            "eps_growth_yearly": -25.57
        },
        "20144": {
            "year_quarter": 20144,
            "year": 2014,
            "quarter": 4,
            "eps": 0.23,
            "eps_growth_year": 43.24,
            "eps_4q": 0.17,
            "eps_4q_growth_year": -69.24,
            "roe": 2.07,
            "roe_4q": 1.5399999999999998,
            "gross_profit": 77877,
            "gross_margin": 55.45,
            "gross_margin_4q_avg": 46.31,
            "net_income": 16171,
            "net_income_4q": null,
            "revenue": 140455,
            "revenue_4q": null,
            "common_shares": 709206,
            "book_valuer_per_share": 11.03,
            "book_valuer_per_share_4q_avg": 10.93,
            "equity": 788879,
            "current_ratio": 466.39,
            "debt_ratio": 22.65,
            "inventory_turnover_ratio": 0.32,
            "account_receivable_turnover_ratio": 1.4,
            "reinvestment_rate": -59.55,
            "research_to_sale_ratio": 25.17,
            "price_fair": 23.2,
            "eps_avg_yearly": 0.66,
            "eps_latest_yearly": 0.92,
            "eps_growth_yearly": 1235.23
        },
        "20151": {
            "year_quarter": 20151,
            "year": 2015,
            "quarter": 1,
            "eps": -0.12,
            "eps_growth_year": -250,
            "eps_4q": -0.03,
            "eps_4q_growth_year": -106.59,
            "roe": -1.19,
            "roe_4q": -0.42000000000000015,
            "gross_profit": 54511,
            "gross_margin": 44.39,
            "gross_margin_4q_avg": 43.52,
            "net_income": -9294,
            "net_income_4q": null,
            "revenue": 122792,
            "revenue_4q": null,
            "common_shares": 709206,
            "book_valuer_per_share": 10.88,
            "book_valuer_per_share_4q_avg": 10.86,
            "equity": 777364,
            "current_ratio": 494.71,
            "debt_ratio": 21.61,
            "inventory_turnover_ratio": 0.32,
            "account_receivable_turnover_ratio": 1.17,
            "reinvestment_rate": -65.73,
            "research_to_sale_ratio": 29.2,
            "price_fair": 23.2,
            "eps_avg_yearly": 0.66,
            "eps_latest_yearly": 0.92,
            "eps_growth_yearly": 1235.23
        },
        "20152": {
            "year_quarter": 20152,
            "year": 2015,
            "quarter": 2,
            "eps": -0.06,
            "eps_growth_year": null,
            "eps_4q": 0.06,
            "eps_4q_growth_year": -78.89,
            "roe": -0.57,
            "roe_4q": 0.37000000000000005,
            "gross_profit": 55610,
            "gross_margin": 47.2,
            "gross_margin_4q_avg": 46.86,
            "net_income": -4386,
            "net_income_4q": null,
            "revenue": 117819,
            "revenue_4q": null,
            "common_shares": 709206,
            "book_valuer_per_share": 10.64,
            "book_valuer_per_share_4q_avg": 10.83,
            "equity": 759699,
            "current_ratio": 473.26,
            "debt_ratio": 22.08,
            "inventory_turnover_ratio": 0.28,
            "account_receivable_turnover_ratio": 1.19,
            "reinvestment_rate": -32,
            "research_to_sale_ratio": 27.8,
            "price_fair": 23.2,
            "eps_avg_yearly": 0.66,
            "eps_latest_yearly": 0.92,
            "eps_growth_yearly": 1235.23
        },
        "20153": {
            "year_quarter": 20153,
            "year": 2015,
            "quarter": 3,
            "eps": -0.06,
            "eps_growth_year": -700,
            "eps_4q": -0.01,
            "eps_4q_growth_year": -111.86,
            "roe": -0.85,
            "roe_4q": -0.54,
            "gross_profit": 49095,
            "gross_margin": 54.93,
            "gross_margin_4q_avg": 50.49,
            "net_income": -6459,
            "net_income_4q": null,
            "revenue": 89376,
            "revenue_4q": null,
            "common_shares": 709206,
            "book_valuer_per_share": 10.58,
            "book_valuer_per_share_4q_avg": 10.78,
            "equity": 753513,
            "current_ratio": 655.46,
            "debt_ratio": 18.08,
            "inventory_turnover_ratio": 0.18,
            "account_receivable_turnover_ratio": 1.1,
            "reinvestment_rate": -76.41,
            "research_to_sale_ratio": 35.17,
            "price_fair": 23.2,
            "eps_avg_yearly": 0.66,
            "eps_latest_yearly": 0.92,
            "eps_growth_yearly": 1235.23
        },
        "20154": {
            "year_quarter": 20154,
            "year": 2015,
            "quarter": 4,
            "eps": 0.07,
            "eps_growth_year": -71.77,
            "eps_4q": -0.18,
            "eps_4q_growth_year": -202.79,
            "roe": 0.41,
            "roe_4q": -2.2,
            "gross_profit": 66512,
            "gross_margin": 50.67,
            "gross_margin_4q_avg": 49.3,
            "net_income": 3112,
            "net_income_4q": null,
            "revenue": 131268,
            "revenue_4q": null,
            "common_shares": 709206,
            "book_valuer_per_share": 10.61,
            "book_valuer_per_share_4q_avg": 10.68,
            "equity": 754353,
            "current_ratio": 651.9,
            "debt_ratio": 18.32,
            "inventory_turnover_ratio": 0.28,
            "account_receivable_turnover_ratio": 1.42,
            "reinvestment_rate": -17.82,
            "research_to_sale_ratio": 25.53,
            "price_fair": 23.2,
            "eps_avg_yearly": 0.66,
            "eps_latest_yearly": 0.92,
            "eps_growth_yearly": 1235.23
        },
        "20161": {
            "year_quarter": 20161,
            "year": 2016,
            "quarter": 1,
            "eps": 0.05,
            "eps_growth_year": null,
            "eps_4q": -0,
            "eps_4q_growth_year": null,
            "roe": 0.5,
            "roe_4q": -0.51,
            "gross_profit": 63369,
            "gross_margin": 48.43,
            "gross_margin_4q_avg": 50.31,
            "net_income": 3773,
            "net_income_4q": null,
            "revenue": 130851,
            "revenue_4q": null,
            "common_shares": 709206,
            "book_valuer_per_share": 10.66,
            "book_valuer_per_share_4q_avg": 10.62,
            "equity": 758194,
            "current_ratio": 715.64,
            "debt_ratio": 17.26,
            "inventory_turnover_ratio": 0.31,
            "account_receivable_turnover_ratio": 1.12,
            "reinvestment_rate": -15.06,
            "research_to_sale_ratio": 24.45,
            "price_fair": 21.18,
            "eps_avg_yearly": 0.61,
            "eps_latest_yearly": 0.2,
            "eps_growth_yearly": 1066.54
        },
        "20162": {
            "year_quarter": 20162,
            "year": 2016,
            "quarter": 2,
            "eps": 0.06,
            "eps_growth_year": null,
            "eps_4q": 0.12,
            "eps_4q_growth_year": 88.7,
            "roe": 0.59,
            "roe_4q": 0.6499999999999998,
            "gross_profit": 60453,
            "gross_margin": 52.69,
            "gross_margin_4q_avg": 51.68,
            "net_income": 4499,
            "net_income_4q": null,
            "revenue": 114734,
            "revenue_4q": null,
            "common_shares": 709206,
            "book_valuer_per_share": 10.73,
            "book_valuer_per_share_4q_avg": 10.65,
            "equity": 762836,
            "current_ratio": 725.14,
            "debt_ratio": 17.07,
            "inventory_turnover_ratio": 0.27,
            "account_receivable_turnover_ratio": 1.09,
            "reinvestment_rate": -9.26,
            "research_to_sale_ratio": 27.67,
            "price_fair": 19.76,
            "eps_avg_yearly": 0.56,
            "eps_latest_yearly": 0.24,
            "eps_growth_yearly": 956.92
        },
        "20163": {
            "year_quarter": 20163,
            "year": 2016,
            "quarter": 3,
            "eps": 0.14,
            "eps_growth_year": null,
            "eps_4q": 0.32,
            "eps_4q_growth_year": null,
            "roe": 1.23,
            "roe_4q": 2.73,
            "gross_profit": 67952,
            "gross_margin": 53.06,
            "gross_margin_4q_avg": 51.21,
            "net_income": 9404,
            "net_income_4q": null,
            "revenue": 128063,
            "revenue_4q": null,
            "common_shares": 709206,
            "book_valuer_per_share": 10.84,
            "book_valuer_per_share_4q_avg": 10.71,
            "equity": 770395,
            "current_ratio": 603.01,
            "debt_ratio": 18.86,
            "inventory_turnover_ratio": 0.31,
            "account_receivable_turnover_ratio": 1.24,
            "reinvestment_rate": -59.3,
            "research_to_sale_ratio": 26.58,
            "price_fair": 19.74,
            "eps_avg_yearly": 0.56,
            "eps_latest_yearly": 0.56,
            "eps_growth_yearly": 914.57
        },
        "20164": {
            "year_quarter": 20164,
            "year": 2016,
            "quarter": 4,
            "eps": 0.14,
            "eps_growth_year": 115.89,
            "eps_4q": 0.4,
            "eps_4q_growth_year": null,
            "roe": 1.23,
            "roe_4q": 3.55,
            "gross_profit": 45096,
            "gross_margin": 33.13,
            "gross_margin_4q_avg": 46.83,
            "net_income": 9532,
            "net_income_4q": null,
            "revenue": 136132,
            "revenue_4q": null,
            "common_shares": 709206,
            "book_valuer_per_share": 11,
            "book_valuer_per_share_4q_avg": 10.81,
            "equity": 780983,
            "current_ratio": 633.77,
            "debt_ratio": 18.03,
            "inventory_turnover_ratio": 0.49,
            "account_receivable_turnover_ratio": 1.34,
            "reinvestment_rate": -12.6,
            "research_to_sale_ratio": 23.04,
            "price_fair": 17.78,
            "eps_avg_yearly": 0.51,
            "eps_latest_yearly": 0.56,
            "eps_growth_yearly": 925.09
        },
        "20171": {
            "year_quarter": 20171,
            "year": 2017,
            "quarter": 1,
            "eps": -0.27,
            "eps_growth_year": -640,
            "eps_4q": 0.08,
            "eps_4q_growth_year": null,
            "roe": -2.47,
            "roe_4q": 0.5799999999999997,
            "gross_profit": 38344,
            "gross_margin": 47.1,
            "gross_margin_4q_avg": 46.5,
            "net_income": -19039,
            "net_income_4q": null,
            "revenue": 81412,
            "revenue_4q": null,
            "common_shares": 709206,
            "book_valuer_per_share": 10.7,
            "book_valuer_per_share_4q_avg": 10.82,
            "equity": 759856,
            "current_ratio": 808.71,
            "debt_ratio": 15.53,
            "inventory_turnover_ratio": 0.24,
            "account_receivable_turnover_ratio": 1.08,
            "reinvestment_rate": -23.13,
            "research_to_sale_ratio": 39.44,
            "price_fair": 17.73,
            "eps_avg_yearly": 0.51,
            "eps_latest_yearly": 0.56,
            "eps_growth_yearly": 1051.69
        },
        "20172": {
            "year_quarter": 20172,
            "year": 2017,
            "quarter": 2,
            "eps": 0.18,
            "eps_growth_year": 200,
            "eps_4q": 0.2,
            "eps_4q_growth_year": 71.51,
            "roe": 1.72,
            "roe_4q": 1.7099999999999997,
            "gross_profit": 68226,
            "gross_margin": 50.35,
            "gross_margin_4q_avg": 45.91,
            "net_income": 12990,
            "net_income_4q": null,
            "revenue": 135505,
            "revenue_4q": null,
            "common_shares": 709206,
            "book_valuer_per_share": 10.63,
            "book_valuer_per_share_4q_avg": 10.79,
            "equity": 754277,
            "current_ratio": 496.66,
            "debt_ratio": 20.87,
            "inventory_turnover_ratio": 0.35,
            "account_receivable_turnover_ratio": 2.2,
            "reinvestment_rate": -24.33,
            "research_to_sale_ratio": 23.25,
            "price_fair": 18.55,
            "eps_avg_yearly": 0.53,
            "eps_latest_yearly": 0.56,
            "eps_growth_yearly": 1202.38
        },
        "20173": {
            "year_quarter": 20173,
            "year": 2017,
            "quarter": 3,
            "eps": -0.03,
            "eps_growth_year": -121.43,
            "eps_4q": 0.03,
            "eps_4q_growth_year": -90.79,
            "roe": -0.28,
            "roe_4q": 0.19999999999999973,
            "gross_profit": 50667,
            "gross_margin": 44.83,
            "gross_margin_4q_avg": 43.85,
            "net_income": -2075,
            "net_income_4q": null,
            "revenue": 113011,
            "revenue_4q": null,
            "common_shares": 709206,
            "book_valuer_per_share": 10.6,
            "book_valuer_per_share_4q_avg": 10.73,
            "equity": 752538,
            "current_ratio": 570.97,
            "debt_ratio": 18.85,
            "inventory_turnover_ratio": 0.3,
            "account_receivable_turnover_ratio": 1.58,
            "reinvestment_rate": -53.92,
            "research_to_sale_ratio": 27.23,
            "price_fair": 17.2,
            "eps_avg_yearly": 0.49,
            "eps_latest_yearly": 0.56,
            "eps_growth_yearly": 1288.44
        },
        "20174": {
            "year_quarter": 20174,
            "year": 2017,
            "quarter": 4,
            "eps": 0.33,
            "eps_growth_year": 132.46,
            "eps_4q": 0.22,
            "eps_4q_growth_year": -45.21,
            "roe": 2.97,
            "roe_4q": 1.94,
            "gross_profit": 82844,
            "gross_margin": 41.82,
            "gross_margin_4q_avg": 46.03,
            "net_income": 22660,
            "net_income_4q": null,
            "revenue": 198098,
            "revenue_4q": null,
            "common_shares": 709206,
            "book_valuer_per_share": 10.87,
            "book_valuer_per_share_4q_avg": 10.7,
            "equity": 771256,
            "current_ratio": 564.25,
            "debt_ratio": 19.2,
            "inventory_turnover_ratio": 0.56,
            "account_receivable_turnover_ratio": 1.7,
            "reinvestment_rate": -120.78,
            "research_to_sale_ratio": 16.77,
            "price_fair": 16.33,
            "eps_avg_yearly": 0.47,
            "eps_latest_yearly": 0.56,
            "eps_growth_yearly": 1516.51
        },
        "20181": {
            "year_quarter": 20181,
            "year": 2018,
            "quarter": 1,
            "eps": -0.13,
            "eps_growth_year": null,
            "eps_4q": 0.36,
            "eps_4q_growth_year": 351.96,
            "roe": -1.18,
            "roe_4q": 3.2300000000000004,
            "gross_profit": 46178,
            "gross_margin": 48.2,
            "gross_margin_4q_avg": 46.3,
            "net_income": -9035,
            "net_income_4q": null,
            "revenue": 95800,
            "revenue_4q": null,
            "common_shares": 709206,
            "book_valuer_per_share": 10.75,
            "book_valuer_per_share_4q_avg": 10.71,
            "equity": 762062,
            "current_ratio": 528.27,
            "debt_ratio": 18.85,
            "inventory_turnover_ratio": 0.24,
            "account_receivable_turnover_ratio": 0.91,
            "reinvestment_rate": -152,
            "research_to_sale_ratio": 33.31,
            "price_fair": 17.36,
            "eps_avg_yearly": 0.5,
            "eps_latest_yearly": 0.56,
            "eps_growth_yearly": 1859.81
        },
        "20182": {
            "year_quarter": 20182,
            "year": 2018,
            "quarter": 2,
            "eps": -0.14,
            "eps_growth_year": -177.78,
            "eps_4q": 0.04,
            "eps_4q_growth_year": -81.68,
            "roe": -1.29,
            "roe_4q": 0.22000000000000042,
            "gross_profit": 39955,
            "gross_margin": 33.67,
            "gross_margin_4q_avg": 42.13,
            "net_income": -9731,
            "net_income_4q": null,
            "revenue": 118675,
            "revenue_4q": null,
            "common_shares": 709206,
            "book_valuer_per_share": 10.49,
            "book_valuer_per_share_4q_avg": 10.68,
            "equity": 743780,
            "current_ratio": 559.48,
            "debt_ratio": 18.11,
            "inventory_turnover_ratio": 0.35,
            "account_receivable_turnover_ratio": 1.82,
            "reinvestment_rate": -140.42,
            "research_to_sale_ratio": 26.67,
            "price_fair": 17.36,
            "eps_avg_yearly": 0.5,
            "eps_latest_yearly": 0.56,
            "eps_growth_yearly": 1859.81
        },
        "20183": {
            "year_quarter": 20183,
            "year": 2018,
            "quarter": 3,
            "eps": 0.03,
            "eps_growth_year": null,
            "eps_4q": 0.09,
            "eps_4q_growth_year": 209.53,
            "roe": 0.24,
            "roe_4q": 0.7400000000000002,
            "gross_profit": 53480,
            "gross_margin": 40.79,
            "gross_margin_4q_avg": 41.12,
            "net_income": 1812,
            "net_income_4q": null,
            "revenue": 131125,
            "revenue_4q": null,
            "common_shares": 709206,
            "book_valuer_per_share": 10.51,
            "book_valuer_per_share_4q_avg": 10.66,
            "equity": 745419,
            "current_ratio": 378.97,
            "debt_ratio": 24.41,
            "inventory_turnover_ratio": 0.29,
            "account_receivable_turnover_ratio": 1.51,
            "reinvestment_rate": -101.2,
            "research_to_sale_ratio": 24.84,
            "price_fair": 17.36,
            "eps_avg_yearly": 0.5,
            "eps_latest_yearly": 0.56,
            "eps_growth_yearly": 1859.81
        },
        "20184": {
            "year_quarter": 20184,
            "year": 2018,
            "quarter": 4,
            "eps": 0.25,
            "eps_growth_year": -22.73,
            "eps_4q": 0.02,
            "eps_4q_growth_year": -92.43,
            "roe": 2.38,
            "roe_4q": 0.15000000000000013,
            "gross_profit": 68097,
            "gross_margin": 33.64,
            "gross_margin_4q_avg": 39.08,
            "net_income": 17911,
            "net_income_4q": null,
            "revenue": 202439,
            "revenue_4q": null,
            "common_shares": 709206,
            "book_valuer_per_share": 10.76,
            "book_valuer_per_share_4q_avg": 10.63,
            "equity": 762815,
            "current_ratio": 647.68,
            "debt_ratio": 16.22,
            "inventory_turnover_ratio": 0.47,
            "account_receivable_turnover_ratio": 1.45,
            "reinvestment_rate": -123.32,
            "research_to_sale_ratio": 14.75,
            "price_fair": 17.92,
            "eps_avg_yearly": 0.51,
            "eps_latest_yearly": 1,
            "eps_growth_yearly": 686.48
        },
        "20191": {
            "year_quarter": 20191,
            "year": 2019,
            "quarter": 1,
            "eps": -0.08,
            "eps_growth_year": null,
            "eps_4q": 0.07,
            "eps_4q_growth_year": -81.4,
            "roe": -0.73,
            "roe_4q": 0.5999999999999999,
            "gross_profit": 50190,
            "gross_margin": 52.18,
            "gross_margin_4q_avg": 40.07,
            "net_income": -5531,
            "net_income_4q": null,
            "revenue": 96185,
            "revenue_4q": null,
            "common_shares": 709206,
            "book_valuer_per_share": 10.69,
            "book_valuer_per_share_4q_avg": 10.61,
            "equity": 757819,
            "current_ratio": 568.34,
            "debt_ratio": 19.46,
            "inventory_turnover_ratio": 0.17,
            "account_receivable_turnover_ratio": 0.79,
            "reinvestment_rate": -218.64,
            "research_to_sale_ratio": 33.33,
            "price_fair": 17.92,
            "eps_avg_yearly": 0.51,
            "eps_latest_yearly": 1,
            "eps_growth_yearly": 686.48
        },
        "20192": {
            "year_quarter": 20192,
            "year": 2019,
            "quarter": 2,
            "eps": 0.37,
            "eps_growth_year": null,
            "eps_4q": 0.57,
            "eps_4q_growth_year": 1471.01,
            "roe": 3.38,
            "roe_4q": 5.27,
            "gross_profit": 91992,
            "gross_margin": 58.07,
            "gross_margin_4q_avg": 46.17,
            "net_income": 26034,
            "net_income_4q": null,
            "revenue": 158421,
            "revenue_4q": null,
            "common_shares": 709206,
            "book_valuer_per_share": 11.05,
            "book_valuer_per_share_4q_avg": 10.75,
            "equity": 783727,
            "current_ratio": 516.95,
            "debt_ratio": 23.71,
            "inventory_turnover_ratio": 0.22,
            "account_receivable_turnover_ratio": 2.32,
            "reinvestment_rate": -116.51,
            "research_to_sale_ratio": 22.93,
            "price_fair": 17.92,
            "eps_avg_yearly": 0.51,
            "eps_latest_yearly": 1,
            "eps_growth_yearly": 686.48
        },
        "20193": {
            "year_quarter": 20193,
            "year": 2019,
            "quarter": 3,
            "eps": 0.09,
            "eps_growth_year": 200,
            "eps_4q": 0.63,
            "eps_4q_growth_year": 591.94,
            "roe": 0.77,
            "roe_4q": 5.800000000000001,
            "gross_profit": 58534,
            "gross_margin": 48.02,
            "gross_margin_4q_avg": 47.98,
            "net_income": 6066,
            "net_income_4q": null,
            "revenue": 121890,
            "revenue_4q": null,
            "common_shares": 709206,
            "book_valuer_per_share": 11.1,
            "book_valuer_per_share_4q_avg": 10.9,
            "equity": 787170,
            "current_ratio": 640.14,
            "debt_ratio": 20.53,
            "inventory_turnover_ratio": 0.21,
            "account_receivable_turnover_ratio": 1.44,
            "reinvestment_rate": -96.47,
            "research_to_sale_ratio": 24.96,
            "price_fair": 17.03,
            "eps_avg_yearly": 0.49,
            "eps_latest_yearly": 0.36,
            "eps_growth_yearly": 521.61
        },
        "20194": {
            "year_quarter": 20194,
            "year": 2019,
            "quarter": 4,
            "eps": 0.32,
            "eps_growth_year": 26.55,
            "eps_4q": 0.7,
            "eps_4q_growth_year": 4152.76,
            "roe": 2.85,
            "roe_4q": 6.27,
            "gross_profit": 87216,
            "gross_margin": 51.76,
            "gross_margin_4q_avg": 52.51,
            "net_income": 22784,
            "net_income_4q": null,
            "revenue": 168499,
            "revenue_4q": null,
            "common_shares": 709206,
            "book_valuer_per_share": 11.42,
            "book_valuer_per_share_4q_avg": 11.07,
            "equity": 809593,
            "current_ratio": 639.82,
            "debt_ratio": 20.29,
            "inventory_turnover_ratio": 0.28,
            "account_receivable_turnover_ratio": 2.2,
            "reinvestment_rate": -76.84,
            "research_to_sale_ratio": 20.88,
            "price_fair": 21,
            "eps_avg_yearly": 0.6,
            "eps_latest_yearly": 1.28,
            "eps_growth_yearly": 593.13
        },
        "20201": {
            "year_quarter": 20201,
            "year": 2020,
            "quarter": 1,
            "eps": 0.38,
            "eps_growth_year": null,
            "eps_4q": 1.16,
            "eps_4q_growth_year": 1645.29,
            "roe": 3.3,
            "roe_4q": 10.3,
            "gross_profit": 86803,
            "gross_margin": 58.86,
            "gross_margin_4q_avg": 54.18,
            "net_income": 27161,
            "net_income_4q": null,
            "revenue": 147465,
            "revenue_4q": null,
            "common_shares": 709206,
            "book_valuer_per_share": 11.8,
            "book_valuer_per_share_4q_avg": 11.34,
            "equity": 836716,
            "current_ratio": 646.83,
            "debt_ratio": 19.98,
            "inventory_turnover_ratio": 0.22,
            "account_receivable_turnover_ratio": 1.92,
            "reinvestment_rate": -62.03,
            "research_to_sale_ratio": 22.41,
            "price_fair": 27.6,
            "eps_avg_yearly": 0.79,
            "eps_latest_yearly": 1.52,
            "eps_growth_yearly": 620.17
        },
        "20202": {
            "year_quarter": 20202,
            "year": 2020,
            "quarter": 2,
            "eps": -0.14,
            "eps_growth_year": -137.84,
            "eps_4q": 0.65,
            "eps_4q_growth_year": 14.05,
            "roe": -1.22,
            "roe_4q": 5.699999999999999,
            "gross_profit": 47218,
            "gross_margin": 48.75,
            "gross_margin_4q_avg": 51.85,
            "net_income": -9892,
            "net_income_4q": null,
            "revenue": 96856,
            "revenue_4q": null,
            "common_shares": 709206,
            "book_valuer_per_share": 11.08,
            "book_valuer_per_share_4q_avg": 11.35,
            "equity": 785492,
            "current_ratio": 431.9,
            "debt_ratio": 25.31,
            "inventory_turnover_ratio": 0.17,
            "account_receivable_turnover_ratio": 0.74,
            "reinvestment_rate": -68.92,
            "research_to_sale_ratio": 38.01,
            "price_fair": 30.8,
            "eps_avg_yearly": 0.88,
            "eps_latest_yearly": 1.52,
            "eps_growth_yearly": 710.2
        },
        "20203": {
            "year_quarter": 20203,
            "year": 2020,
            "quarter": 3,
            "eps": 0.53,
            "eps_growth_year": 488.89,
            "eps_4q": 1.09,
            "eps_4q_growth_year": 73.39,
            "roe": 4.66,
            "roe_4q": 9.59,
            "gross_profit": 99617,
            "gross_margin": 62.52,
            "gross_margin_4q_avg": 55.47,
            "net_income": 37475,
            "net_income_4q": null,
            "revenue": 159348,
            "revenue_4q": null,
            "common_shares": 709206,
            "book_valuer_per_share": 11.61,
            "book_valuer_per_share_4q_avg": 11.48,
            "equity": 823061,
            "current_ratio": 641.51,
            "debt_ratio": 19.69,
            "inventory_turnover_ratio": 0.19,
            "account_receivable_turnover_ratio": 1.44,
            "reinvestment_rate": -47.77,
            "research_to_sale_ratio": 21.61,
            "price_fair": 33.04,
            "eps_avg_yearly": 0.94,
            "eps_latest_yearly": 1.52,
            "eps_growth_yearly": 745.57
        },
        "20204": {
            "year_quarter": 20204,
            "year": 2020,
            "quarter": 4,
            "eps": 0.34,
            "eps_growth_year": 4.86,
            "eps_4q": 1.11,
            "eps_4q_growth_year": 58.88,
            "roe": 2.87,
            "roe_4q": 9.61,
            "gross_profit": 100008,
            "gross_margin": 51.44,
            "gross_margin_4q_avg": 55.39,
            "net_income": 23904,
            "net_income_4q": null,
            "revenue": 194427,
            "revenue_4q": null,
            "common_shares": 709206,
            "book_valuer_per_share": 11.92,
            "book_valuer_per_share_4q_avg": 11.6,
            "equity": 845598,
            "current_ratio": 562.06,
            "debt_ratio": 21.13,
            "inventory_turnover_ratio": 0.31,
            "account_receivable_turnover_ratio": 1.31,
            "reinvestment_rate": -41.63,
            "research_to_sale_ratio": 18.03,
            "price_fair": 38.64,
            "eps_avg_yearly": 1.1,
            "eps_latest_yearly": 1.36,
            "eps_growth_yearly": 716.89
        },
        "20211": {
            "year_quarter": 20211,
            "year": 2021,
            "quarter": 1,
            "eps": -0.19,
            "eps_growth_year": -150,
            "eps_4q": 0.53,
            "eps_4q_growth_year": -54.07,
            "roe": -1.64,
            "roe_4q": 4.670000000000001,
            "gross_profit": 46443,
            "gross_margin": 38.14,
            "gross_margin_4q_avg": 50.21,
            "net_income": -13772,
            "net_income_4q": null,
            "revenue": 121756,
            "revenue_4q": null,
            "common_shares": 709206,
            "book_valuer_per_share": 11.73,
            "book_valuer_per_share_4q_avg": 11.59,
            "equity": 831840,
            "current_ratio": 536.77,
            "debt_ratio": 21.57,
            "inventory_turnover_ratio": 0.26,
            "account_receivable_turnover_ratio": 0.72,
            "reinvestment_rate": -38.66,
            "research_to_sale_ratio": 27.73,
            "price_fair": 38.64,
            "eps_avg_yearly": 1.1,
            "eps_latest_yearly": 1.36,
            "eps_growth_yearly": 716.89
        },
        "20212": {
            "year_quarter": 20212,
            "year": 2021,
            "quarter": 2,
            "eps": -0.02,
            "eps_growth_year": null,
            "eps_4q": 0.66,
            "eps_4q_growth_year": 0.71,
            "roe": -0.14,
            "roe_4q": 5.75,
            "gross_profit": 52565,
            "gross_margin": 53.28,
            "gross_margin_4q_avg": 51.35,
            "net_income": -1124,
            "net_income_4q": null,
            "revenue": 98654,
            "revenue_4q": null,
            "common_shares": 709206,
            "book_valuer_per_share": 11.71,
            "book_valuer_per_share_4q_avg": 11.74,
            "equity": 830636,
            "current_ratio": 773.82,
            "debt_ratio": 17.49,
            "inventory_turnover_ratio": 0.16,
            "account_receivable_turnover_ratio": 1.39,
            "reinvestment_rate": -41.3,
            "research_to_sale_ratio": 34.57,
            "price_fair": 38.64,
            "eps_avg_yearly": 1.1,
            "eps_latest_yearly": 1.36,
            "eps_growth_yearly": 716.89
        },
        "20213": {
            "year_quarter": 20213,
            "year": 2021,
            "quarter": 3,
            "eps": 0.1,
            "eps_growth_year": -81.13,
            "eps_4q": 0.23,
            "eps_4q_growth_year": -78.86,
            "roe": 0.92,
            "roe_4q": 2.0100000000000002,
            "gross_profit": 62571,
            "gross_margin": 51.86,
            "gross_margin_4q_avg": 48.68,
            "net_income": 7386,
            "net_income_4q": null,
            "revenue": 120663,
            "revenue_4q": null,
            "common_shares": 709206,
            "book_valuer_per_share": 10.82,
            "book_valuer_per_share_4q_avg": 11.55,
            "equity": 767088,
            "current_ratio": 458.32,
            "debt_ratio": 23.81,
            "inventory_turnover_ratio": 0.2,
            "account_receivable_turnover_ratio": 1.78,
            "reinvestment_rate": -38.43,
            "research_to_sale_ratio": 29.89,
            "price_fair": 38.64,
            "eps_avg_yearly": 1.1,
            "eps_latest_yearly": 1.36,
            "eps_growth_yearly": 716.89
        },
        "20214": {
            "year_quarter": 20214,
            "year": 2021,
            "quarter": 4,
            "eps": 0.57,
            "eps_growth_year": 69.58,
            "eps_4q": 0.47,
            "eps_4q_growth_year": -58.01,
            "roe": 5.15,
            "roe_4q": 4.290000000000001,
            "gross_profit": 104740,
            "gross_margin": 60.04,
            "gross_margin_4q_avg": 50.83,
            "net_income": 40536,
            "net_income_4q": null,
            "revenue": 174437,
            "revenue_4q": null,
            "common_shares": 709206,
            "book_valuer_per_share": 11.37,
            "book_valuer_per_share_4q_avg": 11.41,
            "equity": 806259,
            "current_ratio": 676.07,
            "debt_ratio": 18.75,
            "inventory_turnover_ratio": 0.23,
            "account_receivable_turnover_ratio": 1.62,
            "reinvestment_rate": -35.02,
            "research_to_sale_ratio": 21.1,
            "price_fair": 45.5,
            "eps_avg_yearly": 1.3,
            "eps_latest_yearly": 2.28,
            "eps_growth_yearly": 910.74
        },
        "20221": {
            "year_quarter": 20221,
            "year": 2022,
            "quarter": 1,
            "eps": 0.29,
            "eps_growth_year": null,
            "eps_4q": 0.95,
            "eps_4q_growth_year": 78.63,
            "roe": 2.52,
            "roe_4q": 8.45,
            "gross_profit": 69702,
            "gross_margin": 55.87,
            "gross_margin_4q_avg": 55.26,
            "net_income": 20572,
            "net_income_4q": null,
            "revenue": 124754,
            "revenue_4q": null,
            "common_shares": 709206,
            "book_valuer_per_share": 11.66,
            "book_valuer_per_share_4q_avg": 11.39,
            "equity": 826914,
            "current_ratio": 732.08,
            "debt_ratio": 23.62,
            "inventory_turnover_ratio": 0.19,
            "account_receivable_turnover_ratio": 1.27,
            "reinvestment_rate": -29.48,
            "research_to_sale_ratio": 26.17,
            "price_fair": 44.8,
            "eps_avg_yearly": 1.28,
            "eps_latest_yearly": 1.16,
            "eps_growth_yearly": 752.57
        },
        "20222": {
            "year_quarter": 20222,
            "year": 2022,
            "quarter": 2,
            "eps": 0.35,
            "eps_growth_year": null,
            "eps_4q": 1.32,
            "eps_4q_growth_year": 100.87,
            "roe": 3.01,
            "roe_4q": 11.6,
            "gross_profit": 63485,
            "gross_margin": 54.07,
            "gross_margin_4q_avg": 55.46,
            "net_income": 24875,
            "net_income_4q": null,
            "revenue": 117404,
            "revenue_4q": null,
            "common_shares": 709206,
            "book_valuer_per_share": 11.61,
            "book_valuer_per_share_4q_avg": 11.37,
            "equity": 823541,
            "current_ratio": 477.4,
            "debt_ratio": 25.97,
            "inventory_turnover_ratio": 0.18,
            "account_receivable_turnover_ratio": 0.9,
            "reinvestment_rate": -24.6,
            "research_to_sale_ratio": 29.05,
            "price_fair": 45.33,
            "eps_avg_yearly": 1.3,
            "eps_latest_yearly": 1.4,
            "eps_growth_yearly": 668.84
        },
        "20223": {
            "year_quarter": 20223,
            "year": 2022,
            "quarter": 3,
            "eps": 0.24,
            "eps_growth_year": 140,
            "eps_4q": 1.45,
            "eps_4q_growth_year": 527.3,
            "roe": 2.03,
            "roe_4q": 12.709999999999999,
            "gross_profit": 45059,
            "gross_margin": 43.78,
            "gross_margin_4q_avg": 53.44,
            "net_income": 16856,
            "net_income_4q": null,
            "revenue": 102912,
            "revenue_4q": null,
            "common_shares": 709206,
            "book_valuer_per_share": 11.85,
            "book_valuer_per_share_4q_avg": 11.62,
            "equity": 840641,
            "current_ratio": 533.41,
            "debt_ratio": 24.03,
            "inventory_turnover_ratio": 0.2,
            "account_receivable_turnover_ratio": 0.88,
            "reinvestment_rate": -27.16,
            "research_to_sale_ratio": 31.23,
            "price_fair": 44.02,
            "eps_avg_yearly": 1.26,
            "eps_latest_yearly": 0.96,
            "eps_growth_yearly": 580.56
        },
        "20224": {
            "year_quarter": 20224,
            "year": 2022,
            "quarter": 4,
            "eps": 0.07,
            "eps_growth_year": -87.42,
            "eps_4q": 0.95,
            "eps_4q_growth_year": 104.09,
            "roe": 0.6,
            "roe_4q": 8.16,
            "gross_profit": 62318,
            "gross_margin": 66.88,
            "gross_margin_4q_avg": 55.15,
            "net_income": 5100,
            "net_income_4q": null,
            "revenue": 93172,
            "revenue_4q": null,
            "common_shares": 709206,
            "book_valuer_per_share": 12.01,
            "book_valuer_per_share_4q_avg": 11.78,
            "equity": 852083,
            "current_ratio": 596.08,
            "debt_ratio": 21.06,
            "inventory_turnover_ratio": 0.1,
            "account_receivable_turnover_ratio": 2.34,
            "reinvestment_rate": -25.99,
            "research_to_sale_ratio": 38.44,
            "price_fair": 41.22,
            "eps_avg_yearly": 1.18,
            "eps_latest_yearly": 0.28,
            "eps_growth_yearly": 223.15
        },
        "20231": {
            "year_quarter": 20231,
            "year": 2023,
            "quarter": 1,
            "eps": 0.61,
            "eps_growth_year": 110.34,
            "eps_4q": 1.27,
            "eps_4q_growth_year": 33.47,
            "roe": 4.93,
            "roe_4q": 10.569999999999999,
            "gross_profit": 94499,
            "gross_margin": 62.07,
            "gross_margin_4q_avg": 56.7,
            "net_income": 43090,
            "net_income_4q": null,
            "revenue": 152243,
            "revenue_4q": null,
            "common_shares": 709206,
            "book_valuer_per_share": 12.62,
            "book_valuer_per_share_4q_avg": 12.02,
            "equity": 895141,
            "current_ratio": 571.62,
            "debt_ratio": 20.58,
            "inventory_turnover_ratio": 0.18,
            "account_receivable_turnover_ratio": 1.98,
            "reinvestment_rate": -10.57,
            "research_to_sale_ratio": 23.97,
            "price_fair": 45.64,
            "eps_avg_yearly": 1.3,
            "eps_latest_yearly": 2.44,
            "eps_growth_yearly": 509.41
        },
        "20232": {
            "year_quarter": 20232,
            "year": 2023,
            "quarter": 2,
            "eps": 0.45,
            "eps_growth_year": 28.57,
            "eps_4q": 1.37,
            "eps_4q_growth_year": 3.99,
            "roe": 3.66,
            "roe_4q": 11.219999999999999,
            "gross_profit": 78494,
            "gross_margin": 60.77,
            "gross_margin_4q_avg": 58.38,
            "net_income": 32053,
            "net_income_4q": null,
            "revenue": 129161,
            "revenue_4q": null,
            "common_shares": 709206,
            "book_valuer_per_share": 12.08,
            "book_valuer_per_share_4q_avg": 12.14,
            "equity": 856421,
            "current_ratio": 369.59,
            "debt_ratio": 27.59,
            "inventory_turnover_ratio": 0.15,
            "account_receivable_turnover_ratio": 1.24,
            "reinvestment_rate": -9.81,
            "research_to_sale_ratio": 28.34,
            "price_fair": 47.22,
            "eps_avg_yearly": 1.35,
            "eps_latest_yearly": 1.8,
            "eps_growth_yearly": 453.56
        }
    },
    "months": {
        "2002-08": {
            "month": "2002-08",
            "price": "18.94",
            "revenue": 20007
        },
        "2002-09": {
            "month": "2002-09",
            "price": "17.32",
            "revenue": 17379
        },
        "2002-10": {
            "month": "2002-10",
            "price": "22.85",
            "revenue": 18796
        },
        "2002-11": {
            "month": "2002-11",
            "price": "20.13",
            "revenue": 31350
        },
        "2002-12": {
            "month": "2002-12",
            "price": "16.84",
            "revenue": 37319
        },
        "2003-01": {
            "month": "2003-01",
            "price": "16.38",
            "revenue": 13311
        },
        "2003-02": {
            "month": "2003-02",
            "price": "17.73",
            "revenue": 18901
        },
        "2003-03": {
            "month": "2003-03",
            "price": "15.09",
            "revenue": 41004
        },
        "2003-04": {
            "month": "2003-04",
            "price": "14.01",
            "revenue": 22847
        },
        "2003-05": {
            "month": "2003-05",
            "price": "11.95",
            "revenue": 21982
        },
        "2003-06": {
            "month": "2003-06",
            "price": "15.16",
            "revenue": 30157
        },
        "2003-07": {
            "month": "2003-07",
            "price": "15.41",
            "revenue": 24638
        },
        "2003-08": {
            "month": "2003-08",
            "price": "13.21",
            "revenue": 28169
        },
        "2003-09": {
            "month": "2003-09",
            "price": "12.21",
            "revenue": 30734
        },
        "2003-10": {
            "month": "2003-10",
            "price": "12.25",
            "revenue": 20975
        },
        "2003-11": {
            "month": "2003-11",
            "price": "12.82",
            "revenue": 26068
        },
        "2003-12": {
            "month": "2003-12",
            "price": "14.95",
            "revenue": 34360
        },
        "2004-01": {
            "month": "2004-01",
            "price": "16.14",
            "revenue": 14052
        },
        "2004-02": {
            "month": "2004-02",
            "price": "16.64",
            "revenue": 20324
        },
        "2004-03": {
            "month": "2004-03",
            "price": "14.89",
            "revenue": 32766
        },
        "2004-04": {
            "month": "2004-04",
            "price": "13.96",
            "revenue": 34524
        },
        "2004-05": {
            "month": "2004-05",
            "price": "11.68",
            "revenue": 30622
        },
        "2004-06": {
            "month": "2004-06",
            "price": "10.90",
            "revenue": 32352
        },
        "2004-07": {
            "month": "2004-07",
            "price": "9.63",
            "revenue": 16299
        },
        "2004-08": {
            "month": "2004-08",
            "price": "8.69",
            "revenue": 30571
        },
        "2004-09": {
            "month": "2004-09",
            "price": "9.07",
            "revenue": 43980
        },
        "2004-10": {
            "month": "2004-10",
            "price": "9.74",
            "revenue": 40626
        },
        "2004-11": {
            "month": "2004-11",
            "price": "9.90",
            "revenue": 46629
        },
        "2004-12": {
            "month": "2004-12",
            "price": "9.83",
            "revenue": 56692
        },
        "2005-01": {
            "month": "2005-01",
            "price": "9.82",
            "revenue": 21440
        },
        "2005-02": {
            "month": "2005-02",
            "price": "10.24",
            "revenue": 21392
        },
        "2005-03": {
            "month": "2005-03",
            "price": "13.13",
            "revenue": 30207
        },
        "2005-04": {
            "month": "2005-04",
            "price": "13.95",
            "revenue": 36631
        },
        "2005-05": {
            "month": "2005-05",
            "price": "12.64",
            "revenue": 43819
        },
        "2005-06": {
            "month": "2005-06",
            "price": "13.65",
            "revenue": 40089
        },
        "2005-07": {
            "month": "2005-07",
            "price": "14.02",
            "revenue": 23834
        },
        "2005-08": {
            "month": "2005-08",
            "price": "12.64",
            "revenue": 51229
        },
        "2005-09": {
            "month": "2005-09",
            "price": "12.23",
            "revenue": 39025
        },
        "2005-10": {
            "month": "2005-10",
            "price": "12.78",
            "revenue": 34715
        },
        "2005-11": {
            "month": "2005-11",
            "price": "12.25",
            "revenue": 54259
        },
        "2005-12": {
            "month": "2005-12",
            "price": "13.04",
            "revenue": 44134
        },
        "2006-01": {
            "month": "2006-01",
            "price": "14.58",
            "revenue": 32080
        },
        "2006-02": {
            "month": "2006-02",
            "price": "13.55",
            "revenue": 24355
        },
        "2006-03": {
            "month": "2006-03",
            "price": "12.85",
            "revenue": 44301
        },
        "2006-04": {
            "month": "2006-04",
            "price": "14.35",
            "revenue": 43328
        },
        "2006-05": {
            "month": "2006-05",
            "price": "15.65",
            "revenue": 46645
        },
        "2006-06": {
            "month": "2006-06",
            "price": "13.35",
            "revenue": 57313
        },
        "2006-07": {
            "month": "2006-07",
            "price": "13.61",
            "revenue": 48300
        },
        "2006-08": {
            "month": "2006-08",
            "price": "13.38",
            "revenue": 48040
        },
        "2006-09": {
            "month": "2006-09",
            "price": "13.22",
            "revenue": 72611
        },
        "2006-10": {
            "month": "2006-10",
            "price": "14.09",
            "revenue": 77579
        },
        "2006-11": {
            "month": "2006-11",
            "price": "19.30",
            "revenue": 60600
        },
        "2006-12": {
            "month": "2006-12",
            "price": "19.67",
            "revenue": 109951
        },
        "2007-01": {
            "month": "2007-01",
            "price": "22.90",
            "revenue": 52494
        },
        "2007-02": {
            "month": "2007-02",
            "price": "22.43",
            "revenue": 27951
        },
        "2007-03": {
            "month": "2007-03",
            "price": "27.14",
            "revenue": 62375
        },
        "2007-04": {
            "month": "2007-04",
            "price": "32.82",
            "revenue": 47670
        },
        "2007-05": {
            "month": "2007-05",
            "price": "30.87",
            "revenue": 50356
        },
        "2007-06": {
            "month": "2007-06",
            "price": "32.73",
            "revenue": 54338
        },
        "2007-07": {
            "month": "2007-07",
            "price": "31.52",
            "revenue": 57710
        },
        "2007-08": {
            "month": "2007-08",
            "price": "22.90",
            "revenue": 52562
        },
        "2007-09": {
            "month": "2007-09",
            "price": "20.76",
            "revenue": 70039
        },
        "2007-10": {
            "month": "2007-10",
            "price": "21.70",
            "revenue": 40296
        },
        "2007-11": {
            "month": "2007-11",
            "price": "16.86",
            "revenue": 41033
        },
        "2007-12": {
            "month": "2007-12",
            "price": "13.90",
            "revenue": 37767
        },
        "2008-01": {
            "month": "2008-01",
            "price": "12.23",
            "revenue": 53234
        },
        "2008-02": {
            "month": "2008-02",
            "price": "12.15",
            "revenue": 48945
        },
        "2008-03": {
            "month": "2008-03",
            "price": "13.58",
            "revenue": 53526
        },
        "2008-04": {
            "month": "2008-04",
            "price": "15.99",
            "revenue": 53704
        },
        "2008-05": {
            "month": "2008-05",
            "price": "14.73",
            "revenue": 43362
        },
        "2008-06": {
            "month": "2008-06",
            "price": "11.85",
            "revenue": 53115
        },
        "2008-07": {
            "month": "2008-07",
            "price": "9.44",
            "revenue": 82177
        },
        "2008-08": {
            "month": "2008-08",
            "price": "10.72",
            "revenue": 59111
        },
        "2008-09": {
            "month": "2008-09",
            "price": "8.76",
            "revenue": 53459
        },
        "2008-10": {
            "month": "2008-10",
            "price": "7.60",
            "revenue": 40762
        },
        "2008-11": {
            "month": "2008-11",
            "price": "6.69",
            "revenue": 50398
        },
        "2008-12": {
            "month": "2008-12",
            "price": "6.79",
            "revenue": 47662
        },
        "2009-01": {
            "month": "2009-01",
            "price": "6.99",
            "revenue": 34523
        },
        "2009-02": {
            "month": "2009-02",
            "price": "6.88",
            "revenue": 56524
        },
        "2009-03": {
            "month": "2009-03",
            "price": "7.97",
            "revenue": 71408
        },
        "2009-04": {
            "month": "2009-04",
            "price": "9.76",
            "revenue": 58375
        },
        "2009-05": {
            "month": "2009-05",
            "price": "10.66",
            "revenue": 50013
        },
        "2009-06": {
            "month": "2009-06",
            "price": "9.96",
            "revenue": 54462
        },
        "2009-07": {
            "month": "2009-07",
            "price": "11.68",
            "revenue": 51719
        },
        "2009-08": {
            "month": "2009-08",
            "price": "12.33",
            "revenue": 55421
        },
        "2009-09": {
            "month": "2009-09",
            "price": "13.49",
            "revenue": 71778
        },
        "2009-10": {
            "month": "2009-10",
            "price": "15.10",
            "revenue": 45994
        },
        "2009-11": {
            "month": "2009-11",
            "price": "17.70",
            "revenue": 54796
        },
        "2009-12": {
            "month": "2009-12",
            "price": "20.03",
            "revenue": 60557
        },
        "2010-01": {
            "month": "2010-01",
            "price": "19.98",
            "revenue": 53534
        },
        "2010-02": {
            "month": "2010-02",
            "price": "17.56",
            "revenue": 38439
        },
        "2010-03": {
            "month": "2010-03",
            "price": "18.72",
            "revenue": 75514
        },
        "2010-04": {
            "month": "2010-04",
            "price": "18.90",
            "revenue": 53548
        },
        "2010-05": {
            "month": "2010-05",
            "price": "16.39",
            "revenue": 43335
        },
        "2010-06": {
            "month": "2010-06",
            "price": "16.24",
            "revenue": 81054
        },
        "2010-07": {
            "month": "2010-07",
            "price": "18.40",
            "revenue": 78665
        },
        "2010-08": {
            "month": "2010-08",
            "price": "18.25",
            "revenue": 47583
        },
        "2010-09": {
            "month": "2010-09",
            "price": "16.98",
            "revenue": 68981
        },
        "2010-10": {
            "month": "2010-10",
            "price": "16.68",
            "revenue": 52194
        },
        "2010-11": {
            "month": "2010-11",
            "price": "14.93",
            "revenue": 63412
        },
        "2010-12": {
            "month": "2010-12",
            "price": "15.71",
            "revenue": 57369
        },
        "2011-01": {
            "month": "2011-01",
            "price": "15.41",
            "revenue": 50154
        },
        "2011-02": {
            "month": "2011-02",
            "price": "14.77",
            "revenue": 59180
        },
        "2011-03": {
            "month": "2011-03",
            "price": "14.55",
            "revenue": 71840
        },
        "2011-04": {
            "month": "2011-04",
            "price": "14.45",
            "revenue": 45663
        },
        "2011-05": {
            "month": "2011-05",
            "price": "13.89",
            "revenue": 46316
        },
        "2011-06": {
            "month": "2011-06",
            "price": "13.30",
            "revenue": 62685
        },
        "2011-07": {
            "month": "2011-07",
            "price": "12.55",
            "revenue": 33475
        },
        "2011-08": {
            "month": "2011-08",
            "price": "9.91",
            "revenue": 30506
        },
        "2011-09": {
            "month": "2011-09",
            "price": "8.45",
            "revenue": 51283
        },
        "2011-10": {
            "month": "2011-10",
            "price": "7.76",
            "revenue": 78147
        },
        "2011-11": {
            "month": "2011-11",
            "price": "7.11",
            "revenue": 51640
        },
        "2011-12": {
            "month": "2011-12",
            "price": "6.24",
            "revenue": 60219
        },
        "2012-01": {
            "month": "2012-01",
            "price": "7.01",
            "revenue": 35123
        },
        "2012-02": {
            "month": "2012-02",
            "price": "8.43",
            "revenue": 50942
        },
        "2012-03": {
            "month": "2012-03",
            "price": "8.32",
            "revenue": 69839
        },
        "2012-04": {
            "month": "2012-04",
            "price": "8.24",
            "revenue": 56438
        },
        "2012-05": {
            "month": "2012-05",
            "price": "8.47",
            "revenue": 37567
        },
        "2012-06": {
            "month": "2012-06",
            "price": "8.08",
            "revenue": 26909
        },
        "2012-07": {
            "month": "2012-07",
            "price": "7.94",
            "revenue": 62214
        },
        "2012-08": {
            "month": "2012-08",
            "price": "7.89",
            "revenue": 37752
        },
        "2012-09": {
            "month": "2012-09",
            "price": "8.21",
            "revenue": 56955
        },
        "2012-10": {
            "month": "2012-10",
            "price": "8.19",
            "revenue": 59166
        },
        "2012-11": {
            "month": "2012-11",
            "price": "7.53",
            "revenue": 54626
        },
        "2012-12": {
            "month": "2012-12",
            "price": "7.67",
            "revenue": 45067
        },
        "2013-01": {
            "month": "2013-01",
            "price": "8.79",
            "revenue": 42326
        },
        "2013-02": {
            "month": "2013-02",
            "price": "8.70",
            "revenue": 20799
        },
        "2013-03": {
            "month": "2013-03",
            "price": "9.14",
            "revenue": 82458
        },
        "2013-04": {
            "month": "2013-04",
            "price": "11.79",
            "revenue": 47380
        },
        "2013-05": {
            "month": "2013-05",
            "price": "11.38",
            "revenue": 71812
        },
        "2013-06": {
            "month": "2013-06",
            "price": "10.80",
            "revenue": 31453
        },
        "2013-07": {
            "month": "2013-07",
            "price": "11.09",
            "revenue": 63315
        },
        "2013-08": {
            "month": "2013-08",
            "price": "11.40",
            "revenue": 50320
        },
        "2013-09": {
            "month": "2013-09",
            "price": "11.06",
            "revenue": 37125
        },
        "2013-10": {
            "month": "2013-10",
            "price": "11.34",
            "revenue": 65132
        },
        "2013-11": {
            "month": "2013-11",
            "price": "10.88",
            "revenue": 44113
        },
        "2013-12": {
            "month": "2013-12",
            "price": "11.39",
            "revenue": 47570
        },
        "2014-01": {
            "month": "2014-01",
            "price": "12.14",
            "revenue": 41159
        },
        "2014-02": {
            "month": "2014-02",
            "price": "13.56",
            "revenue": 25224
        },
        "2014-03": {
            "month": "2014-03",
            "price": "13.36",
            "revenue": 44138
        },
        "2014-04": {
            "month": "2014-04",
            "price": "12.34",
            "revenue": 32405
        },
        "2014-05": {
            "month": "2014-05",
            "price": "11.47",
            "revenue": 46722
        },
        "2014-06": {
            "month": "2014-06",
            "price": "11.79",
            "revenue": 56382
        },
        "2014-07": {
            "month": "2014-07",
            "price": "11.81",
            "revenue": 35335
        },
        "2014-08": {
            "month": "2014-08",
            "price": "10.72",
            "revenue": 57542
        },
        "2014-09": {
            "month": "2014-09",
            "price": "10.39",
            "revenue": 52993
        },
        "2014-10": {
            "month": "2014-10",
            "price": "10.19",
            "revenue": 43673
        },
        "2014-11": {
            "month": "2014-11",
            "price": "9.97",
            "revenue": 43638
        },
        "2014-12": {
            "month": "2014-12",
            "price": "10.08",
            "revenue": 53144
        },
        "2015-01": {
            "month": "2015-01",
            "price": "10.64",
            "revenue": 23191
        },
        "2015-02": {
            "month": "2015-02",
            "price": "11.35",
            "revenue": 29979
        },
        "2015-03": {
            "month": "2015-03",
            "price": "12.04",
            "revenue": 69621
        },
        "2015-04": {
            "month": "2015-04",
            "price": "13.48",
            "revenue": 28282
        },
        "2015-05": {
            "month": "2015-05",
            "price": "11.84",
            "revenue": 48924
        },
        "2015-06": {
            "month": "2015-06",
            "price": "10.67",
            "revenue": 40613
        },
        "2015-07": {
            "month": "2015-07",
            "price": "9.75",
            "revenue": 32929
        },
        "2015-08": {
            "month": "2015-08",
            "price": "8.07",
            "revenue": 30463
        },
        "2015-09": {
            "month": "2015-09",
            "price": "7.53",
            "revenue": 25984
        },
        "2015-10": {
            "month": "2015-10",
            "price": "8.20",
            "revenue": 34008
        },
        "2015-11": {
            "month": "2015-11",
            "price": "8.12",
            "revenue": 42677
        },
        "2015-12": {
            "month": "2015-12",
            "price": "8.23",
            "revenue": 54583
        },
        "2016-01": {
            "month": "2016-01",
            "price": "8.70",
            "revenue": 46843
        },
        "2016-02": {
            "month": "2016-02",
            "price": "10.58",
            "revenue": 31687
        },
        "2016-03": {
            "month": "2016-03",
            "price": "11.77",
            "revenue": 52322
        },
        "2016-04": {
            "month": "2016-04",
            "price": "10.94",
            "revenue": 38530
        },
        "2016-05": {
            "month": "2016-05",
            "price": "10.18",
            "revenue": 38229
        },
        "2016-06": {
            "month": "2016-06",
            "price": "10.14",
            "revenue": 37974
        },
        "2016-07": {
            "month": "2016-07",
            "price": "10.38",
            "revenue": 38613
        },
        "2016-08": {
            "month": "2016-08",
            "price": "10.48",
            "revenue": 46418
        },
        "2016-09": {
            "month": "2016-09",
            "price": "12.26",
            "revenue": 42745
        },
        "2016-10": {
            "month": "2016-10",
            "price": "11.99",
            "revenue": 46290
        },
        "2016-11": {
            "month": "2016-11",
            "price": "10.31",
            "revenue": 48220
        },
        "2016-12": {
            "month": "2016-12",
            "price": "11.37",
            "revenue": 41910
        },
        "2017-01": {
            "month": "2017-01",
            "price": "11.46",
            "revenue": 25790
        },
        "2017-02": {
            "month": "2017-02",
            "price": "11.30",
            "revenue": 23106
        },
        "2017-03": {
            "month": "2017-03",
            "price": "11.42",
            "revenue": 32517
        },
        "2017-04": {
            "month": "2017-04",
            "price": "12.00",
            "revenue": 40371
        },
        "2017-05": {
            "month": "2017-05",
            "price": "13.49",
            "revenue": 40383
        },
        "2017-06": {
            "month": "2017-06",
            "price": "14.87",
            "revenue": 54750
        },
        "2017-07": {
            "month": "2017-07",
            "price": "15.94",
            "revenue": 59977
        },
        "2017-08": {
            "month": "2017-08",
            "price": "17.61",
            "revenue": 27600
        },
        "2017-09": {
            "month": "2017-09",
            "price": "20.94",
            "revenue": 25433
        },
        "2017-10": {
            "month": "2017-10",
            "price": "20.58",
            "revenue": 47531
        },
        "2017-11": {
            "month": "2017-11",
            "price": "19.81",
            "revenue": 49111
        },
        "2017-12": {
            "month": "2017-12",
            "price": "18.69",
            "revenue": 101457
        },
        "2018-01": {
            "month": "2018-01",
            "price": "20.98",
            "revenue": 27686
        },
        "2018-02": {
            "month": "2018-02",
            "price": "18.54",
            "revenue": 21506
        },
        "2018-03": {
            "month": "2018-03",
            "price": "17.59",
            "revenue": 46608
        },
        "2018-04": {
            "month": "2018-04",
            "price": "17.09",
            "revenue": 43505
        },
        "2018-05": {
            "month": "2018-05",
            "price": "17.01",
            "revenue": 39331
        },
        "2018-06": {
            "month": "2018-06",
            "price": "30.86",
            "revenue": 35839
        },
        "2018-07": {
            "month": "2018-07",
            "price": "31.80",
            "revenue": 48911
        },
        "2018-08": {
            "month": "2018-08",
            "price": "28.37",
            "revenue": 44401
        },
        "2018-09": {
            "month": "2018-09",
            "price": "27.02",
            "revenue": 35091
        },
        "2018-10": {
            "month": "2018-10",
            "price": "23.32",
            "revenue": 34465
        },
        "2018-11": {
            "month": "2018-11",
            "price": "18.95",
            "revenue": 28048
        },
        "2018-12": {
            "month": "2018-12",
            "price": "19.21",
            "revenue": 143074
        },
        "2019-01": {
            "month": "2019-01",
            "price": "17.94",
            "revenue": 24705
        },
        "2019-02": {
            "month": "2019-02",
            "price": "19.28",
            "revenue": 28273
        },
        "2019-03": {
            "month": "2019-03",
            "price": "20.94",
            "revenue": 43211
        },
        "2019-04": {
            "month": "2019-04",
            "price": "25.81",
            "revenue": 45505
        },
        "2019-05": {
            "month": "2019-05",
            "price": "21.13",
            "revenue": 50257
        },
        "2019-06": {
            "month": "2019-06",
            "price": "20.98",
            "revenue": 62658
        },
        "2019-07": {
            "month": "2019-07",
            "price": "23.48",
            "revenue": 52249
        },
        "2019-08": {
            "month": "2019-08",
            "price": "22.49",
            "revenue": 35390
        },
        "2019-09": {
            "month": "2019-09",
            "price": "22.31",
            "revenue": 34251
        },
        "2019-10": {
            "month": "2019-10",
            "price": "21.22",
            "revenue": 27780
        },
        "2019-11": {
            "month": "2019-11",
            "price": "20.23",
            "revenue": 23758
        },
        "2019-12": {
            "month": "2019-12",
            "price": "21.57",
            "revenue": 116955
        },
        "2020-01": {
            "month": "2020-01",
            "price": "21.84",
            "revenue": 76447
        },
        "2020-02": {
            "month": "2020-02",
            "price": "20.51",
            "revenue": 37003
        },
        "2020-03": {
            "month": "2020-03",
            "price": "16.16",
            "revenue": 34015
        },
        "2020-04": {
            "month": "2020-04",
            "price": "19.26",
            "revenue": 16805
        },
        "2020-05": {
            "month": "2020-05",
            "price": "19.22",
            "revenue": 14652
        },
        "2020-06": {
            "month": "2020-06",
            "price": "18.42",
            "revenue": 65399
        },
        "2020-07": {
            "month": "2020-07",
            "price": "20.33",
            "revenue": 61845
        },
        "2020-08": {
            "month": "2020-08",
            "price": "19.07",
            "revenue": 59450
        },
        "2020-09": {
            "month": "2020-09",
            "price": "19.61",
            "revenue": 38024
        },
        "2020-10": {
            "month": "2020-10",
            "price": "19.06",
            "revenue": 50253
        },
        "2020-11": {
            "month": "2020-11",
            "price": "22.22",
            "revenue": 64618
        },
        "2020-12": {
            "month": "2020-12",
            "price": "40.00",
            "revenue": 79969
        },
        "2021-01": {
            "month": "2021-01",
            "price": "35.72",
            "revenue": 47770
        },
        "2021-02": {
            "month": "2021-02",
            "price": "29.13",
            "revenue": 35210
        },
        "2021-03": {
            "month": "2021-03",
            "price": "34.02",
            "revenue": 38776
        },
        "2021-04": {
            "month": "2021-04",
            "price": "35.53",
            "revenue": 32117
        },
        "2021-05": {
            "month": "2021-05",
            "price": "26.21",
            "revenue": 35167
        },
        "2021-06": {
            "month": "2021-06",
            "price": "24.60",
            "revenue": 31376
        },
        "2021-07": {
            "month": "2021-07",
            "price": "23.53",
            "revenue": 36118
        },
        "2021-08": {
            "month": "2021-08",
            "price": "20.48",
            "revenue": 43310
        },
        "2021-09": {
            "month": "2021-09",
            "price": "19.40",
            "revenue": 41234
        },
        "2021-10": {
            "month": "2021-10",
            "price": "21.18",
            "revenue": 56251
        },
        "2021-11": {
            "month": "2021-11",
            "price": "25.19",
            "revenue": 47244
        },
        "2021-12": {
            "month": "2021-12",
            "price": "23.64",
            "revenue": 70386
        },
        "2022-01": {
            "month": "2022-01",
            "price": "21.05",
            "revenue": 67736
        },
        "2022-02": {
            "month": "2022-02",
            "price": "20.70",
            "revenue": 16694
        },
        "2022-03": {
            "month": "2022-03",
            "price": "19.76",
            "revenue": 40480
        },
        "2022-04": {
            "month": "2022-04",
            "price": "20.68",
            "revenue": 48128
        },
        "2022-05": {
            "month": "2022-05",
            "price": "19.82",
            "revenue": 32530
        },
        "2022-06": {
            "month": "2022-06",
            "price": "19.00",
            "revenue": 37020
        },
        "2022-07": {
            "month": "2022-07",
            "price": "17.41",
            "revenue": 41334
        },
        "2022-08": {
            "month": "2022-08",
            "price": "20.48",
            "revenue": 29805
        },
        "2022-09": {
            "month": "2022-09",
            "price": "21.39",
            "revenue": 31418
        },
        "2022-10": {
            "month": "2022-10",
            "price": "22.48",
            "revenue": 49718
        },
        "2022-11": {
            "month": "2022-11",
            "price": "22.30",
            "revenue": 18947
        },
        "2022-12": {
            "month": "2022-12",
            "price": "21.52",
            "revenue": 23301
        },
        "2023-01": {
            "month": "2023-01",
            "price": "20.28",
            "revenue": 26701
        },
        "2023-02": {
            "month": "2023-02",
            "price": "20.99",
            "revenue": 30656
        },
        "2023-03": {
            "month": "2023-03",
            "price": "23.99",
            "revenue": 95111
        },
        "2023-04": {
            "month": "2023-04",
            "price": "32.61",
            "revenue": 17277
        },
        "2023-05": {
            "month": "2023-05",
            "price": "34.10",
            "revenue": 30552
        },
        "2023-06": {
            "month": "2023-06",
            "price": "43.52",
            "revenue": 81106
        },
        "2023-07": {
            "month": "2023-07",
            "price": "47.97",
            "revenue": 33751
        },
        "2023-08": {
            "month": "2023-08",
            "price": "42.15",
            "revenue": 22665
        },
        "2023-09": {
            "month": "2023-09",
            "price": "41.88",
            "revenue": 62254
        }
    }
}
