{
    "summary": {
        "stock_name": "禾伸堂",
        "stock_id": "3026",
        "category": "電子零組件",
        "main_business": "被動元件<br>系統模組<br>主動元件",
        "website_url": "http://www.holystone.com.tw",
        "ceo": "唐錦榮",
        "pe_ratio": 16,
        "report_year_from": 2002,
        "report_year_to": 2023,
        "age": 22,
        "eps_negative_percentage": 0,
        "eps_growth_avg": {
            "last_all": 8.22,
            "last_2y": -8.94,
            "last_4y": -6.55,
            "last_8y": 13.09,
            "last_12y": 13.55,
            "last_16y": 8.1,
            "last_20y": 8.71,
            "at_2006_last_3y": 11.29,
            "at_2007_last_3y": 9.42,
            "at_2008_last_3y": -9.82,
            "at_2009_last_3y": -7.76,
            "at_2010_last_3y": -9.63,
            "at_2011_last_3y": -11.59,
            "at_2012_last_3y": -3.37,
            "at_2013_last_3y": -4.53,
            "at_2014_last_3y": 14.6,
            "at_2015_last_3y": 9.53,
            "at_2016_last_3y": 9.15,
            "at_2017_last_3y": 30.01,
            "at_2018_last_3y": 37.64,
            "at_2019_last_3y": 28.29,
            "at_2020_last_3y": 48.51,
            "at_2021_last_3y": 35.67,
            "at_2022_last_3y": 1.45,
            "at_2023_last_3y": 9.68,
            "at_2024_last_3y": 9.68,
            "at_2006_last_all": 8.61,
            "at_2007_last_all": 6.19,
            "at_2008_last_all": -1.37,
            "at_2009_last_all": 1.45,
            "at_2010_last_all": 0.5,
            "at_2011_last_all": -0.92,
            "at_2012_last_all": -2.1,
            "at_2013_last_all": -0.54,
            "at_2014_last_all": 4.84,
            "at_2015_last_all": 2.06,
            "at_2016_last_all": 0.9,
            "at_2017_last_all": 7.09,
            "at_2018_last_all": 12.56,
            "at_2019_last_all": 7.89,
            "at_2020_last_all": 10.92,
            "at_2021_last_all": 12.81,
            "at_2022_last_all": 10.44,
            "at_2023_last_all": 8.22,
            "at_2024_last_all": 8.22
        },
        "latest_eps": 5.85,
        "latest_price": 94.5,
        "latest_roe": 8.29,
        "latest_gross_margin": 17.12,
        "latest_equity": 10069486,
        "latest_revenue": 3456051,
        "latest_gross_profit": 591550,
        "latest_net_income": 149364,
        "latest_debt_ratio": 36.25,
        "latest_current_ratio": 261.88,
        "latest_account_receivable_turnover_ratio": 1.06,
        "latest_inventory_turnover_ratio": 0.85,
        "latest_reinvestment_rate": 32.8,
        "latest_research_to_sale_ratio": 3.06
    },
    "eps_dividends": {
        "1998": {
            "cash": 1.5,
            "stock": 1.5,
            "eps": 0
        },
        "1999": {
            "cash": 2.1,
            "stock": 2.1,
            "eps": 0
        },
        "2000": {
            "cash": 4,
            "stock": 4,
            "eps": 0
        },
        "2001": {
            "cash": 2.2,
            "stock": 9,
            "eps": 3.33
        },
        "2002": {
            "cash": 0.8,
            "stock": 1.2,
            "eps": 3.26
        },
        "2003": {
            "cash": 0,
            "stock": 0,
            "eps": 3.31
        },
        "2004": {
            "cash": 1.54,
            "stock": 0.9,
            "eps": 4.31
        },
        "2005": {
            "cash": 2.25,
            "stock": 0.49,
            "eps": 4.87
        },
        "2006": {
            "cash": 2.55,
            "stock": 0.49,
            "eps": 4.89
        },
        "2007": {
            "cash": 2.94,
            "stock": 0.39,
            "eps": 4.6
        },
        "2008": {
            "cash": 2.98,
            "stock": 0.1,
            "eps": 2.45
        },
        "2009": {
            "cash": 1.6,
            "stock": 0.2,
            "eps": 2.97
        },
        "2010": {
            "cash": 3,
            "stock": 0,
            "eps": 2.76
        },
        "2011": {
            "cash": 4.3,
            "stock": 0,
            "eps": 2.38
        },
        "2012": {
            "cash": 0,
            "stock": 0,
            "eps": 2.05
        },
        "2013": {
            "cash": 2,
            "stock": 0,
            "eps": 2.39
        },
        "2014": {
            "cash": 2.8,
            "stock": 0,
            "eps": 4.05
        },
        "2015": {
            "cash": 3.29,
            "stock": 0,
            "eps": 2.67
        },
        "2016": {
            "cash": 2.5,
            "stock": 0,
            "eps": 2.26
        },
        "2017": {
            "cash": 2.5,
            "stock": 0,
            "eps": 4.8
        },
        "2018": {
            "cash": 5.3,
            "stock": 0,
            "eps": 17.61
        },
        "2019": {
            "cash": 9,
            "stock": 0,
            "eps": 5.02
        },
        "2020": {
            "cash": 7,
            "stock": 0,
            "eps": 8.31
        },
        "2021": {
            "cash": 8,
            "stock": 0,
            "eps": 12.35
        },
        "2022": {
            "cash": 9,
            "stock": 0,
            "eps": 7.8
        },
        "2023": {
            "cash": 5,
            "stock": 0.5,
            "eps": 4.79
        }
    },
    "dividends": {
        "1998-04-08": {
            "cash": 1.5,
            "stock": 1.5
        },
        "1999-04-23": {
            "cash": 2.1,
            "stock": 2.1
        },
        "2000-03-31": {
            "cash": 4,
            "stock": 4
        },
        "2001-05-15": {
            "cash": 2.2,
            "stock": 9
        },
        "2002-06-19": {
            "cash": 0.8,
            "stock": 1.2
        },
        "2004-04-13": {
            "cash": 1.54,
            "stock": 0.9
        },
        "2005-03-18": {
            "cash": 2.25,
            "stock": 0.49
        },
        "2006-03-13": {
            "cash": 2.55,
            "stock": 0.49
        },
        "2007-03-16": {
            "cash": 2.94,
            "stock": 0.39
        },
        "2008-03-17": {
            "cash": 2.98,
            "stock": 0.1
        },
        "2009-06-16": {
            "cash": 1.6,
            "stock": 0.2
        },
        "2010-03-26": {
            "cash": 3,
            "stock": 0
        },
        "2011-01-01": {
            "cash": 2,
            "stock": 0
        },
        "2011-03-18": {
            "cash": 2.3,
            "stock": 0
        },
        "2013-03-20": {
            "cash": 2,
            "stock": 0
        },
        "2014-09-12": {
            "cash": 2.8,
            "stock": 0
        },
        "2015-09-09": {
            "cash": 3.29,
            "stock": 0
        },
        "2016-09-09": {
            "cash": 2.5,
            "stock": 0
        },
        "2017-08-10": {
            "cash": 2.5,
            "stock": 0
        },
        "2018-08-10": {
            "cash": 5.3,
            "stock": 0
        },
        "2019-08-09": {
            "cash": 9,
            "stock": 0
        },
        "2020-08-12": {
            "cash": 7,
            "stock": 0
        },
        "2021-08-18": {
            "cash": 8,
            "stock": 0
        },
        "2022-08-12": {
            "cash": 9,
            "stock": 0
        },
        "2023-08-25": {
            "cash": 5,
            "stock": 0.5
        }
    },
    "prices": {
        "200101": "無",
        "200102": "無",
        "200103": "無",
        "200104": "無",
        "200105": "無",
        "200106": "無",
        "200107": "無",
        "200108": "無",
        "200109": "無",
        "200110": "無",
        "200111": "無",
        "200112": "無",
        "200201": "無",
        "200202": "無",
        "200203": "無",
        "200204": "無",
        "200205": "無",
        "200206": "無",
        "200207": "無",
        "200208": "66.10",
        "200209": "57.86",
        "200210": "48.46",
        "200211": "53.14",
        "200212": "50.32",
        "200301": "47.68",
        "200302": "45.03",
        "200303": "43.48",
        "200304": "43.70",
        "200305": "42.03",
        "200306": "50.04",
        "200307": "54.65",
        "200308": "53.69",
        "200309": "49.65",
        "200310": "52.04",
        "200311": "54.75",
        "200312": "55.63",
        "200401": "55.80",
        "200402": "61.58",
        "200403": "67.98",
        "200404": "73.14",
        "200405": "65.40",
        "200406": "60.17",
        "200407": "50.80",
        "200408": "48.85",
        "200409": "49.26",
        "200410": "46.27",
        "200411": "40.89",
        "200412": "40.36",
        "200501": "39.62",
        "200502": "41.41",
        "200503": "44.28",
        "200504": "46.02",
        "200505": "47.27",
        "200506": "49.04",
        "200507": "49.78",
        "200508": "46.78",
        "200509": "43.73",
        "200510": "41.87",
        "200511": "43.25",
        "200512": "51.71",
        "200601": "59.72",
        "200602": "56.49",
        "200603": "56.16",
        "200604": "61.94",
        "200605": "60.97",
        "200606": "50.64",
        "200607": "49.64",
        "200608": "51.21",
        "200609": "52.06",
        "200610": "52.96",
        "200611": "53.40",
        "200612": "53.49",
        "200701": "55.06",
        "200702": "56.46",
        "200703": "56.88",
        "200704": "59.69",
        "200705": "57.38",
        "200706": "58.68",
        "200707": "63.97",
        "200708": "60.67",
        "200709": "62.06",
        "200710": "61.34",
        "200711": "53.58",
        "200712": "47.11",
        "200801": "42.59",
        "200802": "41.68",
        "200803": "43.01",
        "200804": "44.92",
        "200805": "43.87",
        "200806": "40.44",
        "200807": "34.84",
        "200808": "35.27",
        "200809": "28.97",
        "200810": "24.72",
        "200811": "20.22",
        "200812": "18.39",
        "200901": "18.29",
        "200902": "19.44",
        "200903": "22.27",
        "200904": "25.59",
        "200905": "31.55",
        "200906": "29.23",
        "200907": "32.67",
        "200908": "35.21",
        "200909": "35.35",
        "200910": "35.93",
        "200911": "35.96",
        "200912": "39.89",
        "201001": "47.44",
        "201002": "45.39",
        "201003": "50.30",
        "201004": "49.25",
        "201005": "43.92",
        "201006": "43.16",
        "201007": "43.23",
        "201008": "39.42",
        "201009": "38.20",
        "201010": "37.78",
        "201011": "35.03",
        "201012": "37.71",
        "201101": "36.97",
        "201102": "35.73",
        "201103": "34.90",
        "201104": "36.56",
        "201105": "35.08",
        "201106": "33.92",
        "201107": "33.93",
        "201108": "28.64",
        "201109": "27.35",
        "201110": "27.36",
        "201111": "26.80",
        "201112": "25.80",
        "201201": "26.27",
        "201202": "29.04",
        "201203": "29.25",
        "201204": "27.97",
        "201205": "27.20",
        "201206": "26.09",
        "201207": "26.73",
        "201208": "25.88",
        "201209": "25.66",
        "201210": "24.70",
        "201211": "23.79",
        "201212": "25.06",
        "201301": "25.49",
        "201302": "25.73",
        "201303": "26.35",
        "201304": "27.15",
        "201305": "29.33",
        "201306": "29.93",
        "201307": "30.35",
        "201308": "28.74",
        "201309": "28.43",
        "201310": "28.69",
        "201311": "36.67",
        "201312": "38.06",
        "201401": "40.44",
        "201402": "41.93",
        "201403": "42.38",
        "201404": "42.17",
        "201405": "41.28",
        "201406": "44.45",
        "201407": "46.84",
        "201408": "44.38",
        "201409": "43.24",
        "201410": "40.10",
        "201411": "40.49",
        "201412": "40.91",
        "201501": "41.90",
        "201502": "43.15",
        "201503": "44.95",
        "201504": "43.70",
        "201505": "43.52",
        "201506": "42.01",
        "201507": "40.41",
        "201508": "33.77",
        "201509": "31.21",
        "201510": "32.88",
        "201511": "33.19",
        "201512": "33.09",
        "201601": "32.51",
        "201602": "33.52",
        "201603": "34.92",
        "201604": "33.70",
        "201605": "32.67",
        "201606": "33.20",
        "201607": "34.51",
        "201608": "33.46",
        "201609": "32.00",
        "201610": "31.89",
        "201611": "31.49",
        "201612": "31.90",
        "201701": "32.23",
        "201702": "33.53",
        "201703": "36.73",
        "201704": "39.20",
        "201705": "40.16",
        "201706": "40.63",
        "201707": "38.75",
        "201708": "36.62",
        "201709": "40.50",
        "201710": "45.36",
        "201711": "71.70",
        "201712": "94.91",
        "201801": "119.02",
        "201802": "100.65",
        "201803": "119.04",
        "201804": "142.89",
        "201805": "210.23",
        "201806": "221.82",
        "201807": "234.57",
        "201808": "178.24",
        "201809": "149.95",
        "201810": "110.60",
        "201811": "108.85",
        "201812": "111.29",
        "201901": "108.71",
        "201902": "126.12",
        "201903": "119.02",
        "201904": "114.58",
        "201905": "98.39",
        "201906": "100.39",
        "201907": "100.13",
        "201908": "86.51",
        "201909": "90.13",
        "201910": "102.86",
        "201911": "98.67",
        "201912": "103.04",
        "202001": "108.87",
        "202002": "111.63",
        "202003": "91.45",
        "202004": "106.80",
        "202005": "126.62",
        "202006": "123.90",
        "202007": "118.76",
        "202008": "107.68",
        "202009": "103.56",
        "202010": "101.84",
        "202011": "110.00",
        "202012": "116.33",
        "202101": "115.65",
        "202102": "117.00",
        "202103": "124.80",
        "202104": "131.39",
        "202105": "128.24",
        "202106": "136.00",
        "202107": "138.70",
        "202108": "124.73",
        "202109": "117.98",
        "202110": "112.85",
        "202111": "119.70",
        "202112": "119.39",
        "202201": "117.14",
        "202202": "117.63",
        "202203": "118.57",
        "202204": "115.84",
        "202205": "111.36",
        "202206": "108.10",
        "202207": "94.67",
        "202208": "89.63",
        "202209": "88.26",
        "202210": "86.42",
        "202211": "89.45",
        "202212": "90.00",
        "202301": "90.74",
        "202302": "95.09",
        "202303": "98.87",
        "202304": "103.12",
        "202305": "102.75",
        "202306": "106.38",
        "202307": "103.14",
        "202308": "95.29",
        "202309": "99.00",
        "202310": "96.29",
        "202311": "96.94",
        "202312": "98.75"
    },
    "quarters": {
        "20011": {
            "year_quarter": 20011,
            "year": 2001,
            "quarter": 1,
            "eps": 1.93,
            "eps_growth_year": -65.78,
            "eps_4q": 12.49,
            "eps_4q_growth_year": 28.19,
            "roe": 4.26,
            "roe_4q": 4.26,
            "gross_profit": 164666,
            "gross_margin": 19.44,
            "gross_margin_4q_avg": 19.44,
            "net_income": 108254,
            "net_income_4q": null,
            "revenue": 846847,
            "revenue_4q": null,
            "common_shares": 561741,
            "book_valuer_per_share": 46.22,
            "book_valuer_per_share_4q_avg": 46.22,
            "equity": 2596491,
            "current_ratio": 213.95,
            "debt_ratio": 32.47,
            "inventory_turnover_ratio": 0.86,
            "account_receivable_turnover_ratio": null,
            "reinvestment_rate": null,
            "research_to_sale_ratio": null,
            "price_fair": 0,
            "eps_avg_yearly": 0,
            "eps_latest_yearly": 0,
            "eps_growth_yearly": 0
        },
        "20012": {
            "year_quarter": 20012,
            "year": 2001,
            "quarter": 2,
            "eps": 0.57,
            "eps_growth_year": -86.65,
            "eps_4q": 4.83,
            "eps_4q_growth_year": -53.49,
            "roe": 2.5,
            "roe_4q": 6.76,
            "gross_profit": 136467,
            "gross_margin": 16.85,
            "gross_margin_4q_avg": 18.15,
            "net_income": 63726,
            "net_income_4q": null,
            "revenue": 809862,
            "revenue_4q": null,
            "common_shares": 1125309,
            "book_valuer_per_share": 22.25,
            "book_valuer_per_share_4q_avg": 34.24,
            "equity": 2504259,
            "current_ratio": 262.56,
            "debt_ratio": 31.56,
            "inventory_turnover_ratio": 0.83,
            "account_receivable_turnover_ratio": null,
            "reinvestment_rate": null,
            "research_to_sale_ratio": null,
            "price_fair": 0,
            "eps_avg_yearly": 0,
            "eps_latest_yearly": 0,
            "eps_growth_yearly": 0
        },
        "20013": {
            "year_quarter": 20013,
            "year": 2001,
            "quarter": 3,
            "eps": 0.53,
            "eps_growth_year": -87.98,
            "eps_4q": 3.23,
            "eps_4q_growth_year": -76.86,
            "roe": 2.33,
            "roe_4q": 9.09,
            "gross_profit": 127698,
            "gross_margin": 13.06,
            "gross_margin_4q_avg": 16.45,
            "net_income": 59097,
            "net_income_4q": null,
            "revenue": 978070,
            "revenue_4q": null,
            "common_shares": 1125308,
            "book_valuer_per_share": 22.78,
            "book_valuer_per_share_4q_avg": 30.42,
            "equity": 2563357,
            "current_ratio": 288.82,
            "debt_ratio": 35.03,
            "inventory_turnover_ratio": 1.21,
            "account_receivable_turnover_ratio": null,
            "reinvestment_rate": null,
            "research_to_sale_ratio": null,
            "price_fair": 0,
            "eps_avg_yearly": 0,
            "eps_latest_yearly": 0,
            "eps_growth_yearly": 0
        },
        "20014": {
            "year_quarter": 20014,
            "year": 2001,
            "quarter": 4,
            "eps": 0.3,
            "eps_growth_year": -87.4,
            "eps_4q": 2.34,
            "eps_4q_growth_year": -84.15,
            "roe": 1.32,
            "roe_4q": 10.41,
            "gross_profit": 154708,
            "gross_margin": 14.93,
            "gross_margin_4q_avg": 16.07,
            "net_income": 34008,
            "net_income_4q": null,
            "revenue": 1036498,
            "revenue_4q": null,
            "common_shares": 1125309,
            "book_valuer_per_share": 23.08,
            "book_valuer_per_share_4q_avg": 28.58,
            "equity": 2597364,
            "current_ratio": 308.02,
            "debt_ratio": 31.7,
            "inventory_turnover_ratio": 1.38,
            "account_receivable_turnover_ratio": null,
            "reinvestment_rate": null,
            "research_to_sale_ratio": null,
            "price_fair": 0,
            "eps_avg_yearly": 0,
            "eps_latest_yearly": 0,
            "eps_growth_yearly": 0
        },
        "20021": {
            "year_quarter": 20021,
            "year": 2002,
            "quarter": 1,
            "eps": 0.5,
            "eps_growth_year": -74.09,
            "eps_4q": 1.9,
            "eps_4q_growth_year": -84.79,
            "roe": 2.13,
            "roe_4q": 8.280000000000001,
            "gross_profit": 158377,
            "gross_margin": 14.66,
            "gross_margin_4q_avg": 14.88,
            "net_income": 55990,
            "net_income_4q": null,
            "revenue": 1080161,
            "revenue_4q": null,
            "common_shares": 1125309,
            "book_valuer_per_share": 23.58,
            "book_valuer_per_share_4q_avg": 22.92,
            "equity": 2653354,
            "current_ratio": 295.15,
            "debt_ratio": 32.54,
            "inventory_turnover_ratio": 1.45,
            "account_receivable_turnover_ratio": null,
            "reinvestment_rate": null,
            "research_to_sale_ratio": null,
            "price_fair": 70,
            "eps_avg_yearly": 2,
            "eps_latest_yearly": 2,
            "eps_growth_yearly": 266.67
        },
        "20022": {
            "year_quarter": 20022,
            "year": 2002,
            "quarter": 2,
            "eps": 1.54,
            "eps_growth_year": 170.18,
            "eps_4q": 2.86,
            "eps_4q_growth_year": -40.76,
            "roe": 6.34,
            "roe_4q": 12.12,
            "gross_profit": 212590,
            "gross_margin": 17.6,
            "gross_margin_4q_avg": 15.06,
            "net_income": 173614,
            "net_income_4q": null,
            "revenue": 1207778,
            "revenue_4q": null,
            "common_shares": 1125309,
            "book_valuer_per_share": 25.12,
            "book_valuer_per_share_4q_avg": 23.64,
            "equity": 2826968,
            "current_ratio": 449.63,
            "debt_ratio": 44.23,
            "inventory_turnover_ratio": 1.66,
            "account_receivable_turnover_ratio": null,
            "reinvestment_rate": null,
            "research_to_sale_ratio": null,
            "price_fair": 142.8,
            "eps_avg_yearly": 4.08,
            "eps_latest_yearly": 6.16,
            "eps_growth_yearly": 549.33
        },
        "20023": {
            "year_quarter": 20023,
            "year": 2002,
            "quarter": 3,
            "eps": 0.78,
            "eps_growth_year": 47.17,
            "eps_4q": 2.85,
            "eps_4q_growth_year": -11.74,
            "roe": 3.51,
            "roe_4q": 13.3,
            "gross_profit": 198377,
            "gross_margin": 15.8,
            "gross_margin_4q_avg": 15.75,
            "net_income": 99335,
            "net_income_4q": null,
            "revenue": 1255625,
            "revenue_4q": null,
            "common_shares": 1279556,
            "book_valuer_per_share": 22.12,
            "book_valuer_per_share_4q_avg": 23.48,
            "equity": 2830475,
            "current_ratio": 376.49,
            "debt_ratio": 45.59,
            "inventory_turnover_ratio": 1.67,
            "account_receivable_turnover_ratio": null,
            "reinvestment_rate": null,
            "research_to_sale_ratio": null,
            "price_fair": 131.6,
            "eps_avg_yearly": 3.76,
            "eps_latest_yearly": 3.12,
            "eps_growth_yearly": 300.42
        },
        "20024": {
            "year_quarter": 20024,
            "year": 2002,
            "quarter": 4,
            "eps": 0.44,
            "eps_growth_year": 46.67,
            "eps_4q": 2.99,
            "eps_4q_growth_year": 28.01,
            "roe": 1.98,
            "roe_4q": 13.96,
            "gross_profit": 186761,
            "gross_margin": 13.73,
            "gross_margin_4q_avg": 15.45,
            "net_income": 56683,
            "net_income_4q": null,
            "revenue": 1360161,
            "revenue_4q": null,
            "common_shares": 1279556,
            "book_valuer_per_share": 22.56,
            "book_valuer_per_share_4q_avg": 23.35,
            "equity": 2887157,
            "current_ratio": 528.61,
            "debt_ratio": 42.19,
            "inventory_turnover_ratio": 1.65,
            "account_receivable_turnover_ratio": null,
            "reinvestment_rate": 71.07,
            "research_to_sale_ratio": null,
            "price_fair": 114.1,
            "eps_avg_yearly": 3.26,
            "eps_latest_yearly": 1.76,
            "eps_growth_yearly": 181.73
        },
        "20031": {
            "year_quarter": 20031,
            "year": 2003,
            "quarter": 1,
            "eps": 0.85,
            "eps_growth_year": 70,
            "eps_4q": 3.44,
            "eps_4q_growth_year": 80.8,
            "roe": 3.7,
            "roe_4q": 15.53,
            "gross_profit": 219693,
            "gross_margin": 15.16,
            "gross_margin_4q_avg": 15.57,
            "net_income": 108343,
            "net_income_4q": null,
            "revenue": 1449204,
            "revenue_4q": null,
            "common_shares": 1279556,
            "book_valuer_per_share": 23.25,
            "book_valuer_per_share_4q_avg": 23.26,
            "equity": 2975288,
            "current_ratio": 475.15,
            "debt_ratio": 42.71,
            "inventory_turnover_ratio": 1.72,
            "account_receivable_turnover_ratio": null,
            "reinvestment_rate": 60.85,
            "research_to_sale_ratio": null,
            "price_fair": 115.08,
            "eps_avg_yearly": 3.29,
            "eps_latest_yearly": 3.4,
            "eps_growth_yearly": 219.93
        },
        "20032": {
            "year_quarter": 20032,
            "year": 2003,
            "quarter": 2,
            "eps": 0.79,
            "eps_growth_year": -48.7,
            "eps_4q": 2.86,
            "eps_4q_growth_year": -0.1,
            "roe": 3.46,
            "roe_4q": 12.65,
            "gross_profit": 197207,
            "gross_margin": 13.31,
            "gross_margin_4q_avg": 14.5,
            "net_income": 100909,
            "net_income_4q": null,
            "revenue": 1481946,
            "revenue_4q": null,
            "common_shares": 1279781,
            "book_valuer_per_share": 22.3,
            "book_valuer_per_share_4q_avg": 22.56,
            "equity": 2854278,
            "current_ratio": 347.36,
            "debt_ratio": 46.9,
            "inventory_turnover_ratio": 1.82,
            "account_receivable_turnover_ratio": null,
            "reinvestment_rate": 53.69,
            "research_to_sale_ratio": null,
            "price_fair": 114.33,
            "eps_avg_yearly": 3.27,
            "eps_latest_yearly": 3.16,
            "eps_growth_yearly": 178.57
        },
        "20033": {
            "year_quarter": 20033,
            "year": 2003,
            "quarter": 3,
            "eps": 0.85,
            "eps_growth_year": 8.97,
            "eps_4q": 2.74,
            "eps_4q_growth_year": -3.7,
            "roe": 3.98,
            "roe_4q": 13.120000000000001,
            "gross_profit": 257134,
            "gross_margin": 13.68,
            "gross_margin_4q_avg": 13.97,
            "net_income": 119309,
            "net_income_4q": null,
            "revenue": 1880004,
            "revenue_4q": null,
            "common_shares": 1435209,
            "book_valuer_per_share": 21.9,
            "book_valuer_per_share_4q_avg": 22.5,
            "equity": 3143384,
            "current_ratio": 288.97,
            "debt_ratio": 46.56,
            "inventory_turnover_ratio": 2.06,
            "account_receivable_turnover_ratio": null,
            "reinvestment_rate": 48.06,
            "research_to_sale_ratio": null,
            "price_fair": 115,
            "eps_avg_yearly": 3.29,
            "eps_latest_yearly": 3.4,
            "eps_growth_yearly": 157.4
        },
        "20034": {
            "year_quarter": 20034,
            "year": 2003,
            "quarter": 4,
            "eps": 0.82,
            "eps_growth_year": 86.36,
            "eps_4q": 3.15,
            "eps_4q_growth_year": 5.11,
            "roe": 3.54,
            "roe_4q": 14.68,
            "gross_profit": 270273,
            "gross_margin": 13.28,
            "gross_margin_4q_avg": 13.86,
            "net_income": 115816,
            "net_income_4q": null,
            "revenue": 2035242,
            "revenue_4q": null,
            "common_shares": 1470658,
            "book_valuer_per_share": 23.17,
            "book_valuer_per_share_4q_avg": 22.66,
            "equity": 3407931,
            "current_ratio": 358.25,
            "debt_ratio": 39.31,
            "inventory_turnover_ratio": 2.16,
            "account_receivable_turnover_ratio": null,
            "reinvestment_rate": 43.33,
            "research_to_sale_ratio": null,
            "price_fair": 114.98,
            "eps_avg_yearly": 3.29,
            "eps_latest_yearly": 3.28,
            "eps_growth_yearly": 135.96
        },
        "20041": {
            "year_quarter": 20041,
            "year": 2004,
            "quarter": 1,
            "eps": 1.15,
            "eps_growth_year": 35.29,
            "eps_4q": 3.41,
            "eps_4q_growth_year": -0.66,
            "roe": 4.74,
            "roe_4q": 15.720000000000002,
            "gross_profit": 319489,
            "gross_margin": 15.43,
            "gross_margin_4q_avg": 13.93,
            "net_income": 170721,
            "net_income_4q": null,
            "revenue": 2070383,
            "revenue_4q": null,
            "common_shares": 1507002,
            "book_valuer_per_share": 25.15,
            "book_valuer_per_share_4q_avg": 23.13,
            "equity": 3789661,
            "current_ratio": 331.86,
            "debt_ratio": 37.3,
            "inventory_turnover_ratio": 2.05,
            "account_receivable_turnover_ratio": null,
            "reinvestment_rate": 42.14,
            "research_to_sale_ratio": null,
            "price_fair": 120.09,
            "eps_avg_yearly": 3.43,
            "eps_latest_yearly": 4.6,
            "eps_growth_yearly": 138.74
        },
        "20042": {
            "year_quarter": 20042,
            "year": 2004,
            "quarter": 2,
            "eps": 1.26,
            "eps_growth_year": 59.49,
            "eps_4q": 3.69,
            "eps_4q_growth_year": 29.03,
            "roe": 5.52,
            "roe_4q": 17.78,
            "gross_profit": 356287,
            "gross_margin": 15.66,
            "gross_margin_4q_avg": 14.51,
            "net_income": 210449,
            "net_income_4q": null,
            "revenue": 2275429,
            "revenue_4q": null,
            "common_shares": 1516172,
            "book_valuer_per_share": 25.26,
            "book_valuer_per_share_4q_avg": 23.87,
            "equity": 3829760,
            "current_ratio": 284.33,
            "debt_ratio": 51.4,
            "inventory_turnover_ratio": 1.74,
            "account_receivable_turnover_ratio": null,
            "reinvestment_rate": 32.01,
            "research_to_sale_ratio": null,
            "price_fair": 125.72,
            "eps_avg_yearly": 3.59,
            "eps_latest_yearly": 5.04,
            "eps_growth_yearly": 128.69
        },
        "20043": {
            "year_quarter": 20043,
            "year": 2004,
            "quarter": 3,
            "eps": 1.24,
            "eps_growth_year": 45.88,
            "eps_4q": 4.14,
            "eps_4q_growth_year": 50.88,
            "roe": 5.26,
            "roe_4q": 19.06,
            "gross_profit": 419384,
            "gross_margin": 14.7,
            "gross_margin_4q_avg": 14.77,
            "net_income": 212422,
            "net_income_4q": null,
            "revenue": 2852573,
            "revenue_4q": null,
            "common_shares": 1815772,
            "book_valuer_per_share": 23.37,
            "book_valuer_per_share_4q_avg": 24.24,
            "equity": 4242554,
            "current_ratio": 264.31,
            "debt_ratio": 49.03,
            "inventory_turnover_ratio": 1.78,
            "account_receivable_turnover_ratio": null,
            "reinvestment_rate": 28.23,
            "research_to_sale_ratio": null,
            "price_fair": 130.07,
            "eps_avg_yearly": 3.72,
            "eps_latest_yearly": 4.96,
            "eps_growth_yearly": 116.41
        },
        "20044": {
            "year_quarter": 20044,
            "year": 2004,
            "quarter": 4,
            "eps": 0.66,
            "eps_growth_year": -19.51,
            "eps_4q": 4.06,
            "eps_4q_growth_year": 29.12,
            "roe": 2.66,
            "roe_4q": 18.18,
            "gross_profit": 353689,
            "gross_margin": 12.45,
            "gross_margin_4q_avg": 14.56,
            "net_income": 115147,
            "net_income_4q": null,
            "revenue": 2840381,
            "revenue_4q": null,
            "common_shares": 1828058,
            "book_valuer_per_share": 24.1,
            "book_valuer_per_share_4q_avg": 24.47,
            "equity": 4405584,
            "current_ratio": 262.24,
            "debt_ratio": 48.31,
            "inventory_turnover_ratio": 1.78,
            "account_receivable_turnover_ratio": null,
            "reinvestment_rate": 15.78,
            "research_to_sale_ratio": null,
            "price_fair": 126.93,
            "eps_avg_yearly": 3.63,
            "eps_latest_yearly": 2.64,
            "eps_growth_yearly": 91.12
        },
        "20051": {
            "year_quarter": 20051,
            "year": 2005,
            "quarter": 1,
            "eps": 1.15,
            "eps_growth_year": 0,
            "eps_4q": 4.12,
            "eps_4q_growth_year": 20.61,
            "roe": 4.62,
            "roe_4q": 18.06,
            "gross_profit": 388714,
            "gross_margin": 14.08,
            "gross_margin_4q_avg": 14.22,
            "net_income": 208520,
            "net_income_4q": null,
            "revenue": 2759973,
            "revenue_4q": null,
            "common_shares": 1832028,
            "book_valuer_per_share": 25.26,
            "book_valuer_per_share_4q_avg": 24.5,
            "equity": 4627850,
            "current_ratio": 282.45,
            "debt_ratio": 46.08,
            "inventory_turnover_ratio": 1.95,
            "account_receivable_turnover_ratio": null,
            "reinvestment_rate": 8.2,
            "research_to_sale_ratio": null,
            "price_fair": 129.55,
            "eps_avg_yearly": 3.7,
            "eps_latest_yearly": 4.6,
            "eps_growth_yearly": 106.96
        },
        "20052": {
            "year_quarter": 20052,
            "year": 2005,
            "quarter": 2,
            "eps": 1.1,
            "eps_growth_year": -12.7,
            "eps_4q": 3.83,
            "eps_4q_growth_year": 3.67,
            "roe": 4.74,
            "roe_4q": 17.28,
            "gross_profit": 446642,
            "gross_margin": 15.32,
            "gross_margin_4q_avg": 14.14,
            "net_income": 216392,
            "net_income_4q": null,
            "revenue": 2915464,
            "revenue_4q": null,
            "common_shares": 1859875,
            "book_valuer_per_share": 24.24,
            "book_valuer_per_share_4q_avg": 24.24,
            "equity": 4508942,
            "current_ratio": 231.98,
            "debt_ratio": 49.69,
            "inventory_turnover_ratio": 2.37,
            "account_receivable_turnover_ratio": null,
            "reinvestment_rate": 13.4,
            "research_to_sale_ratio": null,
            "price_fair": 131.3,
            "eps_avg_yearly": 3.75,
            "eps_latest_yearly": 4.4,
            "eps_growth_yearly": 98.07
        },
        "20053": {
            "year_quarter": 20053,
            "year": 2005,
            "quarter": 3,
            "eps": 1.34,
            "eps_growth_year": 8.06,
            "eps_4q": 4.08,
            "eps_4q_growth_year": -1.53,
            "roe": 5.62,
            "roe_4q": 17.64,
            "gross_profit": 453824,
            "gross_margin": 16.52,
            "gross_margin_4q_avg": 14.59,
            "net_income": 264328,
            "net_income_4q": null,
            "revenue": 2746521,
            "revenue_4q": null,
            "common_shares": 2034473,
            "book_valuer_per_share": 24.07,
            "book_valuer_per_share_4q_avg": 24.42,
            "equity": 4897054,
            "current_ratio": 253.35,
            "debt_ratio": 43.35,
            "inventory_turnover_ratio": 2.23,
            "account_receivable_turnover_ratio": null,
            "reinvestment_rate": 12.45,
            "research_to_sale_ratio": null,
            "price_fair": 135.05,
            "eps_avg_yearly": 3.86,
            "eps_latest_yearly": 5.36,
            "eps_growth_yearly": 97.35
        },
        "20054": {
            "year_quarter": 20054,
            "year": 2005,
            "quarter": 4,
            "eps": 1.28,
            "eps_growth_year": 93.94,
            "eps_4q": 4.75,
            "eps_4q_growth_year": 17.04,
            "roe": 4.23,
            "roe_4q": 19.21,
            "gross_profit": 473772,
            "gross_margin": 16.7,
            "gross_margin_4q_avg": 15.66,
            "net_income": 253919,
            "net_income_4q": null,
            "revenue": 2836522,
            "revenue_4q": null,
            "common_shares": 2109775,
            "book_valuer_per_share": 25.87,
            "book_valuer_per_share_4q_avg": 24.86,
            "equity": 7108883,
            "current_ratio": 289.31,
            "debt_ratio": 34.62,
            "inventory_turnover_ratio": 1.89,
            "account_receivable_turnover_ratio": null,
            "reinvestment_rate": 52.4,
            "research_to_sale_ratio": null,
            "price_fair": 137.81,
            "eps_avg_yearly": 3.94,
            "eps_latest_yearly": 5.12,
            "eps_growth_yearly": 90.15
        },
        "20061": {
            "year_quarter": 20061,
            "year": 2006,
            "quarter": 1,
            "eps": 1.32,
            "eps_growth_year": 14.78,
            "eps_4q": 4.7,
            "eps_4q_growth_year": 14.27,
            "roe": 4.25,
            "roe_4q": 18.840000000000003,
            "gross_profit": 509898,
            "gross_margin": 17.76,
            "gross_margin_4q_avg": 16.58,
            "net_income": 286496,
            "net_income_4q": null,
            "revenue": 2871670,
            "revenue_4q": null,
            "common_shares": 2216601,
            "book_valuer_per_share": 28.78,
            "book_valuer_per_share_4q_avg": 25.74,
            "equity": 6379271,
            "current_ratio": 265.68,
            "debt_ratio": 33.21,
            "inventory_turnover_ratio": 1.72,
            "account_receivable_turnover_ratio": null,
            "reinvestment_rate": 11.8,
            "research_to_sale_ratio": null,
            "price_fair": 144.99,
            "eps_avg_yearly": 4.14,
            "eps_latest_yearly": 5.28,
            "eps_growth_yearly": 74.26
        },
        "20062": {
            "year_quarter": 20062,
            "year": 2006,
            "quarter": 2,
            "eps": 1.16,
            "eps_growth_year": 5.45,
            "eps_4q": 4.55,
            "eps_4q_growth_year": 18.98,
            "roe": 4.43,
            "roe_4q": 18.53,
            "gross_profit": 492095,
            "gross_margin": 17.02,
            "gross_margin_4q_avg": 17,
            "net_income": 275278,
            "net_income_4q": null,
            "revenue": 2891187,
            "revenue_4q": null,
            "common_shares": 2232327,
            "book_valuer_per_share": 27.07,
            "book_valuer_per_share_4q_avg": 26.45,
            "equity": 6042220,
            "current_ratio": 227.43,
            "debt_ratio": 36.98,
            "inventory_turnover_ratio": 1.82,
            "account_receivable_turnover_ratio": null,
            "reinvestment_rate": 12.95,
            "research_to_sale_ratio": null,
            "price_fair": 118.32,
            "eps_avg_yearly": 4.05,
            "eps_latest_yearly": 4.64,
            "eps_growth_yearly": 19.23
        },
        "20063": {
            "year_quarter": 20063,
            "year": 2006,
            "quarter": 3,
            "eps": 1.23,
            "eps_growth_year": -8.21,
            "eps_4q": 4.65,
            "eps_4q_growth_year": 14.03,
            "roe": 4.68,
            "roe_4q": 17.59,
            "gross_profit": 534751,
            "gross_margin": 17.11,
            "gross_margin_4q_avg": 17.15,
            "net_income": 293353,
            "net_income_4q": null,
            "revenue": 3126115,
            "revenue_4q": null,
            "common_shares": 2449238,
            "book_valuer_per_share": 26.54,
            "book_valuer_per_share_4q_avg": 27.07,
            "equity": 6499104,
            "current_ratio": 204.49,
            "debt_ratio": 33.56,
            "inventory_turnover_ratio": 1.87,
            "account_receivable_turnover_ratio": null,
            "reinvestment_rate": 13.16,
            "research_to_sale_ratio": null,
            "price_fair": 145.6,
            "eps_avg_yearly": 4.16,
            "eps_latest_yearly": 4.92,
            "eps_growth_yearly": 33.08
        },
        "20064": {
            "year_quarter": 20064,
            "year": 2006,
            "quarter": 4,
            "eps": 1.18,
            "eps_growth_year": -7.81,
            "eps_4q": 4.73,
            "eps_4q_growth_year": -0.49,
            "roe": 3.65,
            "roe_4q": 17.009999999999998,
            "gross_profit": 502695,
            "gross_margin": 16.28,
            "gross_margin_4q_avg": 17.04,
            "net_income": 284142,
            "net_income_4q": null,
            "revenue": 3087310,
            "revenue_4q": null,
            "common_shares": 2459742,
            "book_valuer_per_share": 27.52,
            "book_valuer_per_share_4q_avg": 27.48,
            "equity": 9062046,
            "current_ratio": 251.66,
            "debt_ratio": 27.97,
            "inventory_turnover_ratio": 1.55,
            "account_receivable_turnover_ratio": null,
            "reinvestment_rate": 60.07,
            "research_to_sale_ratio": null,
            "price_fair": 152.08,
            "eps_avg_yearly": 4.35,
            "eps_latest_yearly": 4.72,
            "eps_growth_yearly": 42.96
        },
        "20071": {
            "year_quarter": 20071,
            "year": 2007,
            "quarter": 1,
            "eps": 1.21,
            "eps_growth_year": -8.33,
            "eps_4q": 4.71,
            "eps_4q_growth_year": 0.13,
            "roe": 3.6,
            "roe_4q": 16.36,
            "gross_profit": 525699,
            "gross_margin": 17.36,
            "gross_margin_4q_avg": 16.94,
            "net_income": 294753,
            "net_income_4q": null,
            "revenue": 3028317,
            "revenue_4q": null,
            "common_shares": 2493331,
            "book_valuer_per_share": 29.38,
            "book_valuer_per_share_4q_avg": 27.63,
            "equity": 7325269,
            "current_ratio": 269.76,
            "debt_ratio": 23.36,
            "inventory_turnover_ratio": 1.49,
            "account_receivable_turnover_ratio": null,
            "reinvestment_rate": 13.77,
            "research_to_sale_ratio": null,
            "price_fair": 134.39,
            "eps_avg_yearly": 4.44,
            "eps_latest_yearly": 4.84,
            "eps_growth_yearly": 20.3
        },
        "20072": {
            "year_quarter": 20072,
            "year": 2007,
            "quarter": 2,
            "eps": 1.26,
            "eps_growth_year": 8.62,
            "eps_4q": 4.6,
            "eps_4q_growth_year": 1.04,
            "roe": 4.62,
            "roe_4q": 16.55,
            "gross_profit": 551924,
            "gross_margin": 17.61,
            "gross_margin_4q_avg": 17.09,
            "net_income": 329195,
            "net_income_4q": null,
            "revenue": 3133357,
            "revenue_4q": null,
            "common_shares": 2508822,
            "book_valuer_per_share": 27.61,
            "book_valuer_per_share_4q_avg": 27.76,
            "equity": 6927187,
            "current_ratio": 207.36,
            "debt_ratio": 30.88,
            "inventory_turnover_ratio": 1.73,
            "account_receivable_turnover_ratio": null,
            "reinvestment_rate": 15.05,
            "research_to_sale_ratio": null,
            "price_fair": 150.68,
            "eps_avg_yearly": 4.55,
            "eps_latest_yearly": 5.04,
            "eps_growth_yearly": 23.1
        },
        "20073": {
            "year_quarter": 20073,
            "year": 2007,
            "quarter": 3,
            "eps": 1.37,
            "eps_growth_year": 11.38,
            "eps_4q": 4.81,
            "eps_4q_growth_year": 3.44,
            "roe": 5.13,
            "roe_4q": 17,
            "gross_profit": 634606,
            "gross_margin": 17.48,
            "gross_margin_4q_avg": 17.18,
            "net_income": 361641,
            "net_income_4q": null,
            "revenue": 3630027,
            "revenue_4q": null,
            "common_shares": 2694660,
            "book_valuer_per_share": 26.66,
            "book_valuer_per_share_4q_avg": 27.79,
            "equity": 7182707,
            "current_ratio": 201.83,
            "debt_ratio": 33.52,
            "inventory_turnover_ratio": 1.94,
            "account_receivable_turnover_ratio": null,
            "reinvestment_rate": 18.71,
            "research_to_sale_ratio": null,
            "price_fair": 156.32,
            "eps_avg_yearly": 4.68,
            "eps_latest_yearly": 5.48,
            "eps_growth_yearly": 23.38
        },
        "20074": {
            "year_quarter": 20074,
            "year": 2007,
            "quarter": 4,
            "eps": 0.76,
            "eps_growth_year": -35.59,
            "eps_4q": 4.44,
            "eps_4q_growth_year": -6.11,
            "roe": 2.22,
            "roe_4q": 15.569999999999999,
            "gross_profit": 446450,
            "gross_margin": 13.23,
            "gross_margin_4q_avg": 16.42,
            "net_income": 203418,
            "net_income_4q": null,
            "revenue": 3373944,
            "revenue_4q": null,
            "common_shares": 2703274,
            "book_valuer_per_share": 27.86,
            "book_valuer_per_share_4q_avg": 27.88,
            "equity": 11158288,
            "current_ratio": 314.68,
            "debt_ratio": 23.16,
            "inventory_turnover_ratio": 1.58,
            "account_receivable_turnover_ratio": null,
            "reinvestment_rate": 54.8,
            "research_to_sale_ratio": null,
            "price_fair": 107.98,
            "eps_avg_yearly": 4.67,
            "eps_latest_yearly": 3.04,
            "eps_growth_yearly": 13.13
        },
        "20081": {
            "year_quarter": 20081,
            "year": 2008,
            "quarter": 1,
            "eps": 0.79,
            "eps_growth_year": -34.71,
            "eps_4q": 4.02,
            "eps_4q_growth_year": -14.64,
            "roe": 1.95,
            "roe_4q": 13.920000000000002,
            "gross_profit": 564294,
            "gross_margin": 15.42,
            "gross_margin_4q_avg": 15.94,
            "net_income": 217464,
            "net_income_4q": null,
            "revenue": 3660532,
            "revenue_4q": null,
            "common_shares": 2703600,
            "book_valuer_per_share": 28.58,
            "book_valuer_per_share_4q_avg": 27.68,
            "equity": 11181412,
            "current_ratio": 307.65,
            "debt_ratio": 22.78,
            "inventory_turnover_ratio": 1.4,
            "account_receivable_turnover_ratio": null,
            "reinvestment_rate": 53.09,
            "research_to_sale_ratio": null,
            "price_fair": 64.36,
            "eps_avg_yearly": 4.58,
            "eps_latest_yearly": 3.16,
            "eps_growth_yearly": 4.06
        },
        "20082": {
            "year_quarter": 20082,
            "year": 2008,
            "quarter": 2,
            "eps": 0.74,
            "eps_growth_year": -41.27,
            "eps_4q": 4,
            "eps_4q_growth_year": -13.03,
            "roe": 1.93,
            "roe_4q": 11.23,
            "gross_profit": 352191,
            "gross_margin": 10.53,
            "gross_margin_4q_avg": 14.17,
            "net_income": 181840,
            "net_income_4q": null,
            "revenue": 3345706,
            "revenue_4q": null,
            "common_shares": 2703953,
            "book_valuer_per_share": 26.71,
            "book_valuer_per_share_4q_avg": 27.45,
            "equity": 7645503,
            "current_ratio": 202.47,
            "debt_ratio": 32.44,
            "inventory_turnover_ratio": 1.48,
            "account_receivable_turnover_ratio": null,
            "reinvestment_rate": 24.84,
            "research_to_sale_ratio": null,
            "price_fair": 44.48,
            "eps_avg_yearly": 4.45,
            "eps_latest_yearly": 2.96,
            "eps_growth_yearly": 0.09
        },
        "20083": {
            "year_quarter": 20083,
            "year": 2008,
            "quarter": 3,
            "eps": 0.93,
            "eps_growth_year": -32.12,
            "eps_4q": 3.07,
            "eps_4q_growth_year": -36.13,
            "roe": 3.47,
            "roe_4q": 9.57,
            "gross_profit": 568020,
            "gross_margin": 13.67,
            "gross_margin_4q_avg": 13.21,
            "net_income": 266610,
            "net_income_4q": null,
            "revenue": 4153968,
            "revenue_4q": null,
            "common_shares": 2806456,
            "book_valuer_per_share": 26.33,
            "book_valuer_per_share_4q_avg": 27.37,
            "equity": 7718029,
            "current_ratio": 252.51,
            "debt_ratio": 33.76,
            "inventory_turnover_ratio": 1.99,
            "account_receivable_turnover_ratio": null,
            "reinvestment_rate": 26.66,
            "research_to_sale_ratio": null,
            "price_fair": 73.86,
            "eps_avg_yearly": 4.37,
            "eps_latest_yearly": 3.72,
            "eps_growth_yearly": 6.9
        },
        "20084": {
            "year_quarter": 20084,
            "year": 2008,
            "quarter": 4,
            "eps": -0.01,
            "eps_growth_year": -101.32,
            "eps_4q": 2.49,
            "eps_4q_growth_year": -43.95,
            "roe": -0.17,
            "roe_4q": 7.180000000000001,
            "gross_profit": 426935,
            "gross_margin": 13.62,
            "gross_margin_4q_avg": 13.31,
            "net_income": -13071,
            "net_income_4q": null,
            "revenue": 3135630,
            "revenue_4q": null,
            "common_shares": 2806456,
            "book_valuer_per_share": 26.03,
            "book_valuer_per_share_4q_avg": 26.91,
            "equity": 7651748,
            "current_ratio": 278.02,
            "debt_ratio": 33.54,
            "inventory_turnover_ratio": 1.43,
            "account_receivable_turnover_ratio": 1.95,
            "reinvestment_rate": 25.72,
            "research_to_sale_ratio": null,
            "price_fair": 133.82,
            "eps_avg_yearly": 4.49,
            "eps_latest_yearly": 3.72,
            "eps_growth_yearly": 19.84
        },
        "20091": {
            "year_quarter": 20091,
            "year": 2009,
            "quarter": 1,
            "eps": 0.66,
            "eps_growth_year": -16.46,
            "eps_4q": 2.17,
            "eps_4q_growth_year": -46.1,
            "roe": 2.52,
            "roe_4q": 7.75,
            "gross_profit": 441287,
            "gross_margin": 17.12,
            "gross_margin_4q_avg": 13.74,
            "net_income": 197332,
            "net_income_4q": null,
            "revenue": 2577239,
            "revenue_4q": null,
            "common_shares": 2806456,
            "book_valuer_per_share": 27.12,
            "book_valuer_per_share_4q_avg": 26.55,
            "equity": 8010594,
            "current_ratio": 368.71,
            "debt_ratio": 27.14,
            "inventory_turnover_ratio": 1.22,
            "account_receivable_turnover_ratio": 0.91,
            "reinvestment_rate": 26.6,
            "research_to_sale_ratio": null,
            "price_fair": 44.77,
            "eps_avg_yearly": 4.48,
            "eps_latest_yearly": 3.72,
            "eps_growth_yearly": 0.04
        },
        "20092": {
            "year_quarter": 20092,
            "year": 2009,
            "quarter": 2,
            "eps": 0.86,
            "eps_growth_year": 16.22,
            "eps_4q": 2.36,
            "eps_4q_growth_year": -40.87,
            "roe": 3.17,
            "roe_4q": 8.99,
            "gross_profit": 551347,
            "gross_margin": 15.41,
            "gross_margin_4q_avg": 14.96,
            "net_income": 251213,
            "net_income_4q": null,
            "revenue": 3577565,
            "revenue_4q": null,
            "common_shares": 2806456,
            "book_valuer_per_share": 26.6,
            "book_valuer_per_share_4q_avg": 26.52,
            "equity": 7840695,
            "current_ratio": 263.75,
            "debt_ratio": 33.89,
            "inventory_turnover_ratio": 2.19,
            "account_receivable_turnover_ratio": 1.27,
            "reinvestment_rate": 21.56,
            "research_to_sale_ratio": null,
            "price_fair": 87.91,
            "eps_avg_yearly": 4.41,
            "eps_latest_yearly": 3.44,
            "eps_growth_yearly": 9.94
        },
        "20093": {
            "year_quarter": 20093,
            "year": 2009,
            "quarter": 3,
            "eps": 0.87,
            "eps_growth_year": -6.45,
            "eps_4q": 2.27,
            "eps_4q_growth_year": -26.11,
            "roe": 3.21,
            "roe_4q": 8.73,
            "gross_profit": 620038,
            "gross_margin": 16.84,
            "gross_margin_4q_avg": 15.75,
            "net_income": 260224,
            "net_income_4q": null,
            "revenue": 3681793,
            "revenue_4q": null,
            "common_shares": 2872175,
            "book_valuer_per_share": 27.43,
            "book_valuer_per_share_4q_avg": 26.8,
            "equity": 8394239,
            "current_ratio": 282.36,
            "debt_ratio": 31.43,
            "inventory_turnover_ratio": 2.49,
            "account_receivable_turnover_ratio": 1.11,
            "reinvestment_rate": 20.91,
            "research_to_sale_ratio": null,
            "price_fair": 60,
            "eps_avg_yearly": 4.27,
            "eps_latest_yearly": 3.48,
            "eps_growth_yearly": 4.04
        },
        "20094": {
            "year_quarter": 20094,
            "year": 2009,
            "quarter": 4,
            "eps": 0.58,
            "eps_growth_year": null,
            "eps_4q": 2.96,
            "eps_4q_growth_year": 18.8,
            "roe": 2.47,
            "roe_4q": 11.37,
            "gross_profit": 477176,
            "gross_margin": 14.09,
            "gross_margin_4q_avg": 15.87,
            "net_income": 212268,
            "net_income_4q": null,
            "revenue": 3386474,
            "revenue_4q": null,
            "common_shares": 2872175,
            "book_valuer_per_share": 28.46,
            "book_valuer_per_share_4q_avg": 27.4,
            "equity": 8768793,
            "current_ratio": 262.25,
            "debt_ratio": 32.6,
            "inventory_turnover_ratio": 1.99,
            "account_receivable_turnover_ratio": 1.3,
            "reinvestment_rate": 34.64,
            "research_to_sale_ratio": null,
            "price_fair": 12.22,
            "eps_avg_yearly": 4.07,
            "eps_latest_yearly": 2.32,
            "eps_growth_yearly": -4.21
        },
        "20101": {
            "year_quarter": 20101,
            "year": 2010,
            "quarter": 1,
            "eps": 0.87,
            "eps_growth_year": 31.82,
            "eps_4q": 3.18,
            "eps_4q_growth_year": 46.67,
            "roe": 2.95,
            "roe_4q": 11.799999999999999,
            "gross_profit": 553765,
            "gross_margin": 15.86,
            "gross_margin_4q_avg": 15.55,
            "net_income": 261728,
            "net_income_4q": null,
            "revenue": 3491861,
            "revenue_4q": null,
            "common_shares": 2872175,
            "book_valuer_per_share": 29.17,
            "book_valuer_per_share_4q_avg": 27.92,
            "equity": 8959983,
            "current_ratio": 259.47,
            "debt_ratio": 32.68,
            "inventory_turnover_ratio": 1.65,
            "account_receivable_turnover_ratio": 0.62,
            "reinvestment_rate": 61.24,
            "research_to_sale_ratio": 0.65,
            "price_fair": 75.71,
            "eps_avg_yearly": 3.95,
            "eps_latest_yearly": 3.48,
            "eps_growth_yearly": 9.19
        },
        "20102": {
            "year_quarter": 20102,
            "year": 2010,
            "quarter": 2,
            "eps": 0.73,
            "eps_growth_year": -14.69,
            "eps_4q": 3.05,
            "eps_4q_growth_year": 28.99,
            "roe": 2.23,
            "roe_4q": 10.86,
            "gross_profit": 589016,
            "gross_margin": 15.71,
            "gross_margin_4q_avg": 15.63,
            "net_income": 193049,
            "net_income_4q": null,
            "revenue": 3750268,
            "revenue_4q": null,
            "common_shares": 2872175,
            "book_valuer_per_share": 27.37,
            "book_valuer_per_share_4q_avg": 28.11,
            "equity": 8368744,
            "current_ratio": 203.55,
            "debt_ratio": 40.12,
            "inventory_turnover_ratio": 1.53,
            "account_receivable_turnover_ratio": 0.72,
            "reinvestment_rate": 68.63,
            "research_to_sale_ratio": 0.68,
            "price_fair": 69.01,
            "eps_avg_yearly": 3.82,
            "eps_latest_yearly": 2.92,
            "eps_growth_yearly": 8.05
        },
        "20103": {
            "year_quarter": 20103,
            "year": 2010,
            "quarter": 3,
            "eps": 0.7,
            "eps_growth_year": -19.06,
            "eps_4q": 2.67,
            "eps_4q_growth_year": 17.42,
            "roe": 2.54,
            "roe_4q": 10.19,
            "gross_profit": 538774,
            "gross_margin": 14.52,
            "gross_margin_4q_avg": 15.05,
            "net_income": 231499,
            "net_income_4q": null,
            "revenue": 3711506,
            "revenue_4q": null,
            "common_shares": 3202175,
            "book_valuer_per_share": 28.91,
            "book_valuer_per_share_4q_avg": 28.48,
            "equity": 9872447,
            "current_ratio": 267.26,
            "debt_ratio": 31.87,
            "inventory_turnover_ratio": 1.25,
            "account_receivable_turnover_ratio": 0.93,
            "reinvestment_rate": 75.9,
            "research_to_sale_ratio": 0.93,
            "price_fair": 55.64,
            "eps_avg_yearly": 3.67,
            "eps_latest_yearly": 2.8,
            "eps_growth_yearly": 5.15
        },
        "20104": {
            "year_quarter": 20104,
            "year": 2010,
            "quarter": 4,
            "eps": 0.46,
            "eps_growth_year": -21.18,
            "eps_4q": 2.6,
            "eps_4q_growth_year": -12.14,
            "roe": 1.45,
            "roe_4q": 9.170000000000002,
            "gross_profit": 442674,
            "gross_margin": 11.28,
            "gross_margin_4q_avg": 14.34,
            "net_income": 143842,
            "net_income_4q": null,
            "revenue": 3925990,
            "revenue_4q": null,
            "common_shares": 3202175,
            "book_valuer_per_share": 29.27,
            "book_valuer_per_share_4q_avg": 28.68,
            "equity": 10013829,
            "current_ratio": 257.22,
            "debt_ratio": 32.11,
            "inventory_turnover_ratio": 1.29,
            "account_receivable_turnover_ratio": 0.83,
            "reinvestment_rate": 41.21,
            "research_to_sale_ratio": 1.13,
            "price_fair": 10.4,
            "eps_avg_yearly": 3.47,
            "eps_latest_yearly": 1.84,
            "eps_growth_yearly": -3.48
        },
        "20111": {
            "year_quarter": 20111,
            "year": 2011,
            "quarter": 1,
            "eps": 0.66,
            "eps_growth_year": -24.14,
            "eps_4q": 2.48,
            "eps_4q_growth_year": -21.85,
            "roe": 2.13,
            "roe_4q": 8.35,
            "gross_profit": 460155,
            "gross_margin": 11.72,
            "gross_margin_4q_avg": 13.31,
            "net_income": 215812,
            "net_income_4q": null,
            "revenue": 3925517,
            "revenue_4q": null,
            "common_shares": 3202175,
            "book_valuer_per_share": 30,
            "book_valuer_per_share_4q_avg": 28.89,
            "equity": 10263333,
            "current_ratio": 253.62,
            "debt_ratio": 32.29,
            "inventory_turnover_ratio": 1.44,
            "account_receivable_turnover_ratio": 0.6,
            "reinvestment_rate": 159.75,
            "research_to_sale_ratio": 0.79,
            "price_fair": 60.27,
            "eps_avg_yearly": 3.31,
            "eps_latest_yearly": 2.64,
            "eps_growth_yearly": 8.22
        },
        "20112": {
            "year_quarter": 20112,
            "year": 2011,
            "quarter": 2,
            "eps": 0.67,
            "eps_growth_year": -8.29,
            "eps_4q": 2.5,
            "eps_4q_growth_year": -18.07,
            "roe": 2.27,
            "roe_4q": 8.39,
            "gross_profit": 514221,
            "gross_margin": 12.69,
            "gross_margin_4q_avg": 12.55,
            "net_income": 224086,
            "net_income_4q": null,
            "revenue": 4053653,
            "revenue_4q": null,
            "common_shares": 3202175,
            "book_valuer_per_share": 27.82,
            "book_valuer_per_share_4q_avg": 29,
            "equity": 9473451,
            "current_ratio": 191.18,
            "debt_ratio": 37.05,
            "inventory_turnover_ratio": 1.56,
            "account_receivable_turnover_ratio": 0.67,
            "reinvestment_rate": 148.49,
            "research_to_sale_ratio": 0.51,
            "price_fair": 54.85,
            "eps_avg_yearly": 3.14,
            "eps_latest_yearly": 2.68,
            "eps_growth_yearly": 7.47
        },
        "20113": {
            "year_quarter": 20113,
            "year": 2011,
            "quarter": 3,
            "eps": 0.72,
            "eps_growth_year": 1.82,
            "eps_4q": 2.51,
            "eps_4q_growth_year": -5.83,
            "roe": 2.43,
            "roe_4q": 8.28,
            "gross_profit": 501866,
            "gross_margin": 13.09,
            "gross_margin_4q_avg": 12.2,
            "net_income": 233517,
            "net_income_4q": null,
            "revenue": 3833071,
            "revenue_4q": null,
            "common_shares": 3202175,
            "book_valuer_per_share": 28.43,
            "book_valuer_per_share_4q_avg": 28.88,
            "equity": 9717597,
            "current_ratio": 213.94,
            "debt_ratio": 32.62,
            "inventory_turnover_ratio": 1.43,
            "account_receivable_turnover_ratio": 0.76,
            "reinvestment_rate": 150.26,
            "research_to_sale_ratio": 0.68,
            "price_fair": 50.53,
            "eps_avg_yearly": 2.95,
            "eps_latest_yearly": 2.88,
            "eps_growth_yearly": 7.11
        },
        "20114": {
            "year_quarter": 20114,
            "year": 2011,
            "quarter": 4,
            "eps": 0.33,
            "eps_growth_year": -27.2,
            "eps_4q": 2.38,
            "eps_4q_growth_year": -8.25,
            "roe": 0.97,
            "roe_4q": 7.8,
            "gross_profit": 463612,
            "gross_margin": 12.12,
            "gross_margin_4q_avg": 12.41,
            "net_income": 94320,
            "net_income_4q": null,
            "revenue": 3824839,
            "revenue_4q": null,
            "common_shares": 3202175,
            "book_valuer_per_share": 28.47,
            "book_valuer_per_share_4q_avg": 28.68,
            "equity": 9662213,
            "current_ratio": 212.46,
            "debt_ratio": 33.22,
            "inventory_turnover_ratio": 1.46,
            "account_receivable_turnover_ratio": 0.61,
            "reinvestment_rate": 98.69,
            "research_to_sale_ratio": 1.3,
            "price_fair": 40.63,
            "eps_avg_yearly": 2.83,
            "eps_latest_yearly": 1.32,
            "eps_growth_yearly": 4.35
        },
        "20121": {
            "year_quarter": 20121,
            "year": 2012,
            "quarter": 1,
            "eps": 0.5,
            "eps_growth_year": -24.24,
            "eps_4q": 2.22,
            "eps_4q_growth_year": -10.59,
            "roe": 1.59,
            "roe_4q": 7.26,
            "gross_profit": 430601,
            "gross_margin": 12.51,
            "gross_margin_4q_avg": 12.6,
            "net_income": 155330,
            "net_income_4q": null,
            "revenue": 3443057,
            "revenue_4q": null,
            "common_shares": 3202175,
            "book_valuer_per_share": 28.98,
            "book_valuer_per_share_4q_avg": 28.43,
            "equity": 9845478,
            "current_ratio": 221.49,
            "debt_ratio": 31.51,
            "inventory_turnover_ratio": 1.35,
            "account_receivable_turnover_ratio": 0.49,
            "reinvestment_rate": 104.28,
            "research_to_sale_ratio": 0.98,
            "price_fair": 76.8,
            "eps_avg_yearly": 2.75,
            "eps_latest_yearly": 2,
            "eps_growth_yearly": 17.94
        },
        "20122": {
            "year_quarter": 20122,
            "year": 2012,
            "quarter": 2,
            "eps": 0.5,
            "eps_growth_year": -25.43,
            "eps_4q": 2.05,
            "eps_4q_growth_year": -17.97,
            "roe": 1.62,
            "roe_4q": 6.609999999999999,
            "gross_profit": 501058,
            "gross_margin": 13.81,
            "gross_margin_4q_avg": 12.88,
            "net_income": 155121,
            "net_income_4q": null,
            "revenue": 3627980,
            "revenue_4q": null,
            "common_shares": 3202175,
            "book_valuer_per_share": 27.42,
            "book_valuer_per_share_4q_avg": 28.33,
            "equity": 9277339,
            "current_ratio": 204.19,
            "debt_ratio": 34.7,
            "inventory_turnover_ratio": 1.42,
            "account_receivable_turnover_ratio": 0.64,
            "reinvestment_rate": 140.77,
            "research_to_sale_ratio": 0.71,
            "price_fair": 79.73,
            "eps_avg_yearly": 2.68,
            "eps_latest_yearly": 2,
            "eps_growth_yearly": 19.75
        },
        "20123": {
            "year_quarter": 20123,
            "year": 2012,
            "quarter": 3,
            "eps": 0.63,
            "eps_growth_year": -11.84,
            "eps_4q": 1.97,
            "eps_4q_growth_year": -21.71,
            "roe": 2.11,
            "roe_4q": 6.29,
            "gross_profit": 552276,
            "gross_margin": 14.08,
            "gross_margin_4q_avg": 13.13,
            "net_income": 198976,
            "net_income_4q": null,
            "revenue": 3921447,
            "revenue_4q": null,
            "common_shares": 3202175,
            "book_valuer_per_share": 28.05,
            "book_valuer_per_share_4q_avg": 28.23,
            "equity": 9579377,
            "current_ratio": 221.32,
            "debt_ratio": 31.58,
            "inventory_turnover_ratio": 1.56,
            "account_receivable_turnover_ratio": 0.86,
            "reinvestment_rate": 137.89,
            "research_to_sale_ratio": 0.99,
            "price_fair": 77.42,
            "eps_avg_yearly": 2.59,
            "eps_latest_yearly": 2.52,
            "eps_growth_yearly": 19.84
        },
        "20124": {
            "year_quarter": 20124,
            "year": 2012,
            "quarter": 4,
            "eps": 0.42,
            "eps_growth_year": 25.92,
            "eps_4q": 2.05,
            "eps_4q_growth_year": -13.97,
            "roe": 1.32,
            "roe_4q": 6.64,
            "gross_profit": 384789,
            "gross_margin": 10.64,
            "gross_margin_4q_avg": 12.76,
            "net_income": 126501,
            "net_income_4q": null,
            "revenue": 3615350,
            "revenue_4q": null,
            "common_shares": 3202175,
            "book_valuer_per_share": 28.2,
            "book_valuer_per_share_4q_avg": 28.16,
            "equity": 9595505,
            "current_ratio": 226.82,
            "debt_ratio": 30.88,
            "inventory_turnover_ratio": 1.55,
            "account_receivable_turnover_ratio": 0.68,
            "reinvestment_rate": 129.86,
            "research_to_sale_ratio": 1.05,
            "price_fair": 49.73,
            "eps_avg_yearly": 2.53,
            "eps_latest_yearly": 1.68,
            "eps_growth_yearly": 9.63
        },
        "20131": {
            "year_quarter": 20131,
            "year": 2013,
            "quarter": 1,
            "eps": 0.53,
            "eps_growth_year": 6,
            "eps_4q": 2.08,
            "eps_4q_growth_year": -6.3,
            "roe": 1.59,
            "roe_4q": 6.64,
            "gross_profit": 461698,
            "gross_margin": 13.93,
            "gross_margin_4q_avg": 13.12,
            "net_income": 155982,
            "net_income_4q": null,
            "revenue": 3314541,
            "revenue_4q": null,
            "common_shares": 3202175,
            "book_valuer_per_share": 28.91,
            "book_valuer_per_share_4q_avg": 28.15,
            "equity": 9999213,
            "current_ratio": 255.07,
            "debt_ratio": 27.88,
            "inventory_turnover_ratio": 1.41,
            "account_receivable_turnover_ratio": 0.73,
            "reinvestment_rate": 41.9,
            "research_to_sale_ratio": 1.3,
            "price_fair": 64.13,
            "eps_avg_yearly": 2.51,
            "eps_latest_yearly": 2.12,
            "eps_growth_yearly": 15.58
        },
        "20132": {
            "year_quarter": 20132,
            "year": 2013,
            "quarter": 2,
            "eps": 0.53,
            "eps_growth_year": 5.62,
            "eps_4q": 2.11,
            "eps_4q_growth_year": 3.05,
            "roe": 1.61,
            "roe_4q": 6.630000000000001,
            "gross_profit": 504343,
            "gross_margin": 13.14,
            "gross_margin_4q_avg": 12.95,
            "net_income": 158126,
            "net_income_4q": null,
            "revenue": 3837625,
            "revenue_4q": null,
            "common_shares": 3202175,
            "book_valuer_per_share": 27.66,
            "book_valuer_per_share_4q_avg": 28.21,
            "equity": 9633395,
            "current_ratio": 200.49,
            "debt_ratio": 36.64,
            "inventory_turnover_ratio": 1.46,
            "account_receivable_turnover_ratio": 1.26,
            "reinvestment_rate": 47.07,
            "research_to_sale_ratio": 1.4,
            "price_fair": 43.65,
            "eps_avg_yearly": 2.43,
            "eps_latest_yearly": 2.12,
            "eps_growth_yearly": 8
        },
        "20133": {
            "year_quarter": 20133,
            "year": 2013,
            "quarter": 3,
            "eps": 0.73,
            "eps_growth_year": 15.48,
            "eps_4q": 3.11,
            "eps_4q_growth_year": 58.26,
            "roe": 2.24,
            "roe_4q": 6.760000000000001,
            "gross_profit": 554596,
            "gross_margin": 12.38,
            "gross_margin_4q_avg": 12.52,
            "net_income": 206456,
            "net_income_4q": null,
            "revenue": 4479253,
            "revenue_4q": null,
            "common_shares": 2241522,
            "book_valuer_per_share": 36.05,
            "book_valuer_per_share_4q_avg": 30.21,
            "equity": 8815673,
            "current_ratio": 182.95,
            "debt_ratio": 41.22,
            "inventory_turnover_ratio": 1.44,
            "account_receivable_turnover_ratio": 1.3,
            "reinvestment_rate": 53.04,
            "research_to_sale_ratio": 1.22,
            "price_fair": 64.87,
            "eps_avg_yearly": 2.39,
            "eps_latest_yearly": 2.92,
            "eps_growth_yearly": 17.14
        },
        "20134": {
            "year_quarter": 20134,
            "year": 2013,
            "quarter": 4,
            "eps": 0.6,
            "eps_growth_year": 43.31,
            "eps_4q": 3.11,
            "eps_4q_growth_year": 51.7,
            "roe": 1.18,
            "roe_4q": 6.62,
            "gross_profit": 453389,
            "gross_margin": 10.62,
            "gross_margin_4q_avg": 12.52,
            "net_income": 107182,
            "net_income_4q": null,
            "revenue": 4267268,
            "revenue_4q": null,
            "common_shares": 2241522,
            "book_valuer_per_share": 36.99,
            "book_valuer_per_share_4q_avg": 32.4,
            "equity": 9288652,
            "current_ratio": 222.07,
            "debt_ratio": 34.8,
            "inventory_turnover_ratio": 1.44,
            "account_receivable_turnover_ratio": 1.16,
            "reinvestment_rate": -1.63,
            "research_to_sale_ratio": 1.89,
            "price_fair": 74.31,
            "eps_avg_yearly": 2.4,
            "eps_latest_yearly": 2.4,
            "eps_growth_yearly": 21.03
        },
        "20141": {
            "year_quarter": 20141,
            "year": 2014,
            "quarter": 1,
            "eps": 0.79,
            "eps_growth_year": 49.06,
            "eps_4q": 3.15,
            "eps_4q_growth_year": 51.19,
            "roe": 1.82,
            "roe_4q": 6.8500000000000005,
            "gross_profit": 489670,
            "gross_margin": 12.72,
            "gross_margin_4q_avg": 12.22,
            "net_income": 170371,
            "net_income_4q": null,
            "revenue": 3848430,
            "revenue_4q": null,
            "common_shares": 2241522,
            "book_valuer_per_share": 37.81,
            "book_valuer_per_share_4q_avg": 34.63,
            "equity": 9465373,
            "current_ratio": 232.94,
            "debt_ratio": 33.26,
            "inventory_turnover_ratio": 1.46,
            "account_receivable_turnover_ratio": 1.11,
            "reinvestment_rate": -1.93,
            "research_to_sale_ratio": 1.17,
            "price_fair": 62.8,
            "eps_avg_yearly": 2.38,
            "eps_latest_yearly": 3.16,
            "eps_growth_yearly": 16.44
        },
        "20142": {
            "year_quarter": 20142,
            "year": 2014,
            "quarter": 2,
            "eps": 1.76,
            "eps_growth_year": 232.08,
            "eps_4q": 4.14,
            "eps_4q_growth_year": 96.02,
            "roe": 3.86,
            "roe_4q": 9.1,
            "gross_profit": 517747,
            "gross_margin": 11.62,
            "gross_margin_4q_avg": 11.84,
            "net_income": 356969,
            "net_income_4q": null,
            "revenue": 4457123,
            "revenue_4q": null,
            "common_shares": 2235481,
            "book_valuer_per_share": 36.45,
            "book_valuer_per_share_4q_avg": 36.83,
            "equity": 9022552,
            "current_ratio": 200.79,
            "debt_ratio": 35.71,
            "inventory_turnover_ratio": 1.91,
            "account_receivable_turnover_ratio": 1.29,
            "reinvestment_rate": -17.14,
            "research_to_sale_ratio": 1.04,
            "price_fair": 92.14,
            "eps_avg_yearly": 2.63,
            "eps_latest_yearly": 7.04,
            "eps_growth_yearly": 51.16
        },
        "20143": {
            "year_quarter": 20143,
            "year": 2014,
            "quarter": 3,
            "eps": 1.1,
            "eps_growth_year": 50.68,
            "eps_4q": 4.25,
            "eps_4q_growth_year": 36.56,
            "roe": 2.34,
            "roe_4q": 9.2,
            "gross_profit": 579395,
            "gross_margin": 14.24,
            "gross_margin_4q_avg": 12.3,
            "net_income": 213396,
            "net_income_4q": null,
            "revenue": 4067562,
            "revenue_4q": null,
            "common_shares": 2235481,
            "book_valuer_per_share": 37.48,
            "book_valuer_per_share_4q_avg": 37.18,
            "equity": 9214460,
            "current_ratio": 218.07,
            "debt_ratio": 32.5,
            "inventory_turnover_ratio": 1.71,
            "account_receivable_turnover_ratio": 1.11,
            "reinvestment_rate": -31.89,
            "research_to_sale_ratio": 1.92,
            "price_fair": 95.64,
            "eps_avg_yearly": 2.73,
            "eps_latest_yearly": 4.4,
            "eps_growth_yearly": 42.81
        },
        "20144": {
            "year_quarter": 20144,
            "year": 2014,
            "quarter": 4,
            "eps": 0.4,
            "eps_growth_year": -33.52,
            "eps_4q": 4.05,
            "eps_4q_growth_year": 30.01,
            "roe": 0.59,
            "roe_4q": 8.61,
            "gross_profit": 457507,
            "gross_margin": 12.53,
            "gross_margin_4q_avg": 12.78,
            "net_income": 54468,
            "net_income_4q": null,
            "revenue": 3651778,
            "revenue_4q": null,
            "common_shares": 2235481,
            "book_valuer_per_share": 38.06,
            "book_valuer_per_share_4q_avg": 37.45,
            "equity": 9315221,
            "current_ratio": 234.92,
            "debt_ratio": 29.94,
            "inventory_turnover_ratio": 1.53,
            "account_receivable_turnover_ratio": 1.02,
            "reinvestment_rate": -40.2,
            "research_to_sale_ratio": 1.11,
            "price_fair": 95.11,
            "eps_avg_yearly": 2.72,
            "eps_latest_yearly": 1.6,
            "eps_growth_yearly": 35.48
        },
        "20151": {
            "year_quarter": 20151,
            "year": 2015,
            "quarter": 1,
            "eps": 0.86,
            "eps_growth_year": 8.86,
            "eps_4q": 4.11,
            "eps_4q_growth_year": 30.67,
            "roe": 1.72,
            "roe_4q": 8.51,
            "gross_profit": 483252,
            "gross_margin": 14.93,
            "gross_margin_4q_avg": 13.33,
            "net_income": 161884,
            "net_income_4q": null,
            "revenue": 3237371,
            "revenue_4q": null,
            "common_shares": 2239513,
            "book_valuer_per_share": 38.98,
            "book_valuer_per_share_4q_avg": 37.74,
            "equity": 9521068,
            "current_ratio": 252.33,
            "debt_ratio": 27.76,
            "inventory_turnover_ratio": 1.32,
            "account_receivable_turnover_ratio": 1,
            "reinvestment_rate": -130.39,
            "research_to_sale_ratio": 1.44,
            "price_fair": 96.86,
            "eps_avg_yearly": 2.77,
            "eps_latest_yearly": 3.44,
            "eps_growth_yearly": 53.36
        },
        "20152": {
            "year_quarter": 20152,
            "year": 2015,
            "quarter": 2,
            "eps": 0.83,
            "eps_growth_year": -52.84,
            "eps_4q": 3.19,
            "eps_4q_growth_year": -23.02,
            "roe": 1.59,
            "roe_4q": 6.24,
            "gross_profit": 516156,
            "gross_margin": 14.54,
            "gross_margin_4q_avg": 14.06,
            "net_income": 146996,
            "net_income_4q": null,
            "revenue": 3549466,
            "revenue_4q": null,
            "common_shares": 2242154,
            "book_valuer_per_share": 36.49,
            "book_valuer_per_share_4q_avg": 37.75,
            "equity": 8935220,
            "current_ratio": 211.54,
            "debt_ratio": 33.55,
            "inventory_turnover_ratio": 1.42,
            "account_receivable_turnover_ratio": 1.14,
            "reinvestment_rate": -115.78,
            "research_to_sale_ratio": 1.55,
            "price_fair": 98.26,
            "eps_avg_yearly": 2.81,
            "eps_latest_yearly": 3.32,
            "eps_growth_yearly": 52.11
        },
        "20153": {
            "year_quarter": 20153,
            "year": 2015,
            "quarter": 3,
            "eps": 0.82,
            "eps_growth_year": -25.45,
            "eps_4q": 2.91,
            "eps_4q_growth_year": -31.6,
            "roe": 1.78,
            "roe_4q": 5.68,
            "gross_profit": 518132,
            "gross_margin": 14.76,
            "gross_margin_4q_avg": 14.19,
            "net_income": 160163,
            "net_income_4q": null,
            "revenue": 3511201,
            "revenue_4q": null,
            "common_shares": 2242154,
            "book_valuer_per_share": 37.24,
            "book_valuer_per_share_4q_avg": 37.69,
            "equity": 9023643,
            "current_ratio": 250.49,
            "debt_ratio": 28.22,
            "inventory_turnover_ratio": 1.49,
            "account_receivable_turnover_ratio": 1.06,
            "reinvestment_rate": -125.54,
            "research_to_sale_ratio": 2.06,
            "price_fair": 99.14,
            "eps_avg_yearly": 2.83,
            "eps_latest_yearly": 3.28,
            "eps_growth_yearly": 49.94
        },
        "20154": {
            "year_quarter": 20154,
            "year": 2015,
            "quarter": 4,
            "eps": 0.16,
            "eps_growth_year": -59.71,
            "eps_4q": 2.67,
            "eps_4q_growth_year": -34.06,
            "roe": 0.03,
            "roe_4q": 5.12,
            "gross_profit": 448342,
            "gross_margin": 13.6,
            "gross_margin_4q_avg": 14.46,
            "net_income": 2743,
            "net_income_4q": null,
            "revenue": 3297781,
            "revenue_4q": null,
            "common_shares": 2242154,
            "book_valuer_per_share": 37.31,
            "book_valuer_per_share_4q_avg": 37.51,
            "equity": 9001993,
            "current_ratio": 274.45,
            "debt_ratio": 26.06,
            "inventory_turnover_ratio": 1.59,
            "account_receivable_turnover_ratio": 1.01,
            "reinvestment_rate": -122.66,
            "research_to_sale_ratio": 2.01,
            "price_fair": 97.65,
            "eps_avg_yearly": 2.79,
            "eps_latest_yearly": 0.64,
            "eps_growth_yearly": 43.36
        },
        "20161": {
            "year_quarter": 20161,
            "year": 2016,
            "quarter": 1,
            "eps": 0.69,
            "eps_growth_year": -19.77,
            "eps_4q": 2.5,
            "eps_4q_growth_year": -39.29,
            "roe": 1.14,
            "roe_4q": 4.54,
            "gross_profit": 461122,
            "gross_margin": 15.59,
            "gross_margin_4q_avg": 14.62,
            "net_income": 102795,
            "net_income_4q": null,
            "revenue": 2958720,
            "revenue_4q": null,
            "common_shares": 2242154,
            "book_valuer_per_share": 37.98,
            "book_valuer_per_share_4q_avg": 37.26,
            "equity": 9111403,
            "current_ratio": 279.9,
            "debt_ratio": 25.74,
            "inventory_turnover_ratio": 1.4,
            "account_receivable_turnover_ratio": 1.04,
            "reinvestment_rate": -127.01,
            "research_to_sale_ratio": 2.58,
            "price_fair": 99.31,
            "eps_avg_yearly": 2.84,
            "eps_latest_yearly": 2.76,
            "eps_growth_yearly": 113.29
        },
        "20162": {
            "year_quarter": 20162,
            "year": 2016,
            "quarter": 2,
            "eps": 0.53,
            "eps_growth_year": -36.14,
            "eps_4q": 2.19,
            "eps_4q_growth_year": -31.27,
            "roe": 0.91,
            "roe_4q": 3.8599999999999994,
            "gross_profit": 453871,
            "gross_margin": 14.11,
            "gross_margin_4q_avg": 14.52,
            "net_income": 80622,
            "net_income_4q": null,
            "revenue": 3216823,
            "revenue_4q": null,
            "common_shares": 2242154,
            "book_valuer_per_share": 35.76,
            "book_valuer_per_share_4q_avg": 37.07,
            "equity": 8693869,
            "current_ratio": 229.78,
            "debt_ratio": 32.33,
            "inventory_turnover_ratio": 1.41,
            "account_receivable_turnover_ratio": 1.13,
            "reinvestment_rate": -133.38,
            "research_to_sale_ratio": 1.89,
            "price_fair": 99.58,
            "eps_avg_yearly": 2.85,
            "eps_latest_yearly": 2.12,
            "eps_growth_yearly": 107.5
        },
        "20163": {
            "year_quarter": 20163,
            "year": 2016,
            "quarter": 3,
            "eps": 0.58,
            "eps_growth_year": -29.27,
            "eps_4q": 1.96,
            "eps_4q_growth_year": -32.67,
            "roe": 1.13,
            "roe_4q": 3.2099999999999995,
            "gross_profit": 506489,
            "gross_margin": 14.3,
            "gross_margin_4q_avg": 14.4,
            "net_income": 98520,
            "net_income_4q": null,
            "revenue": 3543028,
            "revenue_4q": null,
            "common_shares": 2242154,
            "book_valuer_per_share": 36.18,
            "book_valuer_per_share_4q_avg": 36.81,
            "equity": 8751268,
            "current_ratio": 241.82,
            "debt_ratio": 30.88,
            "inventory_turnover_ratio": 1.54,
            "account_receivable_turnover_ratio": 1.1,
            "reinvestment_rate": -141.22,
            "research_to_sale_ratio": 2.34,
            "price_fair": 99.14,
            "eps_avg_yearly": 2.83,
            "eps_latest_yearly": 2.32,
            "eps_growth_yearly": 103.35
        },
        "20164": {
            "year_quarter": 20164,
            "year": 2016,
            "quarter": 4,
            "eps": 0.46,
            "eps_growth_year": 187.26,
            "eps_4q": 2.26,
            "eps_4q_growth_year": -15.39,
            "roe": 0.64,
            "roe_4q": 3.8200000000000003,
            "gross_profit": 483428,
            "gross_margin": 14.02,
            "gross_margin_4q_avg": 14.51,
            "net_income": 56184,
            "net_income_4q": null,
            "revenue": 3448001,
            "revenue_4q": null,
            "common_shares": 2242154,
            "book_valuer_per_share": 36.75,
            "book_valuer_per_share_4q_avg": 36.67,
            "equity": 8832880,
            "current_ratio": 263.01,
            "debt_ratio": 28.33,
            "inventory_turnover_ratio": 1.6,
            "account_receivable_turnover_ratio": 1.01,
            "reinvestment_rate": -147.56,
            "research_to_sale_ratio": 2.45,
            "price_fair": 99.49,
            "eps_avg_yearly": 2.84,
            "eps_latest_yearly": 1.84,
            "eps_growth_yearly": 106.51
        },
        "20171": {
            "year_quarter": 20171,
            "year": 2017,
            "quarter": 1,
            "eps": 0.56,
            "eps_growth_year": -18.84,
            "eps_4q": 2.13,
            "eps_4q_growth_year": -14.76,
            "roe": 0.98,
            "roe_4q": 3.66,
            "gross_profit": 433156,
            "gross_margin": 13.8,
            "gross_margin_4q_avg": 14.06,
            "net_income": 86542,
            "net_income_4q": null,
            "revenue": 3138194,
            "revenue_4q": null,
            "common_shares": 2242154,
            "book_valuer_per_share": 37.14,
            "book_valuer_per_share_4q_avg": 36.46,
            "equity": 8886898,
            "current_ratio": 265.29,
            "debt_ratio": 28.33,
            "inventory_turnover_ratio": 1.46,
            "account_receivable_turnover_ratio": 0.99,
            "reinvestment_rate": -33.63,
            "research_to_sale_ratio": 2.39,
            "price_fair": 99.75,
            "eps_avg_yearly": 2.85,
            "eps_latest_yearly": 2.24,
            "eps_growth_yearly": 105.4
        },
        "20172": {
            "year_quarter": 20172,
            "year": 2017,
            "quarter": 2,
            "eps": 0.58,
            "eps_growth_year": 9.43,
            "eps_4q": 2.18,
            "eps_4q_growth_year": -0.42,
            "roe": 1.12,
            "roe_4q": 3.87,
            "gross_profit": 467129,
            "gross_margin": 14.72,
            "gross_margin_4q_avg": 14.21,
            "net_income": 96971,
            "net_income_4q": null,
            "revenue": 3172673,
            "revenue_4q": null,
            "common_shares": 2242154,
            "book_valuer_per_share": 35.23,
            "book_valuer_per_share_4q_avg": 36.33,
            "equity": 8428100,
            "current_ratio": 216.38,
            "debt_ratio": 35.69,
            "inventory_turnover_ratio": 1.38,
            "account_receivable_turnover_ratio": 1.05,
            "reinvestment_rate": -42.56,
            "research_to_sale_ratio": 1.87,
            "price_fair": 100.19,
            "eps_avg_yearly": 2.86,
            "eps_latest_yearly": 2.32,
            "eps_growth_yearly": 106.29
        },
        "20173": {
            "year_quarter": 20173,
            "year": 2017,
            "quarter": 3,
            "eps": 1.25,
            "eps_growth_year": 115.52,
            "eps_4q": 3.83,
            "eps_4q_growth_year": 96.06,
            "roe": 2.64,
            "roe_4q": 5.38,
            "gross_profit": 651965,
            "gross_margin": 19.18,
            "gross_margin_4q_avg": 15.43,
            "net_income": 216202,
            "net_income_4q": null,
            "revenue": 3398861,
            "revenue_4q": null,
            "common_shares": 1569508,
            "book_valuer_per_share": 47.53,
            "book_valuer_per_share_4q_avg": 39.16,
            "equity": 7958219,
            "current_ratio": 210.29,
            "debt_ratio": 36.14,
            "inventory_turnover_ratio": 1.35,
            "account_receivable_turnover_ratio": 1.07,
            "reinvestment_rate": -51.8,
            "research_to_sale_ratio": 2.2,
            "price_fair": 104.74,
            "eps_avg_yearly": 2.99,
            "eps_latest_yearly": 5,
            "eps_growth_yearly": 125.74
        },
        "20174": {
            "year_quarter": 20174,
            "year": 2017,
            "quarter": 4,
            "eps": 2.41,
            "eps_growth_year": 421.3,
            "eps_4q": 5.56,
            "eps_4q_growth_year": 146.44,
            "roe": 4.15,
            "roe_4q": 8.89,
            "gross_profit": 868716,
            "gross_margin": 25.56,
            "gross_margin_4q_avg": 18.32,
            "net_income": 337723,
            "net_income_4q": null,
            "revenue": 3399109,
            "revenue_4q": null,
            "common_shares": 1579908,
            "book_valuer_per_share": 49.75,
            "book_valuer_per_share_4q_avg": 42.41,
            "equity": 8323300,
            "current_ratio": 247.77,
            "debt_ratio": 30.21,
            "inventory_turnover_ratio": 1.2,
            "account_receivable_turnover_ratio": 1.07,
            "reinvestment_rate": -41.65,
            "research_to_sale_ratio": 2.31,
            "price_fair": 120.58,
            "eps_avg_yearly": 3.45,
            "eps_latest_yearly": 9.64,
            "eps_growth_yearly": 153.39
        },
        "20181": {
            "year_quarter": 20181,
            "year": 2018,
            "quarter": 1,
            "eps": 3.1,
            "eps_growth_year": 453.57,
            "eps_4q": 7.87,
            "eps_4q_growth_year": 269.73,
            "roe": 5.36,
            "roe_4q": 13.270000000000003,
            "gross_profit": 1021406,
            "gross_margin": 30.45,
            "gross_margin_4q_avg": 22.48,
            "net_income": 455826,
            "net_income_4q": null,
            "revenue": 3353877,
            "revenue_4q": null,
            "common_shares": 1579908,
            "book_valuer_per_share": 52.3,
            "book_valuer_per_share_4q_avg": 46.2,
            "equity": 8675208,
            "current_ratio": 257,
            "debt_ratio": 29.29,
            "inventory_turnover_ratio": 1.06,
            "account_receivable_turnover_ratio": 1.1,
            "reinvestment_rate": -53.92,
            "research_to_sale_ratio": 2.1,
            "price_fair": 140.79,
            "eps_avg_yearly": 4.02,
            "eps_latest_yearly": 12.4,
            "eps_growth_yearly": 152.63
        },
        "20182": {
            "year_quarter": 20182,
            "year": 2018,
            "quarter": 2,
            "eps": 6.12,
            "eps_growth_year": 955.17,
            "eps_4q": 13.16,
            "eps_4q_growth_year": 503.36,
            "roe": 10.86,
            "roe_4q": 23.009999999999998,
            "gross_profit": 1675586,
            "gross_margin": 38.89,
            "gross_margin_4q_avg": 28.52,
            "net_income": 952022,
            "net_income_4q": null,
            "revenue": 4308103,
            "revenue_4q": null,
            "common_shares": 1579908,
            "book_valuer_per_share": 53.16,
            "book_valuer_per_share_4q_avg": 50.69,
            "equity": 8861883,
            "current_ratio": 205.5,
            "debt_ratio": 37.57,
            "inventory_turnover_ratio": 1.13,
            "account_receivable_turnover_ratio": 1.29,
            "reinvestment_rate": -25.82,
            "research_to_sale_ratio": 2,
            "price_fair": 178.94,
            "eps_avg_yearly": 5.11,
            "eps_latest_yearly": 24.48,
            "eps_growth_yearly": 146.29
        },
        "20183": {
            "year_quarter": 20183,
            "year": 2018,
            "quarter": 3,
            "eps": 7.41,
            "eps_growth_year": 492.8,
            "eps_4q": 19.04,
            "eps_4q_growth_year": 396.39,
            "roe": 12.3,
            "roe_4q": 32.67,
            "gross_profit": 2013677,
            "gross_margin": 39.83,
            "gross_margin_4q_avg": 33.68,
            "net_income": 1163866,
            "net_income_4q": null,
            "revenue": 5055617,
            "revenue_4q": null,
            "common_shares": 1579908,
            "book_valuer_per_share": 60.12,
            "book_valuer_per_share_4q_avg": 53.83,
            "equity": 10065206,
            "current_ratio": 264.77,
            "debt_ratio": 29.26,
            "inventory_turnover_ratio": 1.23,
            "account_receivable_turnover_ratio": 1.27,
            "reinvestment_rate": -15.22,
            "research_to_sale_ratio": 2.37,
            "price_fair": 234.15,
            "eps_avg_yearly": 6.69,
            "eps_latest_yearly": 29.64,
            "eps_growth_yearly": 160.94
        },
        "20184": {
            "year_quarter": 20184,
            "year": 2018,
            "quarter": 4,
            "eps": 0.98,
            "eps_growth_year": -59.37,
            "eps_4q": 17.61,
            "eps_4q_growth_year": 216.5,
            "roe": 1.07,
            "roe_4q": 29.59,
            "gross_profit": 1035093,
            "gross_margin": 28.49,
            "gross_margin_4q_avg": 34.42,
            "net_income": 108191,
            "net_income_4q": null,
            "revenue": 3633243,
            "revenue_4q": null,
            "common_shares": 1579908,
            "book_valuer_per_share": 61.07,
            "book_valuer_per_share_4q_avg": 56.66,
            "equity": 10176072,
            "current_ratio": 256.63,
            "debt_ratio": 30.14,
            "inventory_turnover_ratio": 1.03,
            "account_receivable_turnover_ratio": 0.96,
            "reinvestment_rate": -8.51,
            "research_to_sale_ratio": 1.92,
            "price_fair": 239.23,
            "eps_avg_yearly": 6.84,
            "eps_latest_yearly": 3.92,
            "eps_growth_yearly": 155.15
        },
        "20191": {
            "year_quarter": 20191,
            "year": 2019,
            "quarter": 1,
            "eps": 1.73,
            "eps_growth_year": -44.19,
            "eps_4q": 16.24,
            "eps_4q_growth_year": 106.39,
            "roe": 2.49,
            "roe_4q": 26.72,
            "gross_profit": 828766,
            "gross_margin": 27.33,
            "gross_margin_4q_avg": 33.64,
            "net_income": 256648,
            "net_income_4q": null,
            "revenue": 3032206,
            "revenue_4q": null,
            "common_shares": 1579908,
            "book_valuer_per_share": 62.84,
            "book_valuer_per_share_4q_avg": 59.3,
            "equity": 10439715,
            "current_ratio": 280.21,
            "debt_ratio": 27.25,
            "inventory_turnover_ratio": 0.87,
            "account_receivable_turnover_ratio": 1.08,
            "reinvestment_rate": -5.45,
            "research_to_sale_ratio": 2.88,
            "price_fair": 246.84,
            "eps_avg_yearly": 7.05,
            "eps_latest_yearly": 6.92,
            "eps_growth_yearly": 145.53
        },
        "20192": {
            "year_quarter": 20192,
            "year": 2019,
            "quarter": 2,
            "eps": 1.67,
            "eps_growth_year": -72.71,
            "eps_4q": 11.79,
            "eps_4q_growth_year": -10.45,
            "roe": 2.2,
            "roe_4q": 18.060000000000002,
            "gross_profit": 739878,
            "gross_margin": 19.72,
            "gross_margin_4q_avg": 28.84,
            "net_income": 216467,
            "net_income_4q": null,
            "revenue": 3752587,
            "revenue_4q": null,
            "common_shares": 1579908,
            "book_valuer_per_share": 55.56,
            "book_valuer_per_share_4q_avg": 59.9,
            "equity": 9247720,
            "current_ratio": 211.25,
            "debt_ratio": 35.36,
            "inventory_turnover_ratio": 1.2,
            "account_receivable_turnover_ratio": 1.51,
            "reinvestment_rate": -2.31,
            "research_to_sale_ratio": 2.92,
            "price_fair": 254.19,
            "eps_avg_yearly": 7.26,
            "eps_latest_yearly": 6.68,
            "eps_growth_yearly": 145.54
        },
        "20193": {
            "year_quarter": 20193,
            "year": 2019,
            "quarter": 3,
            "eps": 2.17,
            "eps_growth_year": -70.72,
            "eps_4q": 6.55,
            "eps_4q_growth_year": -65.6,
            "roe": 3.39,
            "roe_4q": 9.15,
            "gross_profit": 816619,
            "gross_margin": 20.15,
            "gross_margin_4q_avg": 23.92,
            "net_income": 318682,
            "net_income_4q": null,
            "revenue": 4053002,
            "revenue_4q": null,
            "common_shares": 1579908,
            "book_valuer_per_share": 57.64,
            "book_valuer_per_share_4q_avg": 59.28,
            "equity": 9551091,
            "current_ratio": 259.68,
            "debt_ratio": 28.75,
            "inventory_turnover_ratio": 1.37,
            "account_receivable_turnover_ratio": 1.41,
            "reinvestment_rate": 2.48,
            "research_to_sale_ratio": 1.92,
            "price_fair": 266,
            "eps_avg_yearly": 7.6,
            "eps_latest_yearly": 8.68,
            "eps_growth_yearly": 153.33
        },
        "20194": {
            "year_quarter": 20194,
            "year": 2019,
            "quarter": 4,
            "eps": -0.55,
            "eps_growth_year": -156.43,
            "eps_4q": 5.02,
            "eps_4q_growth_year": -71.5,
            "roe": -1.36,
            "roe_4q": 6.720000000000001,
            "gross_profit": 665282,
            "gross_margin": 17.68,
            "gross_margin_4q_avg": 21.22,
            "net_income": -130069,
            "net_income_4q": null,
            "revenue": 3763384,
            "revenue_4q": null,
            "common_shares": 1579908,
            "book_valuer_per_share": 56.95,
            "book_valuer_per_share_4q_avg": 58.25,
            "equity": 9632004,
            "current_ratio": 237.57,
            "debt_ratio": 31.9,
            "inventory_turnover_ratio": 1.34,
            "account_receivable_turnover_ratio": 1.3,
            "reinvestment_rate": 3.42,
            "research_to_sale_ratio": 2.37,
            "price_fair": 282.24,
            "eps_avg_yearly": 8.06,
            "eps_latest_yearly": 8.68,
            "eps_growth_yearly": 185.01
        },
        "20201": {
            "year_quarter": 20201,
            "year": 2020,
            "quarter": 1,
            "eps": 1.94,
            "eps_growth_year": 12.14,
            "eps_4q": 5.22,
            "eps_4q_growth_year": -67.85,
            "roe": 3,
            "roe_4q": 7.23,
            "gross_profit": 749390,
            "gross_margin": 23.67,
            "gross_margin_4q_avg": 20.31,
            "net_income": 276130,
            "net_income_4q": null,
            "revenue": 3165926,
            "revenue_4q": null,
            "common_shares": 1579908,
            "book_valuer_per_share": 51.67,
            "book_valuer_per_share_4q_avg": 55.46,
            "equity": 8770151,
            "current_ratio": 205.78,
            "debt_ratio": 38.62,
            "inventory_turnover_ratio": 1.02,
            "account_receivable_turnover_ratio": 1.2,
            "reinvestment_rate": 3.67,
            "research_to_sale_ratio": 2.29,
            "price_fair": 295.5,
            "eps_avg_yearly": 8.44,
            "eps_latest_yearly": 8.68,
            "eps_growth_yearly": 103.58
        },
        "20202": {
            "year_quarter": 20202,
            "year": 2020,
            "quarter": 2,
            "eps": 2.24,
            "eps_growth_year": 34.13,
            "eps_4q": 5.79,
            "eps_4q_growth_year": -50.85,
            "roe": 3.78,
            "roe_4q": 8.809999999999999,
            "gross_profit": 795425,
            "gross_margin": 21.86,
            "gross_margin_4q_avg": 20.84,
            "net_income": 337629,
            "net_income_4q": null,
            "revenue": 3637959,
            "revenue_4q": null,
            "common_shares": 1579908,
            "book_valuer_per_share": 53.98,
            "book_valuer_per_share_4q_avg": 55.06,
            "equity": 9114994,
            "current_ratio": 202.38,
            "debt_ratio": 38.94,
            "inventory_turnover_ratio": 1.21,
            "account_receivable_turnover_ratio": 1.32,
            "reinvestment_rate": 14.14,
            "research_to_sale_ratio": 2.2,
            "price_fair": 312.6,
            "eps_avg_yearly": 8.93,
            "eps_latest_yearly": 8.96,
            "eps_growth_yearly": 114.63
        },
        "20203": {
            "year_quarter": 20203,
            "year": 2020,
            "quarter": 3,
            "eps": 2.54,
            "eps_growth_year": 17.05,
            "eps_4q": 6.16,
            "eps_4q_growth_year": -5.9,
            "roe": 4.13,
            "roe_4q": 9.55,
            "gross_profit": 837999,
            "gross_margin": 20.16,
            "gross_margin_4q_avg": 20.84,
            "net_income": 384312,
            "net_income_4q": null,
            "revenue": 4157176,
            "revenue_4q": null,
            "common_shares": 1579908,
            "book_valuer_per_share": 56.59,
            "book_valuer_per_share_4q_avg": 54.8,
            "equity": 9517666,
            "current_ratio": 253.76,
            "debt_ratio": 32,
            "inventory_turnover_ratio": 1.47,
            "account_receivable_turnover_ratio": 1.32,
            "reinvestment_rate": 14.2,
            "research_to_sale_ratio": 2.02,
            "price_fair": 332.2,
            "eps_avg_yearly": 9.49,
            "eps_latest_yearly": 10.16,
            "eps_growth_yearly": 115.76
        },
        "20204": {
            "year_quarter": 20204,
            "year": 2020,
            "quarter": 4,
            "eps": 1.59,
            "eps_growth_year": null,
            "eps_4q": 8.31,
            "eps_4q_growth_year": 65.53,
            "roe": 2.43,
            "roe_4q": 13.34,
            "gross_profit": 699037,
            "gross_margin": 18.07,
            "gross_margin_4q_avg": 20.94,
            "net_income": 231719,
            "net_income_4q": null,
            "revenue": 3869367,
            "revenue_4q": null,
            "common_shares": 1579908,
            "book_valuer_per_share": 58.28,
            "book_valuer_per_share_4q_avg": 55.13,
            "equity": 9543806,
            "current_ratio": 232,
            "debt_ratio": 34.77,
            "inventory_turnover_ratio": 1.44,
            "account_receivable_turnover_ratio": 1.19,
            "reinvestment_rate": 15.91,
            "research_to_sale_ratio": 1.9,
            "price_fair": 343.5,
            "eps_avg_yearly": 9.81,
            "eps_latest_yearly": 6.36,
            "eps_growth_yearly": 110.98
        },
        "20211": {
            "year_quarter": 20211,
            "year": 2021,
            "quarter": 1,
            "eps": 3.45,
            "eps_growth_year": 77.84,
            "eps_4q": 9.82,
            "eps_4q_growth_year": 88.09,
            "roe": 5.51,
            "roe_4q": 15.85,
            "gross_profit": 1000340,
            "gross_margin": 22.69,
            "gross_margin_4q_avg": 20.7,
            "net_income": 504260,
            "net_income_4q": null,
            "revenue": 4407905,
            "revenue_4q": null,
            "common_shares": 1579908,
            "book_valuer_per_share": 53.66,
            "book_valuer_per_share_4q_avg": 55.63,
            "equity": 8769532,
            "current_ratio": 186.89,
            "debt_ratio": 43.47,
            "inventory_turnover_ratio": 1.58,
            "account_receivable_turnover_ratio": 1.3,
            "reinvestment_rate": 18.31,
            "research_to_sale_ratio": 2.5,
            "price_fair": 372.4,
            "eps_avg_yearly": 10.64,
            "eps_latest_yearly": 13.8,
            "eps_growth_yearly": 138.19
        },
        "20212": {
            "year_quarter": 20212,
            "year": 2021,
            "quarter": 2,
            "eps": 3.68,
            "eps_growth_year": 64.29,
            "eps_4q": 11.26,
            "eps_4q_growth_year": 94.26,
            "roe": 6.27,
            "roe_4q": 18.34,
            "gross_profit": 1026326,
            "gross_margin": 23.3,
            "gross_margin_4q_avg": 21.06,
            "net_income": 567648,
            "net_income_4q": null,
            "revenue": 4405780,
            "revenue_4q": null,
            "common_shares": 1579908,
            "book_valuer_per_share": 57.26,
            "book_valuer_per_share_4q_avg": 56.45,
            "equity": 9323552,
            "current_ratio": 182.9,
            "debt_ratio": 43.68,
            "inventory_turnover_ratio": 1.55,
            "account_receivable_turnover_ratio": 1.16,
            "reinvestment_rate": 19.88,
            "research_to_sale_ratio": 1.78,
            "price_fair": 403.4,
            "eps_avg_yearly": 11.53,
            "eps_latest_yearly": 14.72,
            "eps_growth_yearly": 139.08
        },
        "20213": {
            "year_quarter": 20213,
            "year": 2021,
            "quarter": 3,
            "eps": 3.24,
            "eps_growth_year": 27.56,
            "eps_4q": 11.97,
            "eps_4q_growth_year": 94.19,
            "roe": 5.05,
            "roe_4q": 19.259999999999998,
            "gross_profit": 976313,
            "gross_margin": 22.8,
            "gross_margin_4q_avg": 21.72,
            "net_income": 483062,
            "net_income_4q": null,
            "revenue": 4281411,
            "revenue_4q": null,
            "common_shares": 1579908,
            "book_valuer_per_share": 60.44,
            "book_valuer_per_share_4q_avg": 57.41,
            "equity": 9795394,
            "current_ratio": 212.59,
            "debt_ratio": 40.42,
            "inventory_turnover_ratio": 1.34,
            "account_receivable_turnover_ratio": 1.13,
            "reinvestment_rate": 25.28,
            "research_to_sale_ratio": 2.1,
            "price_fair": 423.3,
            "eps_avg_yearly": 12.09,
            "eps_latest_yearly": 12.96,
            "eps_growth_yearly": 102.66
        },
        "20214": {
            "year_quarter": 20214,
            "year": 2021,
            "quarter": 4,
            "eps": 1.98,
            "eps_growth_year": 24.57,
            "eps_4q": 12.36,
            "eps_4q_growth_year": 48.77,
            "roe": 2.83,
            "roe_4q": 19.659999999999997,
            "gross_profit": 672420,
            "gross_margin": 19.17,
            "gross_margin_4q_avg": 21.99,
            "net_income": 281540,
            "net_income_4q": null,
            "revenue": 3506950,
            "revenue_4q": null,
            "common_shares": 1579908,
            "book_valuer_per_share": 62.43,
            "book_valuer_per_share_4q_avg": 58.45,
            "equity": 10084722,
            "current_ratio": 235.95,
            "debt_ratio": 38.02,
            "inventory_turnover_ratio": 0.99,
            "account_receivable_turnover_ratio": 1.02,
            "reinvestment_rate": 27.58,
            "research_to_sale_ratio": 2.45,
            "price_fair": 419,
            "eps_avg_yearly": 11.97,
            "eps_latest_yearly": 7.92,
            "eps_growth_yearly": 65.03
        },
        "20221": {
            "year_quarter": 20221,
            "year": 2022,
            "quarter": 1,
            "eps": 3.12,
            "eps_growth_year": -9.57,
            "eps_4q": 12.03,
            "eps_4q_growth_year": 22.45,
            "roe": 4.87,
            "roe_4q": 19.02,
            "gross_profit": 935592,
            "gross_margin": 21.68,
            "gross_margin_4q_avg": 21.74,
            "net_income": 468745,
            "net_income_4q": null,
            "revenue": 4316188,
            "revenue_4q": null,
            "common_shares": 1579908,
            "book_valuer_per_share": 56.73,
            "book_valuer_per_share_4q_avg": 59.22,
            "equity": 9162293,
            "current_ratio": 193.99,
            "debt_ratio": 46.22,
            "inventory_turnover_ratio": 1.06,
            "account_receivable_turnover_ratio": 1.25,
            "reinvestment_rate": 38.43,
            "research_to_sale_ratio": 1.85,
            "price_fair": 419.2,
            "eps_avg_yearly": 11.98,
            "eps_latest_yearly": 12.48,
            "eps_growth_yearly": 73.3
        },
        "20222": {
            "year_quarter": 20222,
            "year": 2022,
            "quarter": 2,
            "eps": 2.29,
            "eps_growth_year": -37.77,
            "eps_4q": 10.64,
            "eps_4q_growth_year": -5.47,
            "roe": 3.61,
            "roe_4q": 16.36,
            "gross_profit": 862990,
            "gross_margin": 22.5,
            "gross_margin_4q_avg": 21.54,
            "net_income": 340027,
            "net_income_4q": null,
            "revenue": 3835639,
            "revenue_4q": null,
            "common_shares": 1579908,
            "book_valuer_per_share": 58.71,
            "book_valuer_per_share_4q_avg": 59.58,
            "equity": 9696629,
            "current_ratio": 208.17,
            "debt_ratio": 44.46,
            "inventory_turnover_ratio": 0.86,
            "account_receivable_turnover_ratio": 1.05,
            "reinvestment_rate": 38.28,
            "research_to_sale_ratio": 2.44,
            "price_fair": 380.9,
            "eps_avg_yearly": 10.88,
            "eps_latest_yearly": 9.16,
            "eps_growth_yearly": 37.87
        },
        "20223": {
            "year_quarter": 20223,
            "year": 2022,
            "quarter": 3,
            "eps": 1.17,
            "eps_growth_year": -63.89,
            "eps_4q": 8.56,
            "eps_4q_growth_year": -28.48,
            "roe": 1.51,
            "roe_4q": 12.82,
            "gross_profit": 687714,
            "gross_margin": 18.97,
            "gross_margin_4q_avg": 20.58,
            "net_income": 147993,
            "net_income_4q": null,
            "revenue": 3626051,
            "revenue_4q": null,
            "common_shares": 1579908,
            "book_valuer_per_share": 60.02,
            "book_valuer_per_share_4q_avg": 59.47,
            "equity": 9871756,
            "current_ratio": 246.29,
            "debt_ratio": 39.69,
            "inventory_turnover_ratio": 0.8,
            "account_receivable_turnover_ratio": 1.05,
            "reinvestment_rate": 43.24,
            "research_to_sale_ratio": 2.42,
            "price_fair": 253.63,
            "eps_avg_yearly": 9.1,
            "eps_latest_yearly": 4.68,
            "eps_growth_yearly": 17.87
        },
        "20224": {
            "year_quarter": 20224,
            "year": 2022,
            "quarter": 4,
            "eps": 1.22,
            "eps_growth_year": -38.56,
            "eps_4q": 7.79,
            "eps_4q_growth_year": -36.93,
            "roe": 1.72,
            "roe_4q": 11.71,
            "gross_profit": 648695,
            "gross_margin": 19.7,
            "gross_margin_4q_avg": 20.71,
            "net_income": 171899,
            "net_income_4q": null,
            "revenue": 3293554,
            "revenue_4q": null,
            "common_shares": 1579908,
            "book_valuer_per_share": 61.37,
            "book_valuer_per_share_4q_avg": 59.21,
            "equity": 10069418,
            "current_ratio": 262.14,
            "debt_ratio": 37.49,
            "inventory_turnover_ratio": 0.72,
            "account_receivable_turnover_ratio": 1.05,
            "reinvestment_rate": 40.33,
            "research_to_sale_ratio": 2.7,
            "price_fair": 320.9,
            "eps_avg_yearly": 9.17,
            "eps_latest_yearly": 4.88,
            "eps_growth_yearly": 43.89
        },
        "20231": {
            "year_quarter": 20231,
            "year": 2023,
            "quarter": 1,
            "eps": 2.36,
            "eps_growth_year": -24.36,
            "eps_4q": 7.04,
            "eps_4q_growth_year": -41.49,
            "roe": 3.46,
            "roe_4q": 10.299999999999999,
            "gross_profit": 695600,
            "gross_margin": 19.77,
            "gross_margin_4q_avg": 20.24,
            "net_income": 342119,
            "net_income_4q": null,
            "revenue": 3517724,
            "revenue_4q": null,
            "common_shares": 1579908,
            "book_valuer_per_share": 59.1,
            "book_valuer_per_share_4q_avg": 59.8,
            "equity": 9687821,
            "current_ratio": 232.2,
            "debt_ratio": 40.21,
            "inventory_turnover_ratio": 0.8,
            "account_receivable_turnover_ratio": 1.14,
            "reinvestment_rate": 37.87,
            "research_to_sale_ratio": 2.29,
            "price_fair": 327.2,
            "eps_avg_yearly": 9.35,
            "eps_latest_yearly": 9.44,
            "eps_growth_yearly": 48.72
        },
        "20232": {
            "year_quarter": 20232,
            "year": 2023,
            "quarter": 2,
            "eps": 1.34,
            "eps_growth_year": -41.48,
            "eps_4q": 5.86,
            "eps_4q_growth_year": -44.97,
            "roe": 1.67,
            "roe_4q": 8.36,
            "gross_profit": 619432,
            "gross_margin": 18.54,
            "gross_margin_4q_avg": 19.25,
            "net_income": 163476,
            "net_income_4q": null,
            "revenue": 3341769,
            "revenue_4q": null,
            "common_shares": 1579908,
            "book_valuer_per_share": 60.61,
            "book_valuer_per_share_4q_avg": 60.28,
            "equity": 9875384,
            "current_ratio": 246.97,
            "debt_ratio": 37.97,
            "inventory_turnover_ratio": 0.79,
            "account_receivable_turnover_ratio": 1.06,
            "reinvestment_rate": 34.95,
            "research_to_sale_ratio": 3.7,
            "price_fair": 323.9,
            "eps_avg_yearly": 9.25,
            "eps_latest_yearly": 5.36,
            "eps_growth_yearly": 37.36
        },
        "20233": {
            "year_quarter": 20233,
            "year": 2023,
            "quarter": 3,
            "eps": 1.09,
            "eps_growth_year": -6.84,
            "eps_4q": 5.85,
            "eps_4q_growth_year": -31.7,
            "roe": 1.5,
            "roe_4q": 8.35,
            "gross_profit": 591550,
            "gross_margin": 17.12,
            "gross_margin_4q_avg": 18.78,
            "net_income": 149364,
            "net_income_4q": null,
            "revenue": 3456051,
            "revenue_4q": null,
            "common_shares": 1658903,
            "book_valuer_per_share": 59.09,
            "book_valuer_per_share_4q_avg": 60.04,
            "equity": 10069486,
            "current_ratio": 261.88,
            "debt_ratio": 36.25,
            "inventory_turnover_ratio": 0.85,
            "account_receivable_turnover_ratio": 1.06,
            "reinvestment_rate": 32.8,
            "research_to_sale_ratio": 3.06,
            "price_fair": 299.46,
            "eps_avg_yearly": 8.95,
            "eps_latest_yearly": 4.36,
            "eps_growth_yearly": 23.47
        }
    },
    "months": {
        "2002-08": {
            "month": "2002-08",
            "price": "66.10",
            "revenue": 431588
        },
        "2002-09": {
            "month": "2002-09",
            "price": "57.86",
            "revenue": 430916
        },
        "2002-10": {
            "month": "2002-10",
            "price": "48.46",
            "revenue": 451904
        },
        "2002-11": {
            "month": "2002-11",
            "price": "53.14",
            "revenue": 480007
        },
        "2002-12": {
            "month": "2002-12",
            "price": "50.32",
            "revenue": 429054
        },
        "2003-01": {
            "month": "2003-01",
            "price": "47.68",
            "revenue": 498345
        },
        "2003-02": {
            "month": "2003-02",
            "price": "45.03",
            "revenue": 411241
        },
        "2003-03": {
            "month": "2003-03",
            "price": "43.48",
            "revenue": 539618
        },
        "2003-04": {
            "month": "2003-04",
            "price": "43.70",
            "revenue": 492821
        },
        "2003-05": {
            "month": "2003-05",
            "price": "42.03",
            "revenue": 499639
        },
        "2003-06": {
            "month": "2003-06",
            "price": "50.04",
            "revenue": 489486
        },
        "2003-07": {
            "month": "2003-07",
            "price": "54.65",
            "revenue": 565962
        },
        "2003-08": {
            "month": "2003-08",
            "price": "53.69",
            "revenue": 621246
        },
        "2003-09": {
            "month": "2003-09",
            "price": "49.65",
            "revenue": 692796
        },
        "2003-10": {
            "month": "2003-10",
            "price": "52.04",
            "revenue": 748309
        },
        "2003-11": {
            "month": "2003-11",
            "price": "54.75",
            "revenue": 715090
        },
        "2003-12": {
            "month": "2003-12",
            "price": "55.63",
            "revenue": 571841
        },
        "2004-01": {
            "month": "2004-01",
            "price": "55.80",
            "revenue": 648888
        },
        "2004-02": {
            "month": "2004-02",
            "price": "61.58",
            "revenue": 665179
        },
        "2004-03": {
            "month": "2004-03",
            "price": "67.98",
            "revenue": 756315
        },
        "2004-04": {
            "month": "2004-04",
            "price": "73.14",
            "revenue": 755964
        },
        "2004-05": {
            "month": "2004-05",
            "price": "65.40",
            "revenue": 769490
        },
        "2004-06": {
            "month": "2004-06",
            "price": "60.17",
            "revenue": 749975
        },
        "2004-07": {
            "month": "2004-07",
            "price": "50.80",
            "revenue": 890873
        },
        "2004-08": {
            "month": "2004-08",
            "price": "48.85",
            "revenue": 905751
        },
        "2004-09": {
            "month": "2004-09",
            "price": "49.26",
            "revenue": 1055950
        },
        "2004-10": {
            "month": "2004-10",
            "price": "46.27",
            "revenue": 1005570
        },
        "2004-11": {
            "month": "2004-11",
            "price": "40.89",
            "revenue": 999215
        },
        "2004-12": {
            "month": "2004-12",
            "price": "40.36",
            "revenue": 835595
        },
        "2005-01": {
            "month": "2005-01",
            "price": "39.62",
            "revenue": 956461
        },
        "2005-02": {
            "month": "2005-02",
            "price": "41.41",
            "revenue": 780631
        },
        "2005-03": {
            "month": "2005-03",
            "price": "44.28",
            "revenue": 1022882
        },
        "2005-04": {
            "month": "2005-04",
            "price": "46.02",
            "revenue": 1028001
        },
        "2005-05": {
            "month": "2005-05",
            "price": "47.27",
            "revenue": 977320
        },
        "2005-06": {
            "month": "2005-06",
            "price": "49.04",
            "revenue": 910143
        },
        "2005-07": {
            "month": "2005-07",
            "price": "49.78",
            "revenue": 935234
        },
        "2005-08": {
            "month": "2005-08",
            "price": "46.78",
            "revenue": 895699
        },
        "2005-09": {
            "month": "2005-09",
            "price": "43.73",
            "revenue": 915589
        },
        "2005-10": {
            "month": "2005-10",
            "price": "41.87",
            "revenue": 957537
        },
        "2005-11": {
            "month": "2005-11",
            "price": "43.25",
            "revenue": 1001766
        },
        "2005-12": {
            "month": "2005-12",
            "price": "51.71",
            "revenue": 877219
        },
        "2006-01": {
            "month": "2006-01",
            "price": "59.72",
            "revenue": 986501
        },
        "2006-02": {
            "month": "2006-02",
            "price": "56.49",
            "revenue": 853499
        },
        "2006-03": {
            "month": "2006-03",
            "price": "56.16",
            "revenue": 1031668
        },
        "2006-04": {
            "month": "2006-04",
            "price": "61.94",
            "revenue": 1038249
        },
        "2006-05": {
            "month": "2006-05",
            "price": "60.97",
            "revenue": 994265
        },
        "2006-06": {
            "month": "2006-06",
            "price": "50.64",
            "revenue": 858673
        },
        "2006-07": {
            "month": "2006-07",
            "price": "49.64",
            "revenue": 960120
        },
        "2006-08": {
            "month": "2006-08",
            "price": "51.21",
            "revenue": 1041443
        },
        "2006-09": {
            "month": "2006-09",
            "price": "52.06",
            "revenue": 1124553
        },
        "2006-10": {
            "month": "2006-10",
            "price": "52.96",
            "revenue": 1094827
        },
        "2006-11": {
            "month": "2006-11",
            "price": "53.40",
            "revenue": 1104254
        },
        "2006-12": {
            "month": "2006-12",
            "price": "53.49",
            "revenue": 888228
        },
        "2007-01": {
            "month": "2007-01",
            "price": "55.06",
            "revenue": 1107620
        },
        "2007-02": {
            "month": "2007-02",
            "price": "56.46",
            "revenue": 814718
        },
        "2007-03": {
            "month": "2007-03",
            "price": "56.88",
            "revenue": 1105979
        },
        "2007-04": {
            "month": "2007-04",
            "price": "59.69",
            "revenue": 1057400
        },
        "2007-05": {
            "month": "2007-05",
            "price": "57.38",
            "revenue": 1031020
        },
        "2007-06": {
            "month": "2007-06",
            "price": "58.68",
            "revenue": 1044938
        },
        "2007-07": {
            "month": "2007-07",
            "price": "63.97",
            "revenue": 1165468
        },
        "2007-08": {
            "month": "2007-08",
            "price": "60.67",
            "revenue": 1209442
        },
        "2007-09": {
            "month": "2007-09",
            "price": "62.06",
            "revenue": 1255116
        },
        "2007-10": {
            "month": "2007-10",
            "price": "61.34",
            "revenue": 1221757
        },
        "2007-11": {
            "month": "2007-11",
            "price": "53.58",
            "revenue": 1191552
        },
        "2007-12": {
            "month": "2007-12",
            "price": "47.11",
            "revenue": 960634
        },
        "2008-01": {
            "month": "2008-01",
            "price": "42.59",
            "revenue": 1106487
        },
        "2008-02": {
            "month": "2008-02",
            "price": "41.68",
            "revenue": 953947
        },
        "2008-03": {
            "month": "2008-03",
            "price": "43.01",
            "revenue": 1210961
        },
        "2008-04": {
            "month": "2008-04",
            "price": "44.92",
            "revenue": 1172955
        },
        "2008-05": {
            "month": "2008-05",
            "price": "43.87",
            "revenue": 1094972
        },
        "2008-06": {
            "month": "2008-06",
            "price": "40.44",
            "revenue": 981430
        },
        "2008-07": {
            "month": "2008-07",
            "price": "34.84",
            "revenue": 1240838
        },
        "2008-08": {
            "month": "2008-08",
            "price": "35.27",
            "revenue": 1217569
        },
        "2008-09": {
            "month": "2008-09",
            "price": "28.97",
            "revenue": 1261908
        },
        "2008-10": {
            "month": "2008-10",
            "price": "24.72",
            "revenue": 1108293
        },
        "2008-11": {
            "month": "2008-11",
            "price": "20.22",
            "revenue": 775611
        },
        "2008-12": {
            "month": "2008-12",
            "price": "18.39",
            "revenue": 652482
        },
        "2009-01": {
            "month": "2009-01",
            "price": "18.29",
            "revenue": 629427
        },
        "2009-02": {
            "month": "2009-02",
            "price": "19.44",
            "revenue": 862958
        },
        "2009-03": {
            "month": "2009-03",
            "price": "22.27",
            "revenue": 1082309
        },
        "2009-04": {
            "month": "2009-04",
            "price": "25.59",
            "revenue": 1108475
        },
        "2009-05": {
            "month": "2009-05",
            "price": "31.55",
            "revenue": 1128148
        },
        "2009-06": {
            "month": "2009-06",
            "price": "29.23",
            "revenue": 1334558
        },
        "2009-07": {
            "month": "2009-07",
            "price": "32.67",
            "revenue": 1152597
        },
        "2009-08": {
            "month": "2009-08",
            "price": "35.21",
            "revenue": 1200739
        },
        "2009-09": {
            "month": "2009-09",
            "price": "35.35",
            "revenue": 1288167
        },
        "2009-10": {
            "month": "2009-10",
            "price": "35.93",
            "revenue": 1187722
        },
        "2009-11": {
            "month": "2009-11",
            "price": "35.96",
            "revenue": 1055109
        },
        "2009-12": {
            "month": "2009-12",
            "price": "39.89",
            "revenue": 1189584
        },
        "2010-01": {
            "month": "2010-01",
            "price": "47.44",
            "revenue": 1232688
        },
        "2010-02": {
            "month": "2010-02",
            "price": "45.39",
            "revenue": 940524
        },
        "2010-03": {
            "month": "2010-03",
            "price": "50.30",
            "revenue": 1312896
        },
        "2010-04": {
            "month": "2010-04",
            "price": "49.25",
            "revenue": 1320005
        },
        "2010-05": {
            "month": "2010-05",
            "price": "43.92",
            "revenue": 1287277
        },
        "2010-06": {
            "month": "2010-06",
            "price": "43.16",
            "revenue": 1179465
        },
        "2010-07": {
            "month": "2010-07",
            "price": "43.23",
            "revenue": 1159344
        },
        "2010-08": {
            "month": "2010-08",
            "price": "39.42",
            "revenue": 1230845
        },
        "2010-09": {
            "month": "2010-09",
            "price": "38.20",
            "revenue": 1295079
        },
        "2010-10": {
            "month": "2010-10",
            "price": "37.78",
            "revenue": 1227845
        },
        "2010-11": {
            "month": "2010-11",
            "price": "35.03",
            "revenue": 1391477
        },
        "2010-12": {
            "month": "2010-12",
            "price": "37.71",
            "revenue": 1301347
        },
        "2011-01": {
            "month": "2011-01",
            "price": "36.97",
            "revenue": 1376153
        },
        "2011-02": {
            "month": "2011-02",
            "price": "35.73",
            "revenue": 974916
        },
        "2011-03": {
            "month": "2011-03",
            "price": "34.90",
            "revenue": 1567113
        },
        "2011-04": {
            "month": "2011-04",
            "price": "36.56",
            "revenue": 1383987
        },
        "2011-05": {
            "month": "2011-05",
            "price": "35.08",
            "revenue": 1315911
        },
        "2011-06": {
            "month": "2011-06",
            "price": "33.92",
            "revenue": 1357125
        },
        "2011-07": {
            "month": "2011-07",
            "price": "33.93",
            "revenue": 1227446
        },
        "2011-08": {
            "month": "2011-08",
            "price": "28.64",
            "revenue": 1251751
        },
        "2011-09": {
            "month": "2011-09",
            "price": "27.35",
            "revenue": 1351062
        },
        "2011-10": {
            "month": "2011-10",
            "price": "27.36",
            "revenue": 1195636
        },
        "2011-11": {
            "month": "2011-11",
            "price": "26.80",
            "revenue": 1241817
        },
        "2011-12": {
            "month": "2011-12",
            "price": "25.80",
            "revenue": 1366844
        },
        "2012-01": {
            "month": "2012-01",
            "price": "26.27",
            "revenue": 1006435
        },
        "2012-02": {
            "month": "2012-02",
            "price": "29.04",
            "revenue": 1131101
        },
        "2012-03": {
            "month": "2012-03",
            "price": "29.25",
            "revenue": 1304247
        },
        "2012-04": {
            "month": "2012-04",
            "price": "27.97",
            "revenue": 1189271
        },
        "2012-05": {
            "month": "2012-05",
            "price": "27.20",
            "revenue": 1224569
        },
        "2012-06": {
            "month": "2012-06",
            "price": "26.09",
            "revenue": 1205660
        },
        "2012-07": {
            "month": "2012-07",
            "price": "26.73",
            "revenue": 1274584
        },
        "2012-08": {
            "month": "2012-08",
            "price": "25.88",
            "revenue": 1376589
        },
        "2012-09": {
            "month": "2012-09",
            "price": "25.66",
            "revenue": 1276120
        },
        "2012-10": {
            "month": "2012-10",
            "price": "24.70",
            "revenue": 1264315
        },
        "2012-11": {
            "month": "2012-11",
            "price": "23.79",
            "revenue": 1213319
        },
        "2012-12": {
            "month": "2012-12",
            "price": "25.06",
            "revenue": 1154784
        },
        "2013-01": {
            "month": "2013-01",
            "price": "25.49",
            "revenue": 1252735
        },
        "2013-02": {
            "month": "2013-02",
            "price": "25.73",
            "revenue": 909058
        },
        "2013-03": {
            "month": "2013-03",
            "price": "26.35",
            "revenue": 1158636
        },
        "2013-04": {
            "month": "2013-04",
            "price": "27.15",
            "revenue": 1338855
        },
        "2013-05": {
            "month": "2013-05",
            "price": "29.33",
            "revenue": 1298690
        },
        "2013-06": {
            "month": "2013-06",
            "price": "29.93",
            "revenue": 1186324
        },
        "2013-07": {
            "month": "2013-07",
            "price": "30.35",
            "revenue": 1562523
        },
        "2013-08": {
            "month": "2013-08",
            "price": "28.74",
            "revenue": 1404154
        },
        "2013-09": {
            "month": "2013-09",
            "price": "28.43",
            "revenue": 1510080
        },
        "2013-10": {
            "month": "2013-10",
            "price": "28.69",
            "revenue": 1377896
        },
        "2013-11": {
            "month": "2013-11",
            "price": "36.67",
            "revenue": 1529987
        },
        "2013-12": {
            "month": "2013-12",
            "price": "38.06",
            "revenue": 1345927
        },
        "2014-01": {
            "month": "2014-01",
            "price": "40.44",
            "revenue": 1240001
        },
        "2014-02": {
            "month": "2014-02",
            "price": "41.93",
            "revenue": 1139268
        },
        "2014-03": {
            "month": "2014-03",
            "price": "42.38",
            "revenue": 1471035
        },
        "2014-04": {
            "month": "2014-04",
            "price": "42.17",
            "revenue": 1547695
        },
        "2014-05": {
            "month": "2014-05",
            "price": "41.28",
            "revenue": 1536622
        },
        "2014-06": {
            "month": "2014-06",
            "price": "44.45",
            "revenue": 1372138
        },
        "2014-07": {
            "month": "2014-07",
            "price": "46.84",
            "revenue": 1378063
        },
        "2014-08": {
            "month": "2014-08",
            "price": "44.38",
            "revenue": 1292017
        },
        "2014-09": {
            "month": "2014-09",
            "price": "43.24",
            "revenue": 1404604
        },
        "2014-10": {
            "month": "2014-10",
            "price": "40.10",
            "revenue": 1362439
        },
        "2014-11": {
            "month": "2014-11",
            "price": "40.49",
            "revenue": 1184011
        },
        "2014-12": {
            "month": "2014-12",
            "price": "40.91",
            "revenue": 1124883
        },
        "2015-01": {
            "month": "2015-01",
            "price": "41.90",
            "revenue": 1243256
        },
        "2015-02": {
            "month": "2015-02",
            "price": "43.15",
            "revenue": 832989
        },
        "2015-03": {
            "month": "2015-03",
            "price": "44.95",
            "revenue": 1164863
        },
        "2015-04": {
            "month": "2015-04",
            "price": "43.70",
            "revenue": 1261494
        },
        "2015-05": {
            "month": "2015-05",
            "price": "43.52",
            "revenue": 1132720
        },
        "2015-06": {
            "month": "2015-06",
            "price": "42.01",
            "revenue": 1155153
        },
        "2015-07": {
            "month": "2015-07",
            "price": "40.41",
            "revenue": 1308165
        },
        "2015-08": {
            "month": "2015-08",
            "price": "33.77",
            "revenue": 1050230
        },
        "2015-09": {
            "month": "2015-09",
            "price": "31.21",
            "revenue": 1153135
        },
        "2015-10": {
            "month": "2015-10",
            "price": "32.88",
            "revenue": 1132311
        },
        "2015-11": {
            "month": "2015-11",
            "price": "33.19",
            "revenue": 1068403
        },
        "2015-12": {
            "month": "2015-12",
            "price": "33.09",
            "revenue": 1116050
        },
        "2016-01": {
            "month": "2016-01",
            "price": "32.51",
            "revenue": 1074138
        },
        "2016-02": {
            "month": "2016-02",
            "price": "33.52",
            "revenue": 721117
        },
        "2016-03": {
            "month": "2016-03",
            "price": "34.92",
            "revenue": 1172505
        },
        "2016-04": {
            "month": "2016-04",
            "price": "33.70",
            "revenue": 1071448
        },
        "2016-05": {
            "month": "2016-05",
            "price": "32.67",
            "revenue": 1081986
        },
        "2016-06": {
            "month": "2016-06",
            "price": "33.20",
            "revenue": 1063296
        },
        "2016-07": {
            "month": "2016-07",
            "price": "34.51",
            "revenue": 1124983
        },
        "2016-08": {
            "month": "2016-08",
            "price": "33.46",
            "revenue": 1217410
        },
        "2016-09": {
            "month": "2016-09",
            "price": "32.00",
            "revenue": 1191473
        },
        "2016-10": {
            "month": "2016-10",
            "price": "31.89",
            "revenue": 1089662
        },
        "2016-11": {
            "month": "2016-11",
            "price": "31.49",
            "revenue": 1166869
        },
        "2016-12": {
            "month": "2016-12",
            "price": "31.90",
            "revenue": 1188795
        },
        "2017-01": {
            "month": "2017-01",
            "price": "32.23",
            "revenue": 1009684
        },
        "2017-02": {
            "month": "2017-02",
            "price": "33.53",
            "revenue": 849246
        },
        "2017-03": {
            "month": "2017-03",
            "price": "36.73",
            "revenue": 1281413
        },
        "2017-04": {
            "month": "2017-04",
            "price": "39.20",
            "revenue": 979059
        },
        "2017-05": {
            "month": "2017-05",
            "price": "40.16",
            "revenue": 1049438
        },
        "2017-06": {
            "month": "2017-06",
            "price": "40.63",
            "revenue": 1144922
        },
        "2017-07": {
            "month": "2017-07",
            "price": "38.75",
            "revenue": 1031070
        },
        "2017-08": {
            "month": "2017-08",
            "price": "36.62",
            "revenue": 1120694
        },
        "2017-09": {
            "month": "2017-09",
            "price": "40.50",
            "revenue": 1249121
        },
        "2017-10": {
            "month": "2017-10",
            "price": "45.36",
            "revenue": 1114810
        },
        "2017-11": {
            "month": "2017-11",
            "price": "71.70",
            "revenue": 1194485
        },
        "2017-12": {
            "month": "2017-12",
            "price": "94.91",
            "revenue": 1086838
        },
        "2018-01": {
            "month": "2018-01",
            "price": "119.02",
            "revenue": 1167792
        },
        "2018-02": {
            "month": "2018-02",
            "price": "100.65",
            "revenue": 784965
        },
        "2018-03": {
            "month": "2018-03",
            "price": "119.04",
            "revenue": 1402819
        },
        "2018-04": {
            "month": "2018-04",
            "price": "142.89",
            "revenue": 1307325
        },
        "2018-05": {
            "month": "2018-05",
            "price": "210.23",
            "revenue": 1480356
        },
        "2018-06": {
            "month": "2018-06",
            "price": "221.82",
            "revenue": 1520248
        },
        "2018-07": {
            "month": "2018-07",
            "price": "234.57",
            "revenue": 1694421
        },
        "2018-08": {
            "month": "2018-08",
            "price": "178.24",
            "revenue": 1719674
        },
        "2018-09": {
            "month": "2018-09",
            "price": "149.95",
            "revenue": 1638197
        },
        "2018-10": {
            "month": "2018-10",
            "price": "110.60",
            "revenue": 1420352
        },
        "2018-11": {
            "month": "2018-11",
            "price": "108.85",
            "revenue": 1348818
        },
        "2018-12": {
            "month": "2018-12",
            "price": "111.29",
            "revenue": 858419
        },
        "2019-01": {
            "month": "2019-01",
            "price": "108.71",
            "revenue": 1102640
        },
        "2019-02": {
            "month": "2019-02",
            "price": "126.12",
            "revenue": 785605
        },
        "2019-03": {
            "month": "2019-03",
            "price": "119.02",
            "revenue": 1143042
        },
        "2019-04": {
            "month": "2019-04",
            "price": "114.58",
            "revenue": 1201544
        },
        "2019-05": {
            "month": "2019-05",
            "price": "98.39",
            "revenue": 1330523
        },
        "2019-06": {
            "month": "2019-06",
            "price": "100.39",
            "revenue": 1227446
        },
        "2019-07": {
            "month": "2019-07",
            "price": "100.13",
            "revenue": 1267815
        },
        "2019-08": {
            "month": "2019-08",
            "price": "86.51",
            "revenue": 1317554
        },
        "2019-09": {
            "month": "2019-09",
            "price": "90.13",
            "revenue": 1454449
        },
        "2019-10": {
            "month": "2019-10",
            "price": "102.86",
            "revenue": 1397822
        },
        "2019-11": {
            "month": "2019-11",
            "price": "98.67",
            "revenue": 1369427
        },
        "2019-12": {
            "month": "2019-12",
            "price": "103.04",
            "revenue": 998142
        },
        "2020-01": {
            "month": "2020-01",
            "price": "108.87",
            "revenue": 1081035
        },
        "2020-02": {
            "month": "2020-02",
            "price": "111.63",
            "revenue": 824015
        },
        "2020-03": {
            "month": "2020-03",
            "price": "91.45",
            "revenue": 1260266
        },
        "2020-04": {
            "month": "2020-04",
            "price": "106.80",
            "revenue": 1281762
        },
        "2020-05": {
            "month": "2020-05",
            "price": "126.62",
            "revenue": 1223797
        },
        "2020-06": {
            "month": "2020-06",
            "price": "123.90",
            "revenue": 1132406
        },
        "2020-07": {
            "month": "2020-07",
            "price": "118.76",
            "revenue": 1261953
        },
        "2020-08": {
            "month": "2020-08",
            "price": "107.68",
            "revenue": 1326872
        },
        "2020-09": {
            "month": "2020-09",
            "price": "103.56",
            "revenue": 1565645
        },
        "2020-10": {
            "month": "2020-10",
            "price": "101.84",
            "revenue": 1240269
        },
        "2020-11": {
            "month": "2020-11",
            "price": "110.00",
            "revenue": 1393331
        },
        "2020-12": {
            "month": "2020-12",
            "price": "116.33",
            "revenue": 1234599
        },
        "2021-01": {
            "month": "2021-01",
            "price": "115.65",
            "revenue": 1713914
        },
        "2021-02": {
            "month": "2021-02",
            "price": "117.00",
            "revenue": 1092864
        },
        "2021-03": {
            "month": "2021-03",
            "price": "124.80",
            "revenue": 1600076
        },
        "2021-04": {
            "month": "2021-04",
            "price": "131.39",
            "revenue": 1414997
        },
        "2021-05": {
            "month": "2021-05",
            "price": "128.24",
            "revenue": 1538624
        },
        "2021-06": {
            "month": "2021-06",
            "price": "136.00",
            "revenue": 1449531
        },
        "2021-07": {
            "month": "2021-07",
            "price": "138.70",
            "revenue": 1496586
        },
        "2021-08": {
            "month": "2021-08",
            "price": "124.73",
            "revenue": 1441930
        },
        "2021-09": {
            "month": "2021-09",
            "price": "117.98",
            "revenue": 1340204
        },
        "2021-10": {
            "month": "2021-10",
            "price": "112.85",
            "revenue": 1146638
        },
        "2021-11": {
            "month": "2021-11",
            "price": "119.70",
            "revenue": 1341004
        },
        "2021-12": {
            "month": "2021-12",
            "price": "119.39",
            "revenue": 1015612
        },
        "2022-01": {
            "month": "2022-01",
            "price": "117.14",
            "revenue": 1619905
        },
        "2022-02": {
            "month": "2022-02",
            "price": "117.63",
            "revenue": 1223412
        },
        "2022-03": {
            "month": "2022-03",
            "price": "118.57",
            "revenue": 1472528
        },
        "2022-04": {
            "month": "2022-04",
            "price": "115.84",
            "revenue": 1252654
        },
        "2022-05": {
            "month": "2022-05",
            "price": "111.36",
            "revenue": 1276675
        },
        "2022-06": {
            "month": "2022-06",
            "price": "108.10",
            "revenue": 1315346
        },
        "2022-07": {
            "month": "2022-07",
            "price": "94.67",
            "revenue": 1193913
        },
        "2022-08": {
            "month": "2022-08",
            "price": "89.63",
            "revenue": 1157585
        },
        "2022-09": {
            "month": "2022-09",
            "price": "88.26",
            "revenue": 1283024
        },
        "2022-10": {
            "month": "2022-10",
            "price": "86.42",
            "revenue": 1135076
        },
        "2022-11": {
            "month": "2022-11",
            "price": "89.45",
            "revenue": 1207294
        },
        "2022-12": {
            "month": "2022-12",
            "price": "90.00",
            "revenue": 957091
        },
        "2023-01": {
            "month": "2023-01",
            "price": "90.74",
            "revenue": 1027221
        },
        "2023-02": {
            "month": "2023-02",
            "price": "95.09",
            "revenue": 1283875
        },
        "2023-03": {
            "month": "2023-03",
            "price": "98.87",
            "revenue": 1207919
        },
        "2023-04": {
            "month": "2023-04",
            "price": "103.12",
            "revenue": 1095200
        },
        "2023-05": {
            "month": "2023-05",
            "price": "102.75",
            "revenue": 1153913
        },
        "2023-06": {
            "month": "2023-06",
            "price": "106.38",
            "revenue": 1098743
        },
        "2023-07": {
            "month": "2023-07",
            "price": "103.14",
            "revenue": 1132231
        },
        "2023-08": {
            "month": "2023-08",
            "price": "95.29",
            "revenue": 1117021
        },
        "2023-09": {
            "month": "2023-09",
            "price": "99.00",
            "revenue": 1204034
        },
        "2023-10": {
            "month": "2023-10",
            "price": "96.29",
            "revenue": 1030852
        },
        "2023-11": {
            "month": "2023-11",
            "price": "96.94",
            "revenue": 1052265
        },
        "2023-12": {
            "month": "2023-12",
            "price": "98.75",
            "revenue": 844441
        }
    }
}
