{
    "summary": {
        "stock_name": "盛達",
        "stock_id": "3027",
        "category": "通信網路",
        "main_business": "通訊產品設計製造及銷售(路由器、車載及工業網通等)<br>電源暨能源管理設計製造及銷售(客製化電源及儲能代工等)<br>綠能事業(儲能及太陽能解決方案提供及太陽能電廠與儲能電站投資)",
        "website_url": "http://www.billion.com",
        "ceo": "陳弘政",
        "pe_ratio": 69,
        "report_year_from": 2001,
        "report_year_to": 2023,
        "age": 23,
        "eps_negative_percentage": 13,
        "eps_growth_avg": {
            "last_all": -7.93,
            "last_2y": 26.76,
            "last_4y": -4.93,
            "last_8y": -22.02,
            "last_12y": -5.68,
            "last_16y": -7.1,
            "last_20y": -6.94,
            "at_2006_last_3y": -6.37,
            "at_2007_last_3y": 18.38,
            "at_2008_last_3y": -4.32,
            "at_2009_last_3y": 29.06,
            "at_2010_last_3y": -10.66,
            "at_2011_last_3y": -31.66,
            "at_2012_last_3y": 33.33,
            "at_2013_last_3y": 0,
            "at_2014_last_3y": 32.46,
            "at_2015_last_3y": 26.37,
            "at_2016_last_3y": -9.26,
            "at_2017_last_3y": -34.26,
            "at_2018_last_3y": -44.8,
            "at_2019_last_3y": -80.83,
            "at_2020_last_3y": -100,
            "at_2021_last_3y": -56.25,
            "at_2022_last_3y": -22.02,
            "at_2023_last_3y": 26.76,
            "at_2024_last_3y": 26.76,
            "at_2006_last_all": -10.24,
            "at_2007_last_all": 0.19,
            "at_2008_last_all": -13.4,
            "at_2009_last_all": 0.77,
            "at_2010_last_all": -10.43,
            "at_2011_last_all": -10.43,
            "at_2012_last_all": 0.62,
            "at_2013_last_all": 0.56,
            "at_2014_last_all": 0.29,
            "at_2015_last_all": 0.9,
            "at_2016_last_all": -2.2,
            "at_2017_last_all": -8.72,
            "at_2018_last_all": -8.72,
            "at_2019_last_all": -14.43,
            "at_2020_last_all": -14.43,
            "at_2021_last_all": -14.31,
            "at_2022_last_all": -10.94,
            "at_2023_last_all": -7.93,
            "at_2024_last_all": -7.93
        },
        "latest_eps": 0.62,
        "latest_price": 42.5,
        "latest_roe": 5.49,
        "latest_gross_margin": 19.89,
        "latest_equity": 2365998,
        "latest_revenue": 463892,
        "latest_gross_profit": 92254,
        "latest_net_income": -35247,
        "latest_debt_ratio": 34.8,
        "latest_current_ratio": 210.87,
        "latest_account_receivable_turnover_ratio": 3.17,
        "latest_inventory_turnover_ratio": 1.16,
        "latest_reinvestment_rate": -64.14,
        "latest_research_to_sale_ratio": 5.27
    },
    "eps_dividends": {
        "1998": {
            "cash": 0,
            "stock": 3,
            "eps": 0
        },
        "1999": {
            "cash": 0,
            "stock": 3,
            "eps": 0
        },
        "2000": {
            "cash": 0,
            "stock": 0.4,
            "eps": 0
        },
        "2001": {
            "cash": 0.5,
            "stock": 4.5,
            "eps": 4.24
        },
        "2002": {
            "cash": 0.6,
            "stock": 2.6,
            "eps": 3.15
        },
        "2003": {
            "cash": 0.7,
            "stock": 1.8,
            "eps": 1.68
        },
        "2004": {
            "cash": 1,
            "stock": 0.3,
            "eps": 1.61
        },
        "2005": {
            "cash": 0.8,
            "stock": 0.4,
            "eps": 1.07
        },
        "2006": {
            "cash": 0.6,
            "stock": 0.2,
            "eps": 1.7
        },
        "2007": {
            "cash": 1.35,
            "stock": 0,
            "eps": 2.59
        },
        "2008": {
            "cash": 2.06,
            "stock": 0,
            "eps": 0.13
        },
        "2009": {
            "cash": 0.2,
            "stock": 0,
            "eps": 1.04
        },
        "2010": {
            "cash": 0.9,
            "stock": 0,
            "eps": -0.05
        },
        "2011": {
            "cash": 0.3,
            "stock": 0,
            "eps": 0.18
        },
        "2012": {
            "cash": 0,
            "stock": 0,
            "eps": 0.38
        },
        "2013": {
            "cash": 0.15,
            "stock": 0,
            "eps": 0.38
        },
        "2014": {
            "cash": 0.15,
            "stock": 0.35,
            "eps": 0.37
        },
        "2015": {
            "cash": 0.3,
            "stock": 0.1,
            "eps": 0.4
        },
        "2016": {
            "cash": 0.15,
            "stock": 0,
            "eps": 0.23
        },
        "2017": {
            "cash": 0.01,
            "stock": 0.15,
            "eps": -2.32
        },
        "2018": {
            "cash": 0,
            "stock": 0,
            "eps": 1.67
        },
        "2019": {
            "cash": 0,
            "stock": 0,
            "eps": -0.19
        },
        "2020": {
            "cash": 0,
            "stock": 0,
            "eps": 0.32
        },
        "2021": {
            "cash": 0,
            "stock": 0,
            "eps": 0.28
        },
        "2022": {
            "cash": 0,
            "stock": 0,
            "eps": 0.41
        },
        "2023": {
            "cash": 0.3,
            "stock": 0,
            "eps": 0.6
        },
        "2024": {
            "cash": 0.37,
            "stock": 0,
            "eps": 0
        }
    },
    "dividends": {
        "1998-04-18": {
            "cash": 0,
            "stock": 3
        },
        "1999-06-12": {
            "cash": 0,
            "stock": 3
        },
        "2000-05-27": {
            "cash": 0,
            "stock": 0.4
        },
        "2001-05-10": {
            "cash": 0.5,
            "stock": 4.5
        },
        "2002-05-02": {
            "cash": 0.6,
            "stock": 2.6
        },
        "2003-03-11": {
            "cash": 0.7,
            "stock": 1.8
        },
        "2004-06-15": {
            "cash": 1,
            "stock": 0.3
        },
        "2005-06-29": {
            "cash": 0.8,
            "stock": 0.4
        },
        "2006-03-23": {
            "cash": 0.6,
            "stock": 0.2
        },
        "2007-03-30": {
            "cash": 1.35,
            "stock": 0
        },
        "2008-03-25": {
            "cash": 2.06,
            "stock": 0
        },
        "2009-03-27": {
            "cash": 0.2,
            "stock": 0
        },
        "2010-03-09": {
            "cash": 0.9,
            "stock": 0
        },
        "2011-01-01": {
            "cash": 0.3,
            "stock": 0
        },
        "2013-03-27": {
            "cash": 0.15,
            "stock": 0
        },
        "2014-10-03": {
            "cash": 0.15,
            "stock": 0.35
        },
        "2015-10-02": {
            "cash": 0.3,
            "stock": 0.1
        },
        "2016-09-26": {
            "cash": 0.15,
            "stock": 0
        },
        "2017-09-22": {
            "cash": 0.01,
            "stock": 0.15
        },
        "2023-09-15": {
            "cash": 0.3,
            "stock": 0
        },
        "2024-03-11": {
            "cash": 0.37,
            "stock": 0
        }
    },
    "prices": {
        "200101": "無",
        "200102": "無",
        "200103": "無",
        "200104": "無",
        "200105": "無",
        "200106": "無",
        "200107": "無",
        "200108": "無",
        "200109": "無",
        "200110": "無",
        "200111": "無",
        "200112": "無",
        "200201": "無",
        "200202": "無",
        "200203": "無",
        "200204": "無",
        "200205": "無",
        "200206": "無",
        "200207": "無",
        "200208": "38.58",
        "200209": "36.59",
        "200210": "32.75",
        "200211": "37.10",
        "200212": "36.25",
        "200301": "35.22",
        "200302": "34.10",
        "200303": "31.56",
        "200304": "28.05",
        "200305": "24.50",
        "200306": "27.08",
        "200307": "23.03",
        "200308": "22.28",
        "200309": "19.86",
        "200310": "20.86",
        "200311": "22.42",
        "200312": "24.73",
        "200401": "25.12",
        "200402": "25.66",
        "200403": "24.13",
        "200404": "22.97",
        "200405": "17.56",
        "200406": "16.56",
        "200407": "15.53",
        "200408": "13.58",
        "200409": "14.14",
        "200410": "14.62",
        "200411": "15.37",
        "200412": "15.55",
        "200501": "14.03",
        "200502": "14.42",
        "200503": "15.23",
        "200504": "14.34",
        "200505": "13.04",
        "200506": "13.94",
        "200507": "14.72",
        "200508": "13.77",
        "200509": "12.26",
        "200510": "10.90",
        "200511": "10.97",
        "200512": "12.69",
        "200601": "13.95",
        "200602": "13.59",
        "200603": "13.84",
        "200604": "16.01",
        "200605": "16.59",
        "200606": "15.54",
        "200607": "16.34",
        "200608": "16.57",
        "200609": "15.58",
        "200610": "17.53",
        "200611": "17.82",
        "200612": "18.87",
        "200701": "20.18",
        "200702": "21.45",
        "200703": "25.42",
        "200704": "26.48",
        "200705": "26.80",
        "200706": "29.39",
        "200707": "32.20",
        "200708": "29.46",
        "200709": "28.85",
        "200710": "27.52",
        "200711": "26.26",
        "200712": "23.56",
        "200801": "21.78",
        "200802": "21.40",
        "200803": "23.10",
        "200804": "23.28",
        "200805": "22.06",
        "200806": "19.34",
        "200807": "15.53",
        "200808": "14.53",
        "200809": "10.10",
        "200810": "9.51",
        "200811": "9.11",
        "200812": "8.22",
        "200901": "7.95",
        "200902": "7.91",
        "200903": "8.98",
        "200904": "9.95",
        "200905": "10.37",
        "200906": "11.31",
        "200907": "11.25",
        "200908": "12.08",
        "200909": "17.45",
        "200910": "20.66",
        "200911": "22.82",
        "200912": "26.54",
        "201001": "26.22",
        "201002": "22.42",
        "201003": "24.74",
        "201004": "26.22",
        "201005": "22.30",
        "201006": "23.48",
        "201007": "22.80",
        "201008": "22.32",
        "201009": "20.85",
        "201010": "21.00",
        "201011": "18.32",
        "201012": "19.47",
        "201101": "18.12",
        "201102": "18.69",
        "201103": "16.99",
        "201104": "16.46",
        "201105": "15.06",
        "201106": "12.86",
        "201107": "11.03",
        "201108": "10.46",
        "201109": "10.60",
        "201110": "10.17",
        "201111": "10.81",
        "201112": "10.55",
        "201201": "10.13",
        "201202": "12.95",
        "201203": "13.41",
        "201204": "10.83",
        "201205": "10.36",
        "201206": "9.94",
        "201207": "10.00",
        "201208": "10.40",
        "201209": "13.88",
        "201210": "12.29",
        "201211": "10.57",
        "201212": "11.13",
        "201301": "11.70",
        "201302": "11.23",
        "201303": "12.14",
        "201304": "12.92",
        "201305": "15.00",
        "201306": "13.60",
        "201307": "12.24",
        "201308": "12.10",
        "201309": "13.26",
        "201310": "14.66",
        "201311": "15.12",
        "201312": "17.04",
        "201401": "20.06",
        "201402": "23.02",
        "201403": "21.64",
        "201404": "22.56",
        "201405": "21.87",
        "201406": "25.22",
        "201407": "24.85",
        "201408": "21.23",
        "201409": "19.58",
        "201410": "21.05",
        "201411": "20.31",
        "201412": "20.05",
        "201501": "18.32",
        "201502": "17.20",
        "201503": "17.80",
        "201504": "16.83",
        "201505": "15.33",
        "201506": "11.87",
        "201507": "12.11",
        "201508": "10.89",
        "201509": "10.96",
        "201510": "13.23",
        "201511": "12.91",
        "201512": "11.38",
        "201601": "11.74",
        "201602": "13.49",
        "201603": "13.86",
        "201604": "13.56",
        "201605": "12.52",
        "201606": "13.54",
        "201607": "13.78",
        "201608": "13.69",
        "201609": "13.89",
        "201610": "12.60",
        "201611": "12.08",
        "201612": "12.32",
        "201701": "13.68",
        "201702": "16.51",
        "201703": "14.96",
        "201704": "12.72",
        "201705": "12.24",
        "201706": "12.55",
        "201707": "11.87",
        "201708": "11.79",
        "201709": "11.68",
        "201710": "11.73",
        "201711": "11.59",
        "201712": "10.68",
        "201801": "10.69",
        "201802": "10.18",
        "201803": "10.57",
        "201804": "9.98",
        "201805": "9.71",
        "201806": "9.72",
        "201807": "9.26",
        "201808": "8.98",
        "201809": "8.82",
        "201810": "8.31",
        "201811": "8.36",
        "201812": "8.97",
        "201901": "8.52",
        "201902": "8.55",
        "201903": "9.00",
        "201904": "10.98",
        "201905": "8.04",
        "201906": "8.04",
        "201907": "7.75",
        "201908": "7.56",
        "201909": "7.51",
        "201910": "7.78",
        "201911": "7.48",
        "201912": "8.03",
        "202001": "8.15",
        "202002": "7.92",
        "202003": "6.46",
        "202004": "6.85",
        "202005": "7.99",
        "202006": "8.81",
        "202007": "11.45",
        "202008": "14.87",
        "202009": "19.74",
        "202010": "22.43",
        "202011": "20.60",
        "202012": "21.02",
        "202101": "18.93",
        "202102": "19.70",
        "202103": "23.09",
        "202104": "31.73",
        "202105": "23.23",
        "202106": "22.91",
        "202107": "24.30",
        "202108": "22.05",
        "202109": "23.32",
        "202110": "21.93",
        "202111": "24.75",
        "202112": "22.59",
        "202201": "21.71",
        "202202": "22.80",
        "202203": "21.85",
        "202204": "20.42",
        "202205": "18.74",
        "202206": "18.19",
        "202207": "17.93",
        "202208": "19.13",
        "202209": "24.24",
        "202210": "23.29",
        "202211": "25.97",
        "202212": "35.13",
        "202301": "36.75",
        "202302": "39.88",
        "202303": "45.08",
        "202304": "46.03",
        "202305": "42.02",
        "202306": "49.50",
        "202307": "49.90",
        "202308": "44.75",
        "202309": "41.70",
        "202310": "39.09",
        "202311": "38.75",
        "202312": "41.67"
    },
    "quarters": {
        "20011": {
            "year_quarter": 20011,
            "year": 2001,
            "quarter": 1,
            "eps": 1.75,
            "eps_growth_year": 1.16,
            "eps_4q": 5.47,
            "eps_4q_growth_year": -12.46,
            "roe": 6.75,
            "roe_4q": 6.75,
            "gross_profit": 39898,
            "gross_margin": 26.24,
            "gross_margin_4q_avg": 26.24,
            "net_income": 68023,
            "net_income_4q": null,
            "revenue": 152030,
            "revenue_4q": null,
            "common_shares": 388139,
            "book_valuer_per_share": 26.81,
            "book_valuer_per_share_4q_avg": 26.81,
            "equity": 1040769,
            "current_ratio": 449.68,
            "debt_ratio": 15.3,
            "inventory_turnover_ratio": 1.15,
            "account_receivable_turnover_ratio": null,
            "reinvestment_rate": null,
            "research_to_sale_ratio": null,
            "price_fair": 0,
            "eps_avg_yearly": 0,
            "eps_latest_yearly": 0,
            "eps_growth_yearly": 0
        },
        "20012": {
            "year_quarter": 20012,
            "year": 2001,
            "quarter": 2,
            "eps": 0.7,
            "eps_growth_year": -36.36,
            "eps_4q": 3.77,
            "eps_4q_growth_year": -21.67,
            "roe": 3.75,
            "roe_4q": 10.5,
            "gross_profit": 49309,
            "gross_margin": 29.45,
            "gross_margin_4q_avg": 27.85,
            "net_income": 39474,
            "net_income_4q": null,
            "revenue": 167431,
            "revenue_4q": null,
            "common_shares": 567410,
            "book_valuer_per_share": 18.77,
            "book_valuer_per_share_4q_avg": 22.79,
            "equity": 1064816,
            "current_ratio": 385.11,
            "debt_ratio": 17.16,
            "inventory_turnover_ratio": 1.42,
            "account_receivable_turnover_ratio": null,
            "reinvestment_rate": null,
            "research_to_sale_ratio": null,
            "price_fair": 0,
            "eps_avg_yearly": 0,
            "eps_latest_yearly": 0,
            "eps_growth_yearly": 0
        },
        "20013": {
            "year_quarter": 20013,
            "year": 2001,
            "quarter": 3,
            "eps": 0.86,
            "eps_growth_year": -21.82,
            "eps_4q": 3.9,
            "eps_4q_growth_year": -17.37,
            "roe": 4.48,
            "roe_4q": 14.98,
            "gross_profit": 59313,
            "gross_margin": 31.92,
            "gross_margin_4q_avg": 29.2,
            "net_income": 48763,
            "net_income_4q": null,
            "revenue": 185831,
            "revenue_4q": null,
            "common_shares": 567410,
            "book_valuer_per_share": 19.6,
            "book_valuer_per_share_4q_avg": 21.73,
            "equity": 1111845,
            "current_ratio": 418.82,
            "debt_ratio": 16.54,
            "inventory_turnover_ratio": 1.54,
            "account_receivable_turnover_ratio": null,
            "reinvestment_rate": null,
            "research_to_sale_ratio": null,
            "price_fair": 0,
            "eps_avg_yearly": 0,
            "eps_latest_yearly": 0,
            "eps_growth_yearly": 0
        },
        "20014": {
            "year_quarter": 20014,
            "year": 2001,
            "quarter": 4,
            "eps": 0.93,
            "eps_growth_year": -47.16,
            "eps_4q": 3.69,
            "eps_4q_growth_year": -27.79,
            "roe": 4.62,
            "roe_4q": 19.6,
            "gross_profit": 57875,
            "gross_margin": 31.38,
            "gross_margin_4q_avg": 29.75,
            "net_income": 52674,
            "net_income_4q": null,
            "revenue": 184452,
            "revenue_4q": null,
            "common_shares": 567410,
            "book_valuer_per_share": 20.56,
            "book_valuer_per_share_4q_avg": 21.44,
            "equity": 1166790,
            "current_ratio": 512.77,
            "debt_ratio": 18.78,
            "inventory_turnover_ratio": 1.43,
            "account_receivable_turnover_ratio": null,
            "reinvestment_rate": null,
            "research_to_sale_ratio": null,
            "price_fair": 0,
            "eps_avg_yearly": 0,
            "eps_latest_yearly": 0,
            "eps_growth_yearly": 0
        },
        "20021": {
            "year_quarter": 20021,
            "year": 2002,
            "quarter": 1,
            "eps": 0.83,
            "eps_growth_year": -52.57,
            "eps_4q": 3.32,
            "eps_4q_growth_year": -39.2,
            "roe": 3.94,
            "roe_4q": 16.79,
            "gross_profit": 64973,
            "gross_margin": 28.27,
            "gross_margin_4q_avg": 30.26,
            "net_income": 46886,
            "net_income_4q": null,
            "revenue": 229826,
            "revenue_4q": null,
            "common_shares": 567410,
            "book_valuer_per_share": 21.37,
            "book_valuer_per_share_4q_avg": 20.08,
            "equity": 1212495,
            "current_ratio": 399.61,
            "debt_ratio": 17.88,
            "inventory_turnover_ratio": 1.74,
            "account_receivable_turnover_ratio": null,
            "reinvestment_rate": null,
            "research_to_sale_ratio": null,
            "price_fair": 9.96,
            "eps_avg_yearly": 3.32,
            "eps_latest_yearly": 3.32,
            "eps_growth_yearly": -43.01
        },
        "20022": {
            "year_quarter": 20022,
            "year": 2002,
            "quarter": 2,
            "eps": 0.63,
            "eps_growth_year": -10,
            "eps_4q": 2.7,
            "eps_4q_growth_year": -28.42,
            "roe": 3.73,
            "roe_4q": 16.77,
            "gross_profit": 61168,
            "gross_margin": 26.29,
            "gross_margin_4q_avg": 29.47,
            "net_income": 45218,
            "net_income_4q": null,
            "revenue": 232691,
            "revenue_4q": null,
            "common_shares": 722340,
            "book_valuer_per_share": 16.76,
            "book_valuer_per_share_4q_avg": 19.57,
            "equity": 1210372,
            "current_ratio": 321.87,
            "debt_ratio": 20.92,
            "inventory_turnover_ratio": 1.81,
            "account_receivable_turnover_ratio": null,
            "reinvestment_rate": null,
            "research_to_sale_ratio": null,
            "price_fair": 8.76,
            "eps_avg_yearly": 2.92,
            "eps_latest_yearly": 2.52,
            "eps_growth_yearly": -69.7
        },
        "20023": {
            "year_quarter": 20023,
            "year": 2002,
            "quarter": 3,
            "eps": 0.78,
            "eps_growth_year": -9.3,
            "eps_4q": 2.79,
            "eps_4q_growth_year": -28.53,
            "roe": 4.52,
            "roe_4q": 16.81,
            "gross_profit": 75448,
            "gross_margin": 30.02,
            "gross_margin_4q_avg": 28.99,
            "net_income": 56201,
            "net_income_4q": null,
            "revenue": 251360,
            "revenue_4q": null,
            "common_shares": 722340,
            "book_valuer_per_share": 17.63,
            "book_valuer_per_share_4q_avg": 19.08,
            "equity": 1273697,
            "current_ratio": 372.23,
            "debt_ratio": 19.07,
            "inventory_turnover_ratio": 1.88,
            "account_receivable_turnover_ratio": null,
            "reinvestment_rate": null,
            "research_to_sale_ratio": null,
            "price_fair": 8.96,
            "eps_avg_yearly": 2.99,
            "eps_latest_yearly": 3.12,
            "eps_growth_yearly": -14.72
        },
        "20024": {
            "year_quarter": 20024,
            "year": 2002,
            "quarter": 4,
            "eps": 0.91,
            "eps_growth_year": -2.15,
            "eps_4q": 2.97,
            "eps_4q_growth_year": -19.62,
            "roe": 5.02,
            "roe_4q": 17.21,
            "gross_profit": 104577,
            "gross_margin": 32.9,
            "gross_margin_4q_avg": 29.37,
            "net_income": 65665,
            "net_income_4q": null,
            "revenue": 317842,
            "revenue_4q": null,
            "common_shares": 722340,
            "book_valuer_per_share": 18.58,
            "book_valuer_per_share_4q_avg": 18.59,
            "equity": 1342163,
            "current_ratio": 376,
            "debt_ratio": 24.9,
            "inventory_turnover_ratio": 1.76,
            "account_receivable_turnover_ratio": null,
            "reinvestment_rate": 30.82,
            "research_to_sale_ratio": null,
            "price_fair": 49.23,
            "eps_avg_yearly": 3.15,
            "eps_latest_yearly": 3.64,
            "eps_growth_yearly": 5.63
        },
        "20031": {
            "year_quarter": 20031,
            "year": 2003,
            "quarter": 1,
            "eps": 0.37,
            "eps_growth_year": -55.42,
            "eps_4q": 2.69,
            "eps_4q_growth_year": -18.97,
            "roe": 1.96,
            "roe_4q": 15.23,
            "gross_profit": 54169,
            "gross_margin": 23.29,
            "gross_margin_4q_avg": 28.13,
            "net_income": 26603,
            "net_income_4q": null,
            "revenue": 232580,
            "revenue_4q": null,
            "common_shares": 722340,
            "book_valuer_per_share": 18.95,
            "book_valuer_per_share_4q_avg": 17.98,
            "equity": 1368721,
            "current_ratio": 461.4,
            "debt_ratio": 16.85,
            "inventory_turnover_ratio": 1.41,
            "account_receivable_turnover_ratio": null,
            "reinvestment_rate": 29.31,
            "research_to_sale_ratio": null,
            "price_fair": 8.45,
            "eps_avg_yearly": 2.82,
            "eps_latest_yearly": 1.48,
            "eps_growth_yearly": -42.97
        },
        "20032": {
            "year_quarter": 20032,
            "year": 2003,
            "quarter": 2,
            "eps": 0.24,
            "eps_growth_year": -61.9,
            "eps_4q": 1.99,
            "eps_4q_growth_year": -26.06,
            "roe": 1.5,
            "roe_4q": 13,
            "gross_profit": 43344,
            "gross_margin": 24.64,
            "gross_margin_4q_avg": 27.71,
            "net_income": 20316,
            "net_income_4q": null,
            "revenue": 175901,
            "revenue_4q": null,
            "common_shares": 722340,
            "book_valuer_per_share": 18.43,
            "book_valuer_per_share_4q_avg": 18.4,
            "equity": 1331141,
            "current_ratio": 395.04,
            "debt_ratio": 18.08,
            "inventory_turnover_ratio": 1.28,
            "account_receivable_turnover_ratio": null,
            "reinvestment_rate": 33.72,
            "research_to_sale_ratio": null,
            "price_fair": 7.52,
            "eps_avg_yearly": 2.51,
            "eps_latest_yearly": 0.96,
            "eps_growth_yearly": -59.23
        },
        "20033": {
            "year_quarter": 20033,
            "year": 2003,
            "quarter": 3,
            "eps": 0.51,
            "eps_growth_year": -34.62,
            "eps_4q": 1.81,
            "eps_4q_growth_year": -35.09,
            "roe": 3.31,
            "roe_4q": 11.79,
            "gross_profit": 71316,
            "gross_margin": 26.93,
            "gross_margin_4q_avg": 26.94,
            "net_income": 44147,
            "net_income_4q": null,
            "revenue": 264852,
            "revenue_4q": null,
            "common_shares": 861979,
            "book_valuer_per_share": 15.46,
            "book_valuer_per_share_4q_avg": 17.86,
            "equity": 1332769,
            "current_ratio": 300.87,
            "debt_ratio": 19.89,
            "inventory_turnover_ratio": 1.64,
            "account_receivable_turnover_ratio": null,
            "reinvestment_rate": 33.1,
            "research_to_sale_ratio": null,
            "price_fair": 57.38,
            "eps_avg_yearly": 2.44,
            "eps_latest_yearly": 2.04,
            "eps_growth_yearly": 13.52
        },
        "20034": {
            "year_quarter": 20034,
            "year": 2003,
            "quarter": 4,
            "eps": 0.56,
            "eps_growth_year": -38.46,
            "eps_4q": 1.62,
            "eps_4q_growth_year": -45.46,
            "roe": 3.55,
            "roe_4q": 10.32,
            "gross_profit": 96411,
            "gross_margin": 29.08,
            "gross_margin_4q_avg": 25.99,
            "net_income": 48234,
            "net_income_4q": null,
            "revenue": 331517,
            "revenue_4q": null,
            "common_shares": 861979,
            "book_valuer_per_share": 16.04,
            "book_valuer_per_share_4q_avg": 17.22,
            "equity": 1382442,
            "current_ratio": 423.69,
            "debt_ratio": 22.27,
            "inventory_turnover_ratio": 1.64,
            "account_receivable_turnover_ratio": null,
            "reinvestment_rate": 28.55,
            "research_to_sale_ratio": null,
            "price_fair": 64.55,
            "eps_avg_yearly": 2.42,
            "eps_latest_yearly": 2.24,
            "eps_growth_yearly": 16.73
        },
        "20041": {
            "year_quarter": 20041,
            "year": 2004,
            "quarter": 1,
            "eps": 0.29,
            "eps_growth_year": -21.62,
            "eps_4q": 1.61,
            "eps_4q_growth_year": -40.35,
            "roe": 1.79,
            "roe_4q": 10.15,
            "gross_profit": 66059,
            "gross_margin": 24.42,
            "gross_margin_4q_avg": 26.27,
            "net_income": 24816,
            "net_income_4q": null,
            "revenue": 270477,
            "revenue_4q": null,
            "common_shares": 861979,
            "book_valuer_per_share": 16.16,
            "book_valuer_per_share_4q_avg": 16.52,
            "equity": 1392880,
            "current_ratio": 279.65,
            "debt_ratio": 20.44,
            "inventory_turnover_ratio": 1.3,
            "account_receivable_turnover_ratio": null,
            "reinvestment_rate": 24.17,
            "research_to_sale_ratio": null,
            "price_fair": 6.83,
            "eps_avg_yearly": 2.28,
            "eps_latest_yearly": 1.16,
            "eps_growth_yearly": -6.56
        },
        "20042": {
            "year_quarter": 20042,
            "year": 2004,
            "quarter": 2,
            "eps": 0.37,
            "eps_growth_year": 54.17,
            "eps_4q": 1.69,
            "eps_4q_growth_year": -15.42,
            "roe": 2.4,
            "roe_4q": 11.049999999999999,
            "gross_profit": 81681,
            "gross_margin": 24.13,
            "gross_margin_4q_avg": 26.14,
            "net_income": 32940,
            "net_income_4q": null,
            "revenue": 338437,
            "revenue_4q": null,
            "common_shares": 861979,
            "book_valuer_per_share": 15.64,
            "book_valuer_per_share_4q_avg": 15.83,
            "equity": 1348115,
            "current_ratio": 221.79,
            "debt_ratio": 24.13,
            "inventory_turnover_ratio": 1.68,
            "account_receivable_turnover_ratio": null,
            "reinvestment_rate": 22.82,
            "research_to_sale_ratio": null,
            "price_fair": 33.23,
            "eps_avg_yearly": 2.2,
            "eps_latest_yearly": 1.48,
            "eps_growth_yearly": 5.13
        },
        "20043": {
            "year_quarter": 20043,
            "year": 2004,
            "quarter": 3,
            "eps": 0.48,
            "eps_growth_year": -5.88,
            "eps_4q": 1.69,
            "eps_4q_growth_year": -6.59,
            "roe": 3.06,
            "roe_4q": 10.8,
            "gross_profit": 92391,
            "gross_margin": 26.48,
            "gross_margin_4q_avg": 26.03,
            "net_income": 42000,
            "net_income_4q": null,
            "revenue": 348915,
            "revenue_4q": null,
            "common_shares": 895912,
            "book_valuer_per_share": 15.55,
            "book_valuer_per_share_4q_avg": 15.85,
            "equity": 1392776,
            "current_ratio": 239.05,
            "debt_ratio": 23.23,
            "inventory_turnover_ratio": 1.81,
            "account_receivable_turnover_ratio": null,
            "reinvestment_rate": 16.65,
            "research_to_sale_ratio": null,
            "price_fair": 55.3,
            "eps_avg_yearly": 2.17,
            "eps_latest_yearly": 1.92,
            "eps_growth_yearly": 15.48
        },
        "20044": {
            "year_quarter": 20044,
            "year": 2004,
            "quarter": 4,
            "eps": 0.47,
            "eps_growth_year": -16.07,
            "eps_4q": 1.61,
            "eps_4q_growth_year": -0.45,
            "roe": 2.94,
            "roe_4q": 10.190000000000001,
            "gross_profit": 106259,
            "gross_margin": 28.08,
            "gross_margin_4q_avg": 25.78,
            "net_income": 41129,
            "net_income_4q": null,
            "revenue": 378394,
            "revenue_4q": null,
            "common_shares": 895912,
            "book_valuer_per_share": 15.63,
            "book_valuer_per_share_4q_avg": 15.75,
            "equity": 1400561,
            "current_ratio": 346.34,
            "debt_ratio": 21.71,
            "inventory_turnover_ratio": 1.83,
            "account_receivable_turnover_ratio": null,
            "reinvestment_rate": 46.25,
            "research_to_sale_ratio": null,
            "price_fair": 50.43,
            "eps_avg_yearly": 2.15,
            "eps_latest_yearly": 1.88,
            "eps_growth_yearly": 13.49
        },
        "20051": {
            "year_quarter": 20051,
            "year": 2005,
            "quarter": 1,
            "eps": 0.15,
            "eps_growth_year": -48.28,
            "eps_4q": 1.44,
            "eps_4q_growth_year": -10.2,
            "roe": 0.96,
            "roe_4q": 9.36,
            "gross_profit": 58643,
            "gross_margin": 25.34,
            "gross_margin_4q_avg": 26.01,
            "net_income": 13464,
            "net_income_4q": null,
            "revenue": 231414,
            "revenue_4q": null,
            "common_shares": 895913,
            "book_valuer_per_share": 15.81,
            "book_valuer_per_share_4q_avg": 15.66,
            "equity": 1416096,
            "current_ratio": 311.32,
            "debt_ratio": 17.17,
            "inventory_turnover_ratio": 1.44,
            "account_receivable_turnover_ratio": null,
            "reinvestment_rate": 17.82,
            "research_to_sale_ratio": null,
            "price_fair": 6.08,
            "eps_avg_yearly": 2.03,
            "eps_latest_yearly": 0.6,
            "eps_growth_yearly": -8.5
        },
        "20052": {
            "year_quarter": 20052,
            "year": 2005,
            "quarter": 2,
            "eps": 0.08,
            "eps_growth_year": -78.38,
            "eps_4q": 1.07,
            "eps_4q_growth_year": -36.44,
            "roe": 0.56,
            "roe_4q": 7.52,
            "gross_profit": 68749,
            "gross_margin": 23.86,
            "gross_margin_4q_avg": 25.94,
            "net_income": 7790,
            "net_income_4q": null,
            "revenue": 288132,
            "revenue_4q": null,
            "common_shares": 915143,
            "book_valuer_per_share": 15.05,
            "book_valuer_per_share_4q_avg": 15.51,
            "equity": 1377722,
            "current_ratio": 191.07,
            "debt_ratio": 23.55,
            "inventory_turnover_ratio": 2.55,
            "account_receivable_turnover_ratio": null,
            "reinvestment_rate": 24.79,
            "research_to_sale_ratio": null,
            "price_fair": 5.72,
            "eps_avg_yearly": 1.91,
            "eps_latest_yearly": 0.32,
            "eps_growth_yearly": -21.22
        },
        "20053": {
            "year_quarter": 20053,
            "year": 2005,
            "quarter": 3,
            "eps": 0.34,
            "eps_growth_year": -29.17,
            "eps_4q": 1.01,
            "eps_4q_growth_year": -40.14,
            "roe": 2.24,
            "roe_4q": 6.7,
            "gross_profit": 82490,
            "gross_margin": 25.18,
            "gross_margin_4q_avg": 25.62,
            "net_income": 31544,
            "net_income_4q": null,
            "revenue": 327604,
            "revenue_4q": null,
            "common_shares": 959501,
            "book_valuer_per_share": 14.96,
            "book_valuer_per_share_4q_avg": 15.36,
            "equity": 1435198,
            "current_ratio": 189.77,
            "debt_ratio": 25.14,
            "inventory_turnover_ratio": 3.09,
            "account_receivable_turnover_ratio": null,
            "reinvestment_rate": 24.44,
            "research_to_sale_ratio": null,
            "price_fair": 65.43,
            "eps_avg_yearly": 1.87,
            "eps_latest_yearly": 1.36,
            "eps_growth_yearly": 66.86
        },
        "20054": {
            "year_quarter": 20054,
            "year": 2005,
            "quarter": 4,
            "eps": 0.5,
            "eps_growth_year": 6.38,
            "eps_4q": 1.07,
            "eps_4q_growth_year": -33.77,
            "roe": 3.21,
            "roe_4q": 6.97,
            "gross_profit": 95530,
            "gross_margin": 22.03,
            "gross_margin_4q_avg": 24.1,
            "net_income": 46617,
            "net_income_4q": null,
            "revenue": 433555,
            "revenue_4q": null,
            "common_shares": 959501,
            "book_valuer_per_share": 15.28,
            "book_valuer_per_share_4q_avg": 15.28,
            "equity": 1466448,
            "current_ratio": 253.05,
            "debt_ratio": 26.64,
            "inventory_turnover_ratio": 2.4,
            "account_receivable_turnover_ratio": null,
            "reinvestment_rate": 72.41,
            "research_to_sale_ratio": null,
            "price_fair": 65.71,
            "eps_avg_yearly": 1.88,
            "eps_latest_yearly": 2,
            "eps_growth_yearly": 74.45
        },
        "20061": {
            "year_quarter": 20061,
            "year": 2006,
            "quarter": 1,
            "eps": 0.32,
            "eps_growth_year": 113.33,
            "eps_4q": 1.23,
            "eps_4q_growth_year": -14.86,
            "roe": 2.05,
            "roe_4q": 8.06,
            "gross_profit": 73025,
            "gross_margin": 19.81,
            "gross_margin_4q_avg": 22.72,
            "net_income": 30269,
            "net_income_4q": null,
            "revenue": 368677,
            "revenue_4q": null,
            "common_shares": 959501,
            "book_valuer_per_share": 15.54,
            "book_valuer_per_share_4q_avg": 15.21,
            "equity": 1490830,
            "current_ratio": 205.44,
            "debt_ratio": 24.7,
            "inventory_turnover_ratio": 1.88,
            "account_receivable_turnover_ratio": null,
            "reinvestment_rate": 18.26,
            "research_to_sale_ratio": null,
            "price_fair": 61.25,
            "eps_avg_yearly": 1.75,
            "eps_latest_yearly": 1.28,
            "eps_growth_yearly": 68.13
        },
        "20062": {
            "year_quarter": 20062,
            "year": 2006,
            "quarter": 2,
            "eps": 0.37,
            "eps_growth_year": 362.5,
            "eps_4q": 1.51,
            "eps_4q_growth_year": 40.89,
            "roe": 2.38,
            "roe_4q": 9.879999999999999,
            "gross_profit": 94167,
            "gross_margin": 20.33,
            "gross_margin_4q_avg": 21.84,
            "net_income": 35182,
            "net_income_4q": null,
            "revenue": 463168,
            "revenue_4q": null,
            "common_shares": 959501,
            "book_valuer_per_share": 15.22,
            "book_valuer_per_share_4q_avg": 15.25,
            "equity": 1459889,
            "current_ratio": 171.77,
            "debt_ratio": 29.4,
            "inventory_turnover_ratio": 3.45,
            "account_receivable_turnover_ratio": null,
            "reinvestment_rate": 18.05,
            "research_to_sale_ratio": null,
            "price_fair": 58.98,
            "eps_avg_yearly": 1.69,
            "eps_latest_yearly": 1.48,
            "eps_growth_yearly": 78.06
        },
        "20063": {
            "year_quarter": 20063,
            "year": 2006,
            "quarter": 3,
            "eps": 0.69,
            "eps_growth_year": 102.94,
            "eps_4q": 1.87,
            "eps_4q_growth_year": 85.13,
            "roe": 4.36,
            "roe_4q": 12,
            "gross_profit": 122414,
            "gross_margin": 22.44,
            "gross_margin_4q_avg": 21.15,
            "net_income": 65293,
            "net_income_4q": null,
            "revenue": 545407,
            "revenue_4q": null,
            "common_shares": 962153,
            "book_valuer_per_share": 15.97,
            "book_valuer_per_share_4q_avg": 15.5,
            "equity": 1536491,
            "current_ratio": 197.57,
            "debt_ratio": 29.33,
            "inventory_turnover_ratio": 4.18,
            "account_receivable_turnover_ratio": null,
            "reinvestment_rate": 9.12,
            "research_to_sale_ratio": null,
            "price_fair": 58.19,
            "eps_avg_yearly": 1.66,
            "eps_latest_yearly": 2.76,
            "eps_growth_yearly": 93.73
        },
        "20064": {
            "year_quarter": 20064,
            "year": 2006,
            "quarter": 4,
            "eps": 0.32,
            "eps_growth_year": -36,
            "eps_4q": 1.68,
            "eps_4q_growth_year": 57.37,
            "roe": 1.99,
            "roe_4q": 10.780000000000001,
            "gross_profit": 93433,
            "gross_margin": 18.9,
            "gross_margin_4q_avg": 20.37,
            "net_income": 30808,
            "net_income_4q": null,
            "revenue": 494286,
            "revenue_4q": null,
            "common_shares": 962153,
            "book_valuer_per_share": 16.22,
            "book_valuer_per_share_4q_avg": 15.74,
            "equity": 1561846,
            "current_ratio": 262.11,
            "debt_ratio": 27.85,
            "inventory_turnover_ratio": 2.11,
            "account_receivable_turnover_ratio": null,
            "reinvestment_rate": 61.98,
            "research_to_sale_ratio": null,
            "price_fair": 53.03,
            "eps_avg_yearly": 1.52,
            "eps_latest_yearly": 1.28,
            "eps_growth_yearly": 76.16
        },
        "20071": {
            "year_quarter": 20071,
            "year": 2007,
            "quarter": 1,
            "eps": 0.62,
            "eps_growth_year": 93.75,
            "eps_4q": 2,
            "eps_4q_growth_year": 63.04,
            "roe": 3.7,
            "roe_4q": 12.43,
            "gross_profit": 110601,
            "gross_margin": 19.87,
            "gross_margin_4q_avg": 20.39,
            "net_income": 58844,
            "net_income_4q": null,
            "revenue": 556620,
            "revenue_4q": null,
            "common_shares": 962153,
            "book_valuer_per_share": 16.86,
            "book_valuer_per_share_4q_avg": 16.07,
            "equity": 1621890,
            "current_ratio": 227.02,
            "debt_ratio": 26.21,
            "inventory_turnover_ratio": 2.31,
            "account_receivable_turnover_ratio": null,
            "reinvestment_rate": 9.77,
            "research_to_sale_ratio": null,
            "price_fair": 55.21,
            "eps_avg_yearly": 1.58,
            "eps_latest_yearly": 2.48,
            "eps_growth_yearly": 114.43
        },
        "20072": {
            "year_quarter": 20072,
            "year": 2007,
            "quarter": 2,
            "eps": 0.75,
            "eps_growth_year": 102.7,
            "eps_4q": 2.37,
            "eps_4q_growth_year": 57.21,
            "roe": 4.51,
            "roe_4q": 14.560000000000002,
            "gross_profit": 126097,
            "gross_margin": 25.07,
            "gross_margin_4q_avg": 21.57,
            "net_income": 71541,
            "net_income_4q": null,
            "revenue": 502987,
            "revenue_4q": null,
            "common_shares": 962153,
            "book_valuer_per_share": 16.09,
            "book_valuer_per_share_4q_avg": 16.29,
            "equity": 1547855,
            "current_ratio": 228.5,
            "debt_ratio": 24.19,
            "inventory_turnover_ratio": 4.54,
            "account_receivable_turnover_ratio": null,
            "reinvestment_rate": 5.49,
            "research_to_sale_ratio": null,
            "price_fair": 59.68,
            "eps_avg_yearly": 1.71,
            "eps_latest_yearly": 3,
            "eps_growth_yearly": 128.46
        },
        "20073": {
            "year_quarter": 20073,
            "year": 2007,
            "quarter": 3,
            "eps": 0.72,
            "eps_growth_year": 4.35,
            "eps_4q": 2.41,
            "eps_4q_growth_year": 28.75,
            "roe": 4.33,
            "roe_4q": 14.53,
            "gross_profit": 125300,
            "gross_margin": 23.03,
            "gross_margin_4q_avg": 21.72,
            "net_income": 68548,
            "net_income_4q": null,
            "revenue": 543968,
            "revenue_4q": null,
            "common_shares": 962153,
            "book_valuer_per_share": 16.8,
            "book_valuer_per_share_4q_avg": 16.49,
            "equity": 1616784,
            "current_ratio": 238.21,
            "debt_ratio": 24.3,
            "inventory_turnover_ratio": 7.14,
            "account_receivable_turnover_ratio": null,
            "reinvestment_rate": 5.08,
            "research_to_sale_ratio": null,
            "price_fair": 61.51,
            "eps_avg_yearly": 1.76,
            "eps_latest_yearly": 2.88,
            "eps_growth_yearly": 99.33
        },
        "20074": {
            "year_quarter": 20074,
            "year": 2007,
            "quarter": 4,
            "eps": 0.5,
            "eps_growth_year": 56.25,
            "eps_4q": 2.61,
            "eps_4q_growth_year": 55.4,
            "roe": 2.88,
            "roe_4q": 15.419999999999998,
            "gross_profit": 142618,
            "gross_margin": 24.35,
            "gross_margin_4q_avg": 23.08,
            "net_income": 47192,
            "net_income_4q": null,
            "revenue": 585754,
            "revenue_4q": null,
            "common_shares": 962153,
            "book_valuer_per_share": 17.2,
            "book_valuer_per_share_4q_avg": 16.74,
            "equity": 1656353,
            "current_ratio": 225.38,
            "debt_ratio": 34.24,
            "inventory_turnover_ratio": 2.35,
            "account_receivable_turnover_ratio": null,
            "reinvestment_rate": 44.87,
            "research_to_sale_ratio": null,
            "price_fair": 60.99,
            "eps_avg_yearly": 1.74,
            "eps_latest_yearly": 2,
            "eps_growth_yearly": 89.24
        },
        "20081": {
            "year_quarter": 20081,
            "year": 2008,
            "quarter": 1,
            "eps": 0.07,
            "eps_growth_year": -88.71,
            "eps_4q": 2.06,
            "eps_4q_growth_year": 3.04,
            "roe": 0.4,
            "roe_4q": 12.12,
            "gross_profit": 121804,
            "gross_margin": 22.07,
            "gross_margin_4q_avg": 23.63,
            "net_income": 6570,
            "net_income_4q": null,
            "revenue": 551876,
            "revenue_4q": null,
            "common_shares": 962153,
            "book_valuer_per_share": 17.02,
            "book_valuer_per_share_4q_avg": 16.78,
            "equity": 1639698,
            "current_ratio": 268.66,
            "debt_ratio": 27.86,
            "inventory_turnover_ratio": 1.35,
            "account_receivable_turnover_ratio": null,
            "reinvestment_rate": 48.85,
            "research_to_sale_ratio": null,
            "price_fair": 59.06,
            "eps_avg_yearly": 1.69,
            "eps_latest_yearly": 0.28,
            "eps_growth_yearly": 79.8
        },
        "20082": {
            "year_quarter": 20082,
            "year": 2008,
            "quarter": 2,
            "eps": 0.22,
            "eps_growth_year": -70.67,
            "eps_4q": 1.52,
            "eps_4q_growth_year": -35.96,
            "roe": 1.34,
            "roe_4q": 8.95,
            "gross_profit": 120896,
            "gross_margin": 18.65,
            "gross_margin_4q_avg": 22.03,
            "net_income": 20655,
            "net_income_4q": null,
            "revenue": 648078,
            "revenue_4q": null,
            "common_shares": 962153,
            "book_valuer_per_share": 14.98,
            "book_valuer_per_share_4q_avg": 16.5,
            "equity": 1443629,
            "current_ratio": 182.86,
            "debt_ratio": 39.64,
            "inventory_turnover_ratio": 1.73,
            "account_receivable_turnover_ratio": null,
            "reinvestment_rate": 48.78,
            "research_to_sale_ratio": null,
            "price_fair": 57.75,
            "eps_avg_yearly": 1.65,
            "eps_latest_yearly": 0.88,
            "eps_growth_yearly": 126.47
        },
        "20083": {
            "year_quarter": 20083,
            "year": 2008,
            "quarter": 3,
            "eps": 0.21,
            "eps_growth_year": -70.83,
            "eps_4q": 0.98,
            "eps_4q_growth_year": -59.3,
            "roe": 1.37,
            "roe_4q": 5.99,
            "gross_profit": 110870,
            "gross_margin": 18.67,
            "gross_margin_4q_avg": 20.94,
            "net_income": 20118,
            "net_income_4q": null,
            "revenue": 593812,
            "revenue_4q": null,
            "common_shares": 962153,
            "book_valuer_per_share": 15.38,
            "book_valuer_per_share_4q_avg": 16.15,
            "equity": 1482814,
            "current_ratio": 203.93,
            "debt_ratio": 34.64,
            "inventory_turnover_ratio": 1.54,
            "account_receivable_turnover_ratio": null,
            "reinvestment_rate": 55.9,
            "research_to_sale_ratio": null,
            "price_fair": 55.39,
            "eps_avg_yearly": 1.58,
            "eps_latest_yearly": 0.84,
            "eps_growth_yearly": 117.9
        },
        "20084": {
            "year_quarter": 20084,
            "year": 2008,
            "quarter": 4,
            "eps": -0.37,
            "eps_growth_year": -174,
            "eps_4q": 0.13,
            "eps_4q_growth_year": -95.15,
            "roe": -2.38,
            "roe_4q": 0.7300000000000003,
            "gross_profit": 87183,
            "gross_margin": 16.63,
            "gross_margin_4q_avg": 19.01,
            "net_income": -34885,
            "net_income_4q": null,
            "revenue": 524099,
            "revenue_4q": null,
            "common_shares": 962153,
            "book_valuer_per_share": 15.08,
            "book_valuer_per_share_4q_avg": 15.62,
            "equity": 1453617,
            "current_ratio": 228.36,
            "debt_ratio": 29.74,
            "inventory_turnover_ratio": 1.43,
            "account_receivable_turnover_ratio": null,
            "reinvestment_rate": 17.25,
            "research_to_sale_ratio": null,
            "price_fair": 54.69,
            "eps_avg_yearly": 1.56,
            "eps_latest_yearly": 0.84,
            "eps_growth_yearly": 126.32
        },
        "20091": {
            "year_quarter": 20091,
            "year": 2009,
            "quarter": 1,
            "eps": -0.05,
            "eps_growth_year": -171.43,
            "eps_4q": 0.01,
            "eps_4q_growth_year": -99.65,
            "roe": -0.31,
            "roe_4q": 0.02000000000000024,
            "gross_profit": 75809,
            "gross_margin": 23.4,
            "gross_margin_4q_avg": 19.34,
            "net_income": -4587,
            "net_income_4q": null,
            "revenue": 324001,
            "revenue_4q": null,
            "common_shares": 962153,
            "book_valuer_per_share": 15.25,
            "book_valuer_per_share_4q_avg": 15.17,
            "equity": 1470526,
            "current_ratio": 267.79,
            "debt_ratio": 25.45,
            "inventory_turnover_ratio": 0.94,
            "account_receivable_turnover_ratio": null,
            "reinvestment_rate": 65.96,
            "research_to_sale_ratio": null,
            "price_fair": 57.1,
            "eps_avg_yearly": 1.63,
            "eps_latest_yearly": 0.84,
            "eps_growth_yearly": 154.8
        },
        "20092": {
            "year_quarter": 20092,
            "year": 2009,
            "quarter": 2,
            "eps": 0.38,
            "eps_growth_year": 72.73,
            "eps_4q": 0.17,
            "eps_4q_growth_year": -89.09,
            "roe": 2.39,
            "roe_4q": 1.0700000000000003,
            "gross_profit": 95758,
            "gross_margin": 22.75,
            "gross_margin_4q_avg": 20.36,
            "net_income": 35478,
            "net_income_4q": null,
            "revenue": 420891,
            "revenue_4q": null,
            "common_shares": 962153,
            "book_valuer_per_share": 15.52,
            "book_valuer_per_share_4q_avg": 15.31,
            "equity": 1496441,
            "current_ratio": 257.61,
            "debt_ratio": 26.93,
            "inventory_turnover_ratio": 1.42,
            "account_receivable_turnover_ratio": 2.83,
            "reinvestment_rate": 36.25,
            "research_to_sale_ratio": null,
            "price_fair": 60.63,
            "eps_avg_yearly": 1.73,
            "eps_latest_yearly": 0.84,
            "eps_growth_yearly": 181.06
        },
        "20093": {
            "year_quarter": 20093,
            "year": 2009,
            "quarter": 3,
            "eps": 0.36,
            "eps_growth_year": 71.43,
            "eps_4q": 0.31,
            "eps_4q_growth_year": -68.28,
            "roe": 2.25,
            "roe_4q": 1.950000000000001,
            "gross_profit": 141305,
            "gross_margin": 28.32,
            "gross_margin_4q_avg": 22.78,
            "net_income": 33996,
            "net_income_4q": null,
            "revenue": 498936,
            "revenue_4q": null,
            "common_shares": 962153,
            "book_valuer_per_share": 15.8,
            "book_valuer_per_share_4q_avg": 15.41,
            "equity": 1523445,
            "current_ratio": 235.28,
            "debt_ratio": 30.05,
            "inventory_turnover_ratio": 1.65,
            "account_receivable_turnover_ratio": 1.43,
            "reinvestment_rate": 36.18,
            "research_to_sale_ratio": null,
            "price_fair": 60.85,
            "eps_avg_yearly": 1.74,
            "eps_latest_yearly": 1.44,
            "eps_growth_yearly": 79.44
        },
        "20094": {
            "year_quarter": 20094,
            "year": 2009,
            "quarter": 4,
            "eps": 0.35,
            "eps_growth_year": null,
            "eps_4q": 1.05,
            "eps_4q_growth_year": 732.86,
            "roe": 2.08,
            "roe_4q": 6.410000000000001,
            "gross_profit": 131956,
            "gross_margin": 26.7,
            "gross_margin_4q_avg": 25.29,
            "net_income": 32134,
            "net_income_4q": null,
            "revenue": 494177,
            "revenue_4q": null,
            "common_shares": 962153,
            "book_valuer_per_share": 16.26,
            "book_valuer_per_share_4q_avg": 15.71,
            "equity": 1568072,
            "current_ratio": 212.28,
            "debt_ratio": 33.43,
            "inventory_turnover_ratio": 1.39,
            "account_receivable_turnover_ratio": 1.31,
            "reinvestment_rate": -24.95,
            "research_to_sale_ratio": null,
            "price_fair": 59.23,
            "eps_avg_yearly": 1.69,
            "eps_latest_yearly": 1.4,
            "eps_growth_yearly": 64.11
        },
        "20101": {
            "year_quarter": 20101,
            "year": 2010,
            "quarter": 1,
            "eps": null,
            "eps_growth_year": null,
            "eps_4q": null,
            "eps_4q_growth_year": null,
            "roe": null,
            "roe_4q": 6.720000000000001,
            "gross_profit": 90937,
            "gross_margin": null,
            "gross_margin_4q_avg": 19.44,
            "net_income": 17113,
            "net_income_4q": null,
            "revenue": 378085,
            "revenue_4q": null,
            "common_shares": 956209,
            "book_valuer_per_share": 16.25,
            "book_valuer_per_share_4q_avg": 15.96,
            "equity": 1557527,
            "current_ratio": 205.8,
            "debt_ratio": 34.47,
            "inventory_turnover_ratio": null,
            "account_receivable_turnover_ratio": null,
            "reinvestment_rate": null,
            "research_to_sale_ratio": null,
            "price_fair": 60.43,
            "eps_avg_yearly": 1.73,
            "eps_latest_yearly": 1.4,
            "eps_growth_yearly": 81.45
        },
        "20102": {
            "year_quarter": 20102,
            "year": 2010,
            "quarter": 2,
            "eps": 0.23,
            "eps_growth_year": -40.6,
            "eps_4q": 0.93,
            "eps_4q_growth_year": 459.92,
            "roe": 1.39,
            "roe_4q": 5.72,
            "gross_profit": 94877,
            "gross_margin": 21.56,
            "gross_margin_4q_avg": 19.15,
            "net_income": 21316,
            "net_income_4q": null,
            "revenue": 440042,
            "revenue_4q": null,
            "common_shares": 956209,
            "book_valuer_per_share": 15.86,
            "book_valuer_per_share_4q_avg": 16.04,
            "equity": 1501166,
            "current_ratio": 190.46,
            "debt_ratio": 36.31,
            "inventory_turnover_ratio": 0.97,
            "account_receivable_turnover_ratio": 2.81,
            "reinvestment_rate": 169.8,
            "research_to_sale_ratio": null,
            "price_fair": 61.22,
            "eps_avg_yearly": 1.75,
            "eps_latest_yearly": 1.4,
            "eps_growth_yearly": 83.17
        },
        "20103": {
            "year_quarter": 20103,
            "year": 2010,
            "quarter": 3,
            "eps": 0.14,
            "eps_growth_year": -61.71,
            "eps_4q": 0.71,
            "eps_4q_growth_year": 127.51,
            "roe": 0.87,
            "roe_4q": 4.34,
            "gross_profit": 123202,
            "gross_margin": 23.63,
            "gross_margin_4q_avg": 17.97,
            "net_income": 13135,
            "net_income_4q": null,
            "revenue": 521444,
            "revenue_4q": null,
            "common_shares": 956209,
            "book_valuer_per_share": 16.05,
            "book_valuer_per_share_4q_avg": 16.11,
            "equity": 1518970,
            "current_ratio": 282.17,
            "debt_ratio": 36.99,
            "inventory_turnover_ratio": 1.02,
            "account_receivable_turnover_ratio": 1.52,
            "reinvestment_rate": 263.93,
            "research_to_sale_ratio": 6.99,
            "price_fair": 54.22,
            "eps_avg_yearly": 1.55,
            "eps_latest_yearly": 0.56,
            "eps_growth_yearly": 37.49
        },
        "20104": {
            "year_quarter": 20104,
            "year": 2010,
            "quarter": 4,
            "eps": -0.42,
            "eps_growth_year": -219.01,
            "eps_4q": -0.05,
            "eps_4q_growth_year": -105.1,
            "roe": -2.69,
            "roe_4q": -0.42999999999999994,
            "gross_profit": 88211,
            "gross_margin": 20.63,
            "gross_margin_4q_avg": 16.46,
            "net_income": -39748,
            "net_income_4q": null,
            "revenue": 427643,
            "revenue_4q": null,
            "common_shares": 956209,
            "book_valuer_per_share": 15.15,
            "book_valuer_per_share_4q_avg": 15.83,
            "equity": 1436910,
            "current_ratio": 341.14,
            "debt_ratio": 33.27,
            "inventory_turnover_ratio": 1,
            "account_receivable_turnover_ratio": 1.27,
            "reinvestment_rate": -4.12,
            "research_to_sale_ratio": 9.55,
            "price_fair": 55.16,
            "eps_avg_yearly": 1.58,
            "eps_latest_yearly": 0.56,
            "eps_growth_yearly": 62.69
        },
        "20111": {
            "year_quarter": 20111,
            "year": 2011,
            "quarter": 1,
            "eps": -0.17,
            "eps_growth_year": null,
            "eps_4q": -0.23,
            "eps_4q_growth_year": null,
            "roe": -1.14,
            "roe_4q": -1.57,
            "gross_profit": 61636,
            "gross_margin": 17.21,
            "gross_margin_4q_avg": 20.76,
            "net_income": -16393,
            "net_income_4q": null,
            "revenue": 358060,
            "revenue_4q": null,
            "common_shares": 947939,
            "book_valuer_per_share": 15.07,
            "book_valuer_per_share_4q_avg": 15.53,
            "equity": 1429954,
            "current_ratio": 348.03,
            "debt_ratio": 33.03,
            "inventory_turnover_ratio": 1.1,
            "account_receivable_turnover_ratio": 1.36,
            "reinvestment_rate": 93.92,
            "research_to_sale_ratio": 9.46,
            "price_fair": 51.64,
            "eps_avg_yearly": 1.48,
            "eps_latest_yearly": 0.56,
            "eps_growth_yearly": 27.99
        },
        "20112": {
            "year_quarter": 20112,
            "year": 2011,
            "quarter": 2,
            "eps": 0.06,
            "eps_growth_year": -74.98,
            "eps_4q": -0.4,
            "eps_4q_growth_year": -143.28,
            "roe": 0.37,
            "roe_4q": -2.59,
            "gross_profit": 103962,
            "gross_margin": 30.19,
            "gross_margin_4q_avg": 22.92,
            "net_income": 5259,
            "net_income_4q": null,
            "revenue": 344401,
            "revenue_4q": null,
            "common_shares": 947939,
            "book_valuer_per_share": 14.93,
            "book_valuer_per_share_4q_avg": 15.3,
            "equity": 1394695,
            "current_ratio": 298.4,
            "debt_ratio": 36.11,
            "inventory_turnover_ratio": 0.9,
            "account_receivable_turnover_ratio": 1.39,
            "reinvestment_rate": 110.91,
            "research_to_sale_ratio": 9.34,
            "price_fair": 39.84,
            "eps_avg_yearly": 1.29,
            "eps_latest_yearly": 0.56,
            "eps_growth_yearly": 21.01
        },
        "20113": {
            "year_quarter": 20113,
            "year": 2011,
            "quarter": 3,
            "eps": 0.28,
            "eps_growth_year": 101.63,
            "eps_4q": -0.28,
            "eps_4q_growth_year": -139.22,
            "roe": 1.79,
            "roe_4q": -1.6699999999999997,
            "gross_profit": 114504,
            "gross_margin": 24.05,
            "gross_margin_4q_avg": 23.02,
            "net_income": 25275,
            "net_income_4q": null,
            "revenue": 476087,
            "revenue_4q": null,
            "common_shares": 947939,
            "book_valuer_per_share": 15.72,
            "book_valuer_per_share_4q_avg": 15.22,
            "equity": 1430768,
            "current_ratio": 185.92,
            "debt_ratio": 35.79,
            "inventory_turnover_ratio": 1.37,
            "account_receivable_turnover_ratio": 1.9,
            "reinvestment_rate": 145.41,
            "research_to_sale_ratio": 6.72,
            "price_fair": 37.28,
            "eps_avg_yearly": 1.07,
            "eps_latest_yearly": 1.12,
            "eps_growth_yearly": 206.34
        },
        "20114": {
            "year_quarter": 20114,
            "year": 2011,
            "quarter": 4,
            "eps": 0.01,
            "eps_growth_year": null,
            "eps_4q": 0.17,
            "eps_4q_growth_year": null,
            "roe": 0.04,
            "roe_4q": 1.0600000000000003,
            "gross_profit": 100264,
            "gross_margin": 27.46,
            "gross_margin_4q_avg": 24.73,
            "net_income": 639,
            "net_income_4q": null,
            "revenue": 365108,
            "revenue_4q": null,
            "common_shares": 947939,
            "book_valuer_per_share": 15.74,
            "book_valuer_per_share_4q_avg": 15.37,
            "equity": 1418443,
            "current_ratio": 201.06,
            "debt_ratio": 32.46,
            "inventory_turnover_ratio": 1.06,
            "account_receivable_turnover_ratio": 1.89,
            "reinvestment_rate": -31.21,
            "research_to_sale_ratio": 9.68,
            "price_fair": 28.7,
            "eps_avg_yearly": 0.82,
            "eps_latest_yearly": 0.04,
            "eps_growth_yearly": 173.4
        },
        "20121": {
            "year_quarter": 20121,
            "year": 2012,
            "quarter": 1,
            "eps": -0.05,
            "eps_growth_year": null,
            "eps_4q": 0.3,
            "eps_4q_growth_year": null,
            "roe": -0.3,
            "roe_4q": 1.9,
            "gross_profit": 77510,
            "gross_margin": 24.42,
            "gross_margin_4q_avg": 26.53,
            "net_income": -4306,
            "net_income_4q": null,
            "revenue": 317393,
            "revenue_4q": null,
            "common_shares": 947939,
            "book_valuer_per_share": 15.49,
            "book_valuer_per_share_4q_avg": 15.47,
            "equity": 1404899,
            "current_ratio": 213.09,
            "debt_ratio": 30.41,
            "inventory_turnover_ratio": 1,
            "account_receivable_turnover_ratio": 2.48,
            "reinvestment_rate": -35.52,
            "research_to_sale_ratio": 10.59,
            "price_fair": 31.4,
            "eps_avg_yearly": 0.9,
            "eps_latest_yearly": 0.04,
            "eps_growth_yearly": 247.32
        },
        "20122": {
            "year_quarter": 20122,
            "year": 2012,
            "quarter": 2,
            "eps": 0.67,
            "eps_growth_year": 1090.55,
            "eps_4q": 0.91,
            "eps_4q_growth_year": null,
            "roe": 4.29,
            "roe_4q": 5.82,
            "gross_profit": 98183,
            "gross_margin": 27.89,
            "gross_margin_4q_avg": 25.96,
            "net_income": 61035,
            "net_income_4q": null,
            "revenue": 352044,
            "revenue_4q": null,
            "common_shares": 947939,
            "book_valuer_per_share": 15.92,
            "book_valuer_per_share_4q_avg": 15.72,
            "equity": 1443623,
            "current_ratio": 221.34,
            "debt_ratio": 31.68,
            "inventory_turnover_ratio": 1.11,
            "account_receivable_turnover_ratio": 3.04,
            "reinvestment_rate": -43.11,
            "research_to_sale_ratio": 10.38,
            "price_fair": 31.5,
            "eps_avg_yearly": 0.9,
            "eps_latest_yearly": 0.04,
            "eps_growth_yearly": 145.68
        },
        "20123": {
            "year_quarter": 20123,
            "year": 2012,
            "quarter": 3,
            "eps": 0.04,
            "eps_growth_year": -85.67,
            "eps_4q": 0.67,
            "eps_4q_growth_year": null,
            "roe": 0.26,
            "roe_4q": 4.29,
            "gross_profit": 105085,
            "gross_margin": 27.91,
            "gross_margin_4q_avg": 26.92,
            "net_income": 3798,
            "net_income_4q": null,
            "revenue": 376466,
            "revenue_4q": null,
            "common_shares": 947939,
            "book_valuer_per_share": 15.85,
            "book_valuer_per_share_4q_avg": 15.75,
            "equity": 1437252,
            "current_ratio": 272.02,
            "debt_ratio": 25.46,
            "inventory_turnover_ratio": 1.14,
            "account_receivable_turnover_ratio": 2.75,
            "reinvestment_rate": -70.24,
            "research_to_sale_ratio": 10.01,
            "price_fair": 27.53,
            "eps_avg_yearly": 0.79,
            "eps_latest_yearly": 0.16,
            "eps_growth_yearly": 86.02
        },
        "20124": {
            "year_quarter": 20124,
            "year": 2012,
            "quarter": 4,
            "eps": -0.28,
            "eps_growth_year": -3113.69,
            "eps_4q": 0.38,
            "eps_4q_growth_year": 128.54,
            "roe": -1.8,
            "roe_4q": 2.45,
            "gross_profit": 60588,
            "gross_margin": 22.62,
            "gross_margin_4q_avg": 25.71,
            "net_income": -25636,
            "net_income_4q": null,
            "revenue": 267852,
            "revenue_4q": null,
            "common_shares": 947939,
            "book_valuer_per_share": 15.5,
            "book_valuer_per_share_4q_avg": 15.69,
            "equity": 1405779,
            "current_ratio": 293.68,
            "debt_ratio": 23.19,
            "inventory_turnover_ratio": 0.73,
            "account_receivable_turnover_ratio": 2.17,
            "reinvestment_rate": -30.81,
            "research_to_sale_ratio": 13.87,
            "price_fair": 27.53,
            "eps_avg_yearly": 0.79,
            "eps_latest_yearly": 0.16,
            "eps_growth_yearly": 86.02
        },
        "20131": {
            "year_quarter": 20131,
            "year": 2013,
            "quarter": 1,
            "eps": 0.06,
            "eps_growth_year": null,
            "eps_4q": 0.49,
            "eps_4q_growth_year": 64.92,
            "roe": 0.41,
            "roe_4q": 3.16,
            "gross_profit": 70389,
            "gross_margin": 26.87,
            "gross_margin_4q_avg": 26.32,
            "net_income": 5802,
            "net_income_4q": null,
            "revenue": 261934,
            "revenue_4q": null,
            "common_shares": 947939,
            "book_valuer_per_share": 15.86,
            "book_valuer_per_share_4q_avg": 15.78,
            "equity": 1445640,
            "current_ratio": 247.16,
            "debt_ratio": 27.95,
            "inventory_turnover_ratio": 0.47,
            "account_receivable_turnover_ratio": 2.42,
            "reinvestment_rate": -35,
            "research_to_sale_ratio": 11.96,
            "price_fair": 27.53,
            "eps_avg_yearly": 0.79,
            "eps_latest_yearly": 0.16,
            "eps_growth_yearly": 86.02
        },
        "20132": {
            "year_quarter": 20132,
            "year": 2013,
            "quarter": 2,
            "eps": -0.05,
            "eps_growth_year": -107.44,
            "eps_4q": -0.23,
            "eps_4q_growth_year": -125.09,
            "roe": -0.31,
            "roe_4q": -1.4400000000000002,
            "gross_profit": 62767,
            "gross_margin": 24.98,
            "gross_margin_4q_avg": 25.6,
            "net_income": -4490,
            "net_income_4q": null,
            "revenue": 251314,
            "revenue_4q": null,
            "common_shares": 947939,
            "book_valuer_per_share": 15.77,
            "book_valuer_per_share_4q_avg": 15.75,
            "equity": 1437391,
            "current_ratio": 195.51,
            "debt_ratio": 36.18,
            "inventory_turnover_ratio": 0.53,
            "account_receivable_turnover_ratio": 2.38,
            "reinvestment_rate": 23.43,
            "research_to_sale_ratio": 11.6,
            "price_fair": 27.53,
            "eps_avg_yearly": 0.79,
            "eps_latest_yearly": 0.16,
            "eps_growth_yearly": 86.02
        },
        "20133": {
            "year_quarter": 20133,
            "year": 2013,
            "quarter": 3,
            "eps": 0.46,
            "eps_growth_year": 1054.97,
            "eps_4q": 0.19,
            "eps_4q_growth_year": -71.7,
            "roe": 2.87,
            "roe_4q": 1.1700000000000002,
            "gross_profit": 76657,
            "gross_margin": 25.15,
            "gross_margin_4q_avg": 24.91,
            "net_income": 41783,
            "net_income_4q": null,
            "revenue": 304845,
            "revenue_4q": null,
            "common_shares": 947939,
            "book_valuer_per_share": 16.15,
            "book_valuer_per_share_4q_avg": 15.82,
            "equity": 1472269,
            "current_ratio": 218.21,
            "debt_ratio": 34.07,
            "inventory_turnover_ratio": 1.03,
            "account_receivable_turnover_ratio": 2.58,
            "reinvestment_rate": -42.82,
            "research_to_sale_ratio": 8.56,
            "price_fair": 22.96,
            "eps_avg_yearly": 0.66,
            "eps_latest_yearly": 0.16,
            "eps_growth_yearly": 107.44
        },
        "20134": {
            "year_quarter": 20134,
            "year": 2013,
            "quarter": 4,
            "eps": -0.09,
            "eps_growth_year": null,
            "eps_4q": 0.37,
            "eps_4q_growth_year": -2.08,
            "roe": -0.53,
            "roe_4q": 2.44,
            "gross_profit": 70964,
            "gross_margin": 22.12,
            "gross_margin_4q_avg": 24.78,
            "net_income": -7946,
            "net_income_4q": null,
            "revenue": 320761,
            "revenue_4q": null,
            "common_shares": 947939,
            "book_valuer_per_share": 16.23,
            "book_valuer_per_share_4q_avg": 16,
            "equity": 1516854,
            "current_ratio": 204.39,
            "debt_ratio": 33.9,
            "inventory_turnover_ratio": 1.13,
            "account_receivable_turnover_ratio": 2.07,
            "reinvestment_rate": -48.34,
            "research_to_sale_ratio": 10.02,
            "price_fair": 16.45,
            "eps_avg_yearly": 0.47,
            "eps_latest_yearly": 0.16,
            "eps_growth_yearly": 137.08
        },
        "20141": {
            "year_quarter": 20141,
            "year": 2014,
            "quarter": 1,
            "eps": 0.09,
            "eps_growth_year": 50,
            "eps_4q": 0.4,
            "eps_4q_growth_year": -17.91,
            "roe": 0.57,
            "roe_4q": 2.6,
            "gross_profit": 68970,
            "gross_margin": 24.4,
            "gross_margin_4q_avg": 24.16,
            "net_income": 8671,
            "net_income_4q": null,
            "revenue": 282663,
            "revenue_4q": null,
            "common_shares": 947939,
            "book_valuer_per_share": 16.57,
            "book_valuer_per_share_4q_avg": 16.18,
            "equity": 1550829,
            "current_ratio": 225.29,
            "debt_ratio": 31.15,
            "inventory_turnover_ratio": 0.95,
            "account_receivable_turnover_ratio": 1.82,
            "reinvestment_rate": -104.02,
            "research_to_sale_ratio": 8.79,
            "price_fair": 16.45,
            "eps_avg_yearly": 0.47,
            "eps_latest_yearly": 0.16,
            "eps_growth_yearly": 137.08
        },
        "20142": {
            "year_quarter": 20142,
            "year": 2014,
            "quarter": 2,
            "eps": 0.07,
            "eps_growth_year": null,
            "eps_4q": 0.51,
            "eps_4q_growth_year": null,
            "roe": 0.45,
            "roe_4q": 3.3600000000000003,
            "gross_profit": 93237,
            "gross_margin": 27.16,
            "gross_margin_4q_avg": 24.71,
            "net_income": 6861,
            "net_income_4q": null,
            "revenue": 343277,
            "revenue_4q": null,
            "common_shares": 933993,
            "book_valuer_per_share": 16.35,
            "book_valuer_per_share_4q_avg": 16.33,
            "equity": 1531059,
            "current_ratio": 212.5,
            "debt_ratio": 33.29,
            "inventory_turnover_ratio": 1.09,
            "account_receivable_turnover_ratio": 2.29,
            "reinvestment_rate": -1029.39,
            "research_to_sale_ratio": 7.27,
            "price_fair": 15.12,
            "eps_avg_yearly": 0.43,
            "eps_latest_yearly": 0.28,
            "eps_growth_yearly": 91.88
        },
        "20143": {
            "year_quarter": 20143,
            "year": 2014,
            "quarter": 3,
            "eps": 0.29,
            "eps_growth_year": -36.96,
            "eps_4q": 0.36,
            "eps_4q_growth_year": 89.07,
            "roe": 1.8,
            "roe_4q": 2.29,
            "gross_profit": 97821,
            "gross_margin": 33.72,
            "gross_margin_4q_avg": 26.85,
            "net_income": 28048,
            "net_income_4q": null,
            "revenue": 290126,
            "revenue_4q": null,
            "common_shares": 966677,
            "book_valuer_per_share": 16.27,
            "book_valuer_per_share_4q_avg": 16.36,
            "equity": 1577270,
            "current_ratio": 231.99,
            "debt_ratio": 30.79,
            "inventory_turnover_ratio": 0.83,
            "account_receivable_turnover_ratio": 1.73,
            "reinvestment_rate": -1161.23,
            "research_to_sale_ratio": 9.38,
            "price_fair": 19.32,
            "eps_avg_yearly": 0.55,
            "eps_latest_yearly": 1.16,
            "eps_growth_yearly": 374.62
        },
        "20144": {
            "year_quarter": 20144,
            "year": 2014,
            "quarter": 4,
            "eps": -0.08,
            "eps_growth_year": null,
            "eps_4q": 0.36,
            "eps_4q_growth_year": -3.79,
            "roe": -0.51,
            "roe_4q": 2.31,
            "gross_profit": 68345,
            "gross_margin": 25.87,
            "gross_margin_4q_avg": 27.79,
            "net_income": -8095,
            "net_income_4q": null,
            "revenue": 264208,
            "revenue_4q": null,
            "common_shares": 966677,
            "book_valuer_per_share": 16.37,
            "book_valuer_per_share_4q_avg": 16.39,
            "equity": 1586607,
            "current_ratio": 215.78,
            "debt_ratio": 33.77,
            "inventory_turnover_ratio": 0.85,
            "account_receivable_turnover_ratio": 1.61,
            "reinvestment_rate": -124.52,
            "research_to_sale_ratio": 11.32,
            "price_fair": 19.32,
            "eps_avg_yearly": 0.55,
            "eps_latest_yearly": 1.16,
            "eps_growth_yearly": 374.62
        },
        "20151": {
            "year_quarter": 20151,
            "year": 2015,
            "quarter": 1,
            "eps": 0.01,
            "eps_growth_year": -88.89,
            "eps_4q": 0.28,
            "eps_4q_growth_year": -29.44,
            "roe": 0.1,
            "roe_4q": 1.84,
            "gross_profit": 75225,
            "gross_margin": 27.66,
            "gross_margin_4q_avg": 28.6,
            "net_income": 1513,
            "net_income_4q": null,
            "revenue": 272005,
            "revenue_4q": null,
            "common_shares": 966677,
            "book_valuer_per_share": 16.32,
            "book_valuer_per_share_4q_avg": 16.33,
            "equity": 1581615,
            "current_ratio": 200.72,
            "debt_ratio": 36.8,
            "inventory_turnover_ratio": 0.93,
            "account_receivable_turnover_ratio": 1.82,
            "reinvestment_rate": -109.35,
            "research_to_sale_ratio": 9.21,
            "price_fair": 19.32,
            "eps_avg_yearly": 0.55,
            "eps_latest_yearly": 1.16,
            "eps_growth_yearly": 374.62
        },
        "20152": {
            "year_quarter": 20152,
            "year": 2015,
            "quarter": 2,
            "eps": 0.16,
            "eps_growth_year": 128.57,
            "eps_4q": 0.37,
            "eps_4q_growth_year": -26.09,
            "roe": 1.03,
            "roe_4q": 2.42,
            "gross_profit": 96879,
            "gross_margin": 28.44,
            "gross_margin_4q_avg": 28.92,
            "net_income": 16155,
            "net_income_4q": null,
            "revenue": 340668,
            "revenue_4q": null,
            "common_shares": 966677,
            "book_valuer_per_share": 16.06,
            "book_valuer_per_share_4q_avg": 16.26,
            "equity": 1557719,
            "current_ratio": 194.25,
            "debt_ratio": 38.4,
            "inventory_turnover_ratio": 1.13,
            "account_receivable_turnover_ratio": 1.98,
            "reinvestment_rate": -100.09,
            "research_to_sale_ratio": 7.96,
            "price_fair": 19.83,
            "eps_avg_yearly": 0.57,
            "eps_latest_yearly": 0.64,
            "eps_growth_yearly": 1312.18
        },
        "20153": {
            "year_quarter": 20153,
            "year": 2015,
            "quarter": 3,
            "eps": 0.13,
            "eps_growth_year": -55.17,
            "eps_4q": 0.22,
            "eps_4q_growth_year": -40.04,
            "roe": 0.8,
            "roe_4q": 1.4200000000000002,
            "gross_profit": 94163,
            "gross_margin": 24.73,
            "gross_margin_4q_avg": 26.68,
            "net_income": 12723,
            "net_income_4q": null,
            "revenue": 380690,
            "revenue_4q": null,
            "common_shares": 976344,
            "book_valuer_per_share": 16.43,
            "book_valuer_per_share_4q_avg": 16.3,
            "equity": 1605890,
            "current_ratio": 186.54,
            "debt_ratio": 41.11,
            "inventory_turnover_ratio": 1.15,
            "account_receivable_turnover_ratio": 2.02,
            "reinvestment_rate": -109.51,
            "research_to_sale_ratio": 7.27,
            "price_fair": 16.33,
            "eps_avg_yearly": 0.47,
            "eps_latest_yearly": 0.52,
            "eps_growth_yearly": 1055.24
        },
        "20154": {
            "year_quarter": 20154,
            "year": 2015,
            "quarter": 4,
            "eps": 0.1,
            "eps_growth_year": null,
            "eps_4q": 0.39,
            "eps_4q_growth_year": 9.83,
            "roe": 0.58,
            "roe_4q": 2.5100000000000002,
            "gross_profit": 100860,
            "gross_margin": 27.9,
            "gross_margin_4q_avg": 27.18,
            "net_income": 9343,
            "net_income_4q": null,
            "revenue": 361441,
            "revenue_4q": null,
            "common_shares": 976344,
            "book_valuer_per_share": 16.44,
            "book_valuer_per_share_4q_avg": 16.31,
            "equity": 1606404,
            "current_ratio": 187.04,
            "debt_ratio": 41.08,
            "inventory_turnover_ratio": 0.95,
            "account_receivable_turnover_ratio": 2.08,
            "reinvestment_rate": -107.63,
            "research_to_sale_ratio": 8.19,
            "price_fair": 18.43,
            "eps_avg_yearly": 0.53,
            "eps_latest_yearly": 0.4,
            "eps_growth_yearly": 1104.14
        },
        "20161": {
            "year_quarter": 20161,
            "year": 2016,
            "quarter": 1,
            "eps": 0.09,
            "eps_growth_year": 800,
            "eps_4q": 0.48,
            "eps_4q_growth_year": 67.91,
            "roe": 0.59,
            "roe_4q": 3,
            "gross_profit": 81948,
            "gross_margin": 20.18,
            "gross_margin_4q_avg": 25.31,
            "net_income": 9503,
            "net_income_4q": null,
            "revenue": 406185,
            "revenue_4q": null,
            "common_shares": 976344,
            "book_valuer_per_share": 16.39,
            "book_valuer_per_share_4q_avg": 16.33,
            "equity": 1602587,
            "current_ratio": 221.61,
            "debt_ratio": 34.2,
            "inventory_turnover_ratio": 1.24,
            "account_receivable_turnover_ratio": 2.27,
            "reinvestment_rate": -46.67,
            "research_to_sale_ratio": 7.04,
            "price_fair": 17.6,
            "eps_avg_yearly": 0.5,
            "eps_latest_yearly": 0.36,
            "eps_growth_yearly": 940.69
        },
        "20162": {
            "year_quarter": 20162,
            "year": 2016,
            "quarter": 2,
            "eps": 0.28,
            "eps_growth_year": 75,
            "eps_4q": 0.59,
            "eps_4q_growth_year": 58.9,
            "roe": 1.7,
            "roe_4q": 3.67,
            "gross_profit": 118884,
            "gross_margin": 25.34,
            "gross_margin_4q_avg": 24.54,
            "net_income": 27197,
            "net_income_4q": null,
            "revenue": 469099,
            "revenue_4q": null,
            "common_shares": 976344,
            "book_valuer_per_share": 16.39,
            "book_valuer_per_share_4q_avg": 16.41,
            "equity": 1602717,
            "current_ratio": 185.54,
            "debt_ratio": 41.89,
            "inventory_turnover_ratio": 1.51,
            "account_receivable_turnover_ratio": 2.13,
            "reinvestment_rate": -46.4,
            "research_to_sale_ratio": 6.05,
            "price_fair": 20.3,
            "eps_avg_yearly": 0.58,
            "eps_latest_yearly": 1.12,
            "eps_growth_yearly": 928.66
        },
        "20163": {
            "year_quarter": 20163,
            "year": 2016,
            "quarter": 3,
            "eps": 0.13,
            "eps_growth_year": 0,
            "eps_4q": 0.6,
            "eps_4q_growth_year": 179.17,
            "roe": 0.84,
            "roe_4q": 3.71,
            "gross_profit": 105289,
            "gross_margin": 26.63,
            "gross_margin_4q_avg": 25.01,
            "net_income": 13411,
            "net_income_4q": null,
            "revenue": 395310,
            "revenue_4q": null,
            "common_shares": 976344,
            "book_valuer_per_share": 16.27,
            "book_valuer_per_share_4q_avg": 16.37,
            "equity": 1590718,
            "current_ratio": 190.08,
            "debt_ratio": 40.84,
            "inventory_turnover_ratio": 1.3,
            "account_receivable_turnover_ratio": 1.73,
            "reinvestment_rate": -52.83,
            "research_to_sale_ratio": 7.15,
            "price_fair": 21.88,
            "eps_avg_yearly": 0.63,
            "eps_latest_yearly": 0.52,
            "eps_growth_yearly": 948.89
        },
        "20164": {
            "year_quarter": 20164,
            "year": 2016,
            "quarter": 4,
            "eps": -0.27,
            "eps_growth_year": -380.71,
            "eps_4q": 0.23,
            "eps_4q_growth_year": -40.55,
            "roe": -1.68,
            "roe_4q": 1.45,
            "gross_profit": 74153,
            "gross_margin": 26.24,
            "gross_margin_4q_avg": 24.6,
            "net_income": -26569,
            "net_income_4q": null,
            "revenue": 282551,
            "revenue_4q": null,
            "common_shares": 976344,
            "book_valuer_per_share": 16,
            "book_valuer_per_share_4q_avg": 16.26,
            "equity": 1564983,
            "current_ratio": 197.26,
            "debt_ratio": 38.66,
            "inventory_turnover_ratio": 0.82,
            "account_receivable_turnover_ratio": 1.49,
            "reinvestment_rate": -124.17,
            "research_to_sale_ratio": 9.5,
            "price_fair": 21.88,
            "eps_avg_yearly": 0.63,
            "eps_latest_yearly": 0.52,
            "eps_growth_yearly": 948.89
        },
        "20171": {
            "year_quarter": 20171,
            "year": 2017,
            "quarter": 1,
            "eps": -0.15,
            "eps_growth_year": -266.67,
            "eps_4q": -0.01,
            "eps_4q_growth_year": -101.49,
            "roe": -0.93,
            "roe_4q": -0.07000000000000006,
            "gross_profit": 56082,
            "gross_margin": 20.38,
            "gross_margin_4q_avg": 24.65,
            "net_income": -14355,
            "net_income_4q": null,
            "revenue": 275203,
            "revenue_4q": null,
            "common_shares": 976344,
            "book_valuer_per_share": 15.44,
            "book_valuer_per_share_4q_avg": 16.03,
            "equity": 1516123,
            "current_ratio": 228.32,
            "debt_ratio": 32.64,
            "inventory_turnover_ratio": 0.82,
            "account_receivable_turnover_ratio": 2.02,
            "reinvestment_rate": -162.87,
            "research_to_sale_ratio": 10.88,
            "price_fair": 21.88,
            "eps_avg_yearly": 0.63,
            "eps_latest_yearly": 0.52,
            "eps_growth_yearly": 948.89
        },
        "20172": {
            "year_quarter": 20172,
            "year": 2017,
            "quarter": 2,
            "eps": -0.24,
            "eps_growth_year": -185.71,
            "eps_4q": -0.52,
            "eps_4q_growth_year": -187.47,
            "roe": -1.59,
            "roe_4q": -3.3600000000000003,
            "gross_profit": 66953,
            "gross_margin": 32.15,
            "gross_margin_4q_avg": 26.35,
            "net_income": -24027,
            "net_income_4q": null,
            "revenue": 208253,
            "revenue_4q": null,
            "common_shares": 976344,
            "book_valuer_per_share": 15.27,
            "book_valuer_per_share_4q_avg": 15.75,
            "equity": 1499203,
            "current_ratio": 314.25,
            "debt_ratio": 25.89,
            "inventory_turnover_ratio": 0.69,
            "account_receivable_turnover_ratio": 2.12,
            "reinvestment_rate": -200.02,
            "research_to_sale_ratio": 14.14,
            "price_fair": 21.88,
            "eps_avg_yearly": 0.63,
            "eps_latest_yearly": 0.52,
            "eps_growth_yearly": 948.89
        },
        "20173": {
            "year_quarter": 20173,
            "year": 2017,
            "quarter": 3,
            "eps": -0.1,
            "eps_growth_year": -176.92,
            "eps_4q": -0.75,
            "eps_4q_growth_year": -224.75,
            "roe": -0.68,
            "roe_4q": -4.88,
            "gross_profit": 56222,
            "gross_margin": 26.5,
            "gross_margin_4q_avg": 26.32,
            "net_income": -10117,
            "net_income_4q": null,
            "revenue": 212141,
            "revenue_4q": null,
            "common_shares": 990953,
            "book_valuer_per_share": 15,
            "book_valuer_per_share_4q_avg": 15.43,
            "equity": 1494272,
            "current_ratio": 267.82,
            "debt_ratio": 29.04,
            "inventory_turnover_ratio": 1.04,
            "account_receivable_turnover_ratio": 1.8,
            "reinvestment_rate": -158.62,
            "research_to_sale_ratio": 12.97,
            "price_fair": 21.88,
            "eps_avg_yearly": 0.63,
            "eps_latest_yearly": 0.52,
            "eps_growth_yearly": 948.89
        },
        "20174": {
            "year_quarter": 20174,
            "year": 2017,
            "quarter": 4,
            "eps": -1.83,
            "eps_growth_year": null,
            "eps_4q": -2.31,
            "eps_4q_growth_year": -1085.64,
            "roe": -12.95,
            "roe_4q": -16.15,
            "gross_profit": 59842,
            "gross_margin": 26.23,
            "gross_margin_4q_avg": 26.32,
            "net_income": -181250,
            "net_income_4q": null,
            "revenue": 228105,
            "revenue_4q": null,
            "common_shares": 990953,
            "book_valuer_per_share": 13.08,
            "book_valuer_per_share_4q_avg": 14.7,
            "equity": 1303908,
            "current_ratio": 188.74,
            "debt_ratio": 38.87,
            "inventory_turnover_ratio": 1.11,
            "account_receivable_turnover_ratio": 1.59,
            "reinvestment_rate": null,
            "research_to_sale_ratio": 11.81,
            "price_fair": 21.88,
            "eps_avg_yearly": 0.63,
            "eps_latest_yearly": 0.52,
            "eps_growth_yearly": 948.89
        },
        "20181": {
            "year_quarter": 20181,
            "year": 2018,
            "quarter": 1,
            "eps": -0.18,
            "eps_growth_year": null,
            "eps_4q": -2.35,
            "eps_4q_growth_year": null,
            "roe": -1.29,
            "roe_4q": -16.509999999999998,
            "gross_profit": 68964,
            "gross_margin": 26.83,
            "gross_margin_4q_avg": 27.93,
            "net_income": -16981,
            "net_income_4q": null,
            "revenue": 257020,
            "revenue_4q": null,
            "common_shares": 990953,
            "book_valuer_per_share": 13.02,
            "book_valuer_per_share_4q_avg": 14.09,
            "equity": 1324432,
            "current_ratio": 200.68,
            "debt_ratio": 36.1,
            "inventory_turnover_ratio": 1.14,
            "account_receivable_turnover_ratio": 1.78,
            "reinvestment_rate": null,
            "research_to_sale_ratio": 11.37,
            "price_fair": 21.88,
            "eps_avg_yearly": 0.63,
            "eps_latest_yearly": 0.52,
            "eps_growth_yearly": 948.89
        },
        "20182": {
            "year_quarter": 20182,
            "year": 2018,
            "quarter": 2,
            "eps": 0.09,
            "eps_growth_year": null,
            "eps_4q": -2.02,
            "eps_4q_growth_year": null,
            "roe": 0.66,
            "roe_4q": -14.26,
            "gross_profit": 68128,
            "gross_margin": 34.58,
            "gross_margin_4q_avg": 28.54,
            "net_income": 8890,
            "net_income_4q": null,
            "revenue": 196991,
            "revenue_4q": null,
            "common_shares": 990953,
            "book_valuer_per_share": 13.27,
            "book_valuer_per_share_4q_avg": 13.59,
            "equity": 1357649,
            "current_ratio": 227.16,
            "debt_ratio": 38.25,
            "inventory_turnover_ratio": 0.84,
            "account_receivable_turnover_ratio": 1.49,
            "reinvestment_rate": null,
            "research_to_sale_ratio": 10.58,
            "price_fair": 23.6,
            "eps_avg_yearly": 0.67,
            "eps_latest_yearly": 0.52,
            "eps_growth_yearly": 1097.14
        },
        "20183": {
            "year_quarter": 20183,
            "year": 2018,
            "quarter": 3,
            "eps": -0.46,
            "eps_growth_year": null,
            "eps_4q": -2.38,
            "eps_4q_growth_year": null,
            "roe": -3.48,
            "roe_4q": -17.06,
            "gross_profit": 73807,
            "gross_margin": 35.24,
            "gross_margin_4q_avg": 30.72,
            "net_income": -46248,
            "net_income_4q": null,
            "revenue": 209446,
            "revenue_4q": null,
            "common_shares": 988563,
            "book_valuer_per_share": 12.72,
            "book_valuer_per_share_4q_avg": 13.02,
            "equity": 1299952,
            "current_ratio": 189.63,
            "debt_ratio": 48.17,
            "inventory_turnover_ratio": 0.92,
            "account_receivable_turnover_ratio": 1.68,
            "reinvestment_rate": null,
            "research_to_sale_ratio": 11.55,
            "price_fair": 20.77,
            "eps_avg_yearly": 0.59,
            "eps_latest_yearly": 0.52,
            "eps_growth_yearly": 1070.48
        },
        "20184": {
            "year_quarter": 20184,
            "year": 2018,
            "quarter": 4,
            "eps": 2.22,
            "eps_growth_year": null,
            "eps_4q": 1.67,
            "eps_4q_growth_year": null,
            "roe": 15.77,
            "roe_4q": 11.66,
            "gross_profit": 51219,
            "gross_margin": 25.56,
            "gross_margin_4q_avg": 30.55,
            "net_income": 218615,
            "net_income_4q": null,
            "revenue": 200399,
            "revenue_4q": null,
            "common_shares": 988563,
            "book_valuer_per_share": 14.71,
            "book_valuer_per_share_4q_avg": 13.43,
            "equity": 1472994,
            "current_ratio": 290.78,
            "debt_ratio": 32.49,
            "inventory_turnover_ratio": 0.98,
            "account_receivable_turnover_ratio": 1.74,
            "reinvestment_rate": null,
            "research_to_sale_ratio": 9.21,
            "price_fair": 20.77,
            "eps_avg_yearly": 0.59,
            "eps_latest_yearly": 0.52,
            "eps_growth_yearly": 1070.48
        },
        "20191": {
            "year_quarter": 20191,
            "year": 2019,
            "quarter": 1,
            "eps": 0.06,
            "eps_growth_year": null,
            "eps_4q": 1.91,
            "eps_4q_growth_year": null,
            "roe": 0.49,
            "roe_4q": 13.439999999999998,
            "gross_profit": 60979,
            "gross_margin": 34.93,
            "gross_margin_4q_avg": 32.58,
            "net_income": 7273,
            "net_income_4q": null,
            "revenue": 174569,
            "revenue_4q": null,
            "common_shares": 988563,
            "book_valuer_per_share": 14.81,
            "book_valuer_per_share_4q_avg": 13.88,
            "equity": 1490339,
            "current_ratio": 303.59,
            "debt_ratio": 31.69,
            "inventory_turnover_ratio": 0.77,
            "account_receivable_turnover_ratio": 1.84,
            "reinvestment_rate": 5780.69,
            "research_to_sale_ratio": 10.79,
            "price_fair": 19,
            "eps_avg_yearly": 0.54,
            "eps_latest_yearly": 0.24,
            "eps_growth_yearly": 861.95
        },
        "20192": {
            "year_quarter": 20192,
            "year": 2019,
            "quarter": 2,
            "eps": -0.1,
            "eps_growth_year": -211.11,
            "eps_4q": 1.72,
            "eps_4q_growth_year": null,
            "roe": -0.62,
            "roe_4q": 12.159999999999998,
            "gross_profit": 57317,
            "gross_margin": 36,
            "gross_margin_4q_avg": 32.93,
            "net_income": -9190,
            "net_income_4q": null,
            "revenue": 159218,
            "revenue_4q": null,
            "common_shares": 988563,
            "book_valuer_per_share": 14.75,
            "book_valuer_per_share_4q_avg": 14.25,
            "equity": 1489700,
            "current_ratio": 296.43,
            "debt_ratio": 32.34,
            "inventory_turnover_ratio": 0.7,
            "account_receivable_turnover_ratio": 2.22,
            "reinvestment_rate": null,
            "research_to_sale_ratio": 11.54,
            "price_fair": 8.22,
            "eps_avg_yearly": 0.53,
            "eps_latest_yearly": 0.24,
            "eps_growth_yearly": 5.61
        },
        "20193": {
            "year_quarter": 20193,
            "year": 2019,
            "quarter": 3,
            "eps": -0.17,
            "eps_growth_year": null,
            "eps_4q": 2.01,
            "eps_4q_growth_year": null,
            "roe": -1.07,
            "roe_4q": 14.57,
            "gross_profit": 50220,
            "gross_margin": 33.77,
            "gross_margin_4q_avg": 32.57,
            "net_income": -15853,
            "net_income_4q": null,
            "revenue": 148726,
            "revenue_4q": null,
            "common_shares": 988563,
            "book_valuer_per_share": 14.65,
            "book_valuer_per_share_4q_avg": 14.73,
            "equity": 1480786,
            "current_ratio": 342.7,
            "debt_ratio": 29.97,
            "inventory_turnover_ratio": 0.7,
            "account_receivable_turnover_ratio": 2.22,
            "reinvestment_rate": null,
            "research_to_sale_ratio": 12.03,
            "price_fair": 16.75,
            "eps_avg_yearly": 0.53,
            "eps_latest_yearly": 0.24,
            "eps_growth_yearly": 21.73
        },
        "20194": {
            "year_quarter": 20194,
            "year": 2019,
            "quarter": 4,
            "eps": 0.02,
            "eps_growth_year": -99.11,
            "eps_4q": -0.18,
            "eps_4q_growth_year": -111.06,
            "roe": 0.04,
            "roe_4q": -1.16,
            "gross_profit": 45343,
            "gross_margin": 32.25,
            "gross_margin_4q_avg": 34.24,
            "net_income": 599,
            "net_income_4q": null,
            "revenue": 140577,
            "revenue_4q": null,
            "common_shares": 988563,
            "book_valuer_per_share": 14.52,
            "book_valuer_per_share_4q_avg": 14.68,
            "equity": 1466166,
            "current_ratio": 319.31,
            "debt_ratio": 32.09,
            "inventory_turnover_ratio": 0.61,
            "account_receivable_turnover_ratio": 1.69,
            "reinvestment_rate": null,
            "research_to_sale_ratio": 12.15,
            "price_fair": 19.6,
            "eps_avg_yearly": 0.56,
            "eps_latest_yearly": 0.24,
            "eps_growth_yearly": 50.24
        },
        "20201": {
            "year_quarter": 20201,
            "year": 2020,
            "quarter": 1,
            "eps": 0.07,
            "eps_growth_year": 16.67,
            "eps_4q": -0.18,
            "eps_4q_growth_year": -109.34,
            "roe": 0.49,
            "roe_4q": -1.1600000000000001,
            "gross_profit": 70243,
            "gross_margin": 40.77,
            "gross_margin_4q_avg": 35.7,
            "net_income": 7279,
            "net_income_4q": null,
            "revenue": 172299,
            "revenue_4q": null,
            "common_shares": 988563,
            "book_valuer_per_share": 14.61,
            "book_valuer_per_share_4q_avg": 14.63,
            "equity": 1475974,
            "current_ratio": 237.2,
            "debt_ratio": 32.07,
            "inventory_turnover_ratio": 0.6,
            "account_receivable_turnover_ratio": 1.66,
            "reinvestment_rate": null,
            "research_to_sale_ratio": 9.9,
            "price_fair": 18.9,
            "eps_avg_yearly": 0.54,
            "eps_latest_yearly": 0.28,
            "eps_growth_yearly": 310.24
        },
        "20202": {
            "year_quarter": 20202,
            "year": 2020,
            "quarter": 2,
            "eps": 0.08,
            "eps_growth_year": null,
            "eps_4q": 0,
            "eps_4q_growth_year": -99.95,
            "roe": 0.64,
            "roe_4q": 0.09999999999999987,
            "gross_profit": 79959,
            "gross_margin": 37.96,
            "gross_margin_4q_avg": 36.19,
            "net_income": 9487,
            "net_income_4q": null,
            "revenue": 210638,
            "revenue_4q": null,
            "common_shares": 988563,
            "book_valuer_per_share": 14.6,
            "book_valuer_per_share_4q_avg": 14.6,
            "equity": 1474133,
            "current_ratio": 218.85,
            "debt_ratio": 35.94,
            "inventory_turnover_ratio": 0.71,
            "account_receivable_turnover_ratio": 1.84,
            "reinvestment_rate": null,
            "research_to_sale_ratio": 8.43,
            "price_fair": 11.9,
            "eps_avg_yearly": 0.34,
            "eps_latest_yearly": 0.32,
            "eps_growth_yearly": 113.42
        },
        "20203": {
            "year_quarter": 20203,
            "year": 2020,
            "quarter": 3,
            "eps": 0.29,
            "eps_growth_year": null,
            "eps_4q": 0.46,
            "eps_4q_growth_year": -77.2,
            "roe": 2.05,
            "roe_4q": 3.2199999999999998,
            "gross_profit": 97864,
            "gross_margin": 40.21,
            "gross_margin_4q_avg": 37.8,
            "net_income": 30548,
            "net_income_4q": null,
            "revenue": 243410,
            "revenue_4q": null,
            "common_shares": 988563,
            "book_valuer_per_share": 14.86,
            "book_valuer_per_share_4q_avg": 14.65,
            "equity": 1501846,
            "current_ratio": 165.12,
            "debt_ratio": 37.38,
            "inventory_turnover_ratio": 0.67,
            "account_receivable_turnover_ratio": 2.09,
            "reinvestment_rate": null,
            "research_to_sale_ratio": 7.75,
            "price_fair": 17.5,
            "eps_avg_yearly": 0.5,
            "eps_latest_yearly": 1.16,
            "eps_growth_yearly": 429.49
        },
        "20204": {
            "year_quarter": 20204,
            "year": 2020,
            "quarter": 4,
            "eps": -0.12,
            "eps_growth_year": -722.63,
            "eps_4q": 0.32,
            "eps_4q_growth_year": null,
            "roe": -0.83,
            "roe_4q": 2.3499999999999996,
            "gross_profit": 81324,
            "gross_margin": 36.39,
            "gross_margin_4q_avg": 38.83,
            "net_income": -12453,
            "net_income_4q": null,
            "revenue": 223477,
            "revenue_4q": null,
            "common_shares": 988563,
            "book_valuer_per_share": 14.69,
            "book_valuer_per_share_4q_avg": 14.69,
            "equity": 1483020,
            "current_ratio": 157.28,
            "debt_ratio": 39.44,
            "inventory_turnover_ratio": 0.57,
            "account_receivable_turnover_ratio": 1.89,
            "reinvestment_rate": null,
            "research_to_sale_ratio": 9.76,
            "price_fair": 17.5,
            "eps_avg_yearly": 0.5,
            "eps_latest_yearly": 1.16,
            "eps_growth_yearly": 429.49
        },
        "20211": {
            "year_quarter": 20211,
            "year": 2021,
            "quarter": 1,
            "eps": 0.05,
            "eps_growth_year": -28.57,
            "eps_4q": 0.3,
            "eps_4q_growth_year": null,
            "roe": 0.34,
            "roe_4q": 2.1999999999999997,
            "gross_profit": 70049,
            "gross_margin": 34.9,
            "gross_margin_4q_avg": 37.37,
            "net_income": 5118,
            "net_income_4q": null,
            "revenue": 200710,
            "revenue_4q": null,
            "common_shares": 988563,
            "book_valuer_per_share": 14.78,
            "book_valuer_per_share_4q_avg": 14.73,
            "equity": 1499653,
            "current_ratio": 153.69,
            "debt_ratio": 40.81,
            "inventory_turnover_ratio": 0.47,
            "account_receivable_turnover_ratio": 1.87,
            "reinvestment_rate": null,
            "research_to_sale_ratio": 10.92,
            "price_fair": 17.5,
            "eps_avg_yearly": 0.5,
            "eps_latest_yearly": 1.16,
            "eps_growth_yearly": 429.49
        },
        "20212": {
            "year_quarter": 20212,
            "year": 2021,
            "quarter": 2,
            "eps": 0.1,
            "eps_growth_year": 25,
            "eps_4q": 0.32,
            "eps_4q_growth_year": 39933.67,
            "roe": 0.86,
            "roe_4q": 2.42,
            "gross_profit": 86569,
            "gross_margin": 34.68,
            "gross_margin_4q_avg": 36.55,
            "net_income": 12832,
            "net_income_4q": null,
            "revenue": 249628,
            "revenue_4q": null,
            "common_shares": 988563,
            "book_valuer_per_share": 14.75,
            "book_valuer_per_share_4q_avg": 14.77,
            "equity": 1492487,
            "current_ratio": 158.6,
            "debt_ratio": 42.2,
            "inventory_turnover_ratio": 0.55,
            "account_receivable_turnover_ratio": 2.39,
            "reinvestment_rate": 939.92,
            "research_to_sale_ratio": 9.01,
            "price_fair": 16.8,
            "eps_avg_yearly": 0.48,
            "eps_latest_yearly": 0.4,
            "eps_growth_yearly": 423.59
        },
        "20213": {
            "year_quarter": 20213,
            "year": 2021,
            "quarter": 3,
            "eps": 0.15,
            "eps_growth_year": -48.28,
            "eps_4q": 0.17,
            "eps_4q_growth_year": -62.7,
            "roe": 1.12,
            "roe_4q": 1.4899999999999998,
            "gross_profit": 91341,
            "gross_margin": 29.03,
            "gross_margin_4q_avg": 33.75,
            "net_income": 17142,
            "net_income_4q": null,
            "revenue": 314637,
            "revenue_4q": null,
            "common_shares": 988563,
            "book_valuer_per_share": 15.31,
            "book_valuer_per_share_4q_avg": 14.88,
            "equity": 1556926,
            "current_ratio": 181.85,
            "debt_ratio": 35.81,
            "inventory_turnover_ratio": 0.73,
            "account_receivable_turnover_ratio": 2.33,
            "reinvestment_rate": 63.29,
            "research_to_sale_ratio": 8.09,
            "price_fair": 17.5,
            "eps_avg_yearly": 0.5,
            "eps_latest_yearly": 0.6,
            "eps_growth_yearly": 386.33
        },
        "20214": {
            "year_quarter": 20214,
            "year": 2021,
            "quarter": 4,
            "eps": -0.02,
            "eps_growth_year": null,
            "eps_4q": 0.28,
            "eps_4q_growth_year": -12.66,
            "roe": 0.03,
            "roe_4q": 2.35,
            "gross_profit": 74107,
            "gross_margin": 26.1,
            "gross_margin_4q_avg": 31.18,
            "net_income": 432,
            "net_income_4q": null,
            "revenue": 283972,
            "revenue_4q": null,
            "common_shares": 988563,
            "book_valuer_per_share": 15.3,
            "book_valuer_per_share_4q_avg": 15.04,
            "equity": 1558239,
            "current_ratio": 162.05,
            "debt_ratio": 39.77,
            "inventory_turnover_ratio": 0.59,
            "account_receivable_turnover_ratio": 1.8,
            "reinvestment_rate": 0.89,
            "research_to_sale_ratio": 8.1,
            "price_fair": 17.5,
            "eps_avg_yearly": 0.5,
            "eps_latest_yearly": 0.6,
            "eps_growth_yearly": 386.33
        },
        "20221": {
            "year_quarter": 20221,
            "year": 2022,
            "quarter": 1,
            "eps": 0.21,
            "eps_growth_year": 320,
            "eps_4q": 0.44,
            "eps_4q_growth_year": 47.92,
            "roe": 1.57,
            "roe_4q": 3.58,
            "gross_profit": 77157,
            "gross_margin": 30.54,
            "gross_margin_4q_avg": 30.09,
            "net_income": 24782,
            "net_income_4q": null,
            "revenue": 252665,
            "revenue_4q": null,
            "common_shares": 988563,
            "book_valuer_per_share": 15.57,
            "book_valuer_per_share_4q_avg": 15.23,
            "equity": 1590298,
            "current_ratio": 154.5,
            "debt_ratio": 40.43,
            "inventory_turnover_ratio": 0.42,
            "account_receivable_turnover_ratio": 1.52,
            "reinvestment_rate": -5.81,
            "research_to_sale_ratio": 9.56,
            "price_fair": 17.5,
            "eps_avg_yearly": 0.5,
            "eps_latest_yearly": 0.6,
            "eps_growth_yearly": 386.33
        },
        "20222": {
            "year_quarter": 20222,
            "year": 2022,
            "quarter": 2,
            "eps": 0.06,
            "eps_growth_year": -40,
            "eps_4q": 0.39,
            "eps_4q_growth_year": 22.38,
            "roe": 0.38,
            "roe_4q": 3.1000000000000005,
            "gross_profit": 58395,
            "gross_margin": 23.43,
            "gross_margin_4q_avg": 27.28,
            "net_income": 6110,
            "net_income_4q": null,
            "revenue": 249212,
            "revenue_4q": null,
            "common_shares": 988563,
            "book_valuer_per_share": 15.71,
            "book_valuer_per_share_4q_avg": 15.47,
            "equity": 1631920,
            "current_ratio": 152.18,
            "debt_ratio": 39.1,
            "inventory_turnover_ratio": 0.42,
            "account_receivable_turnover_ratio": 1.81,
            "reinvestment_rate": 85.69,
            "research_to_sale_ratio": 8.63,
            "price_fair": 16.2,
            "eps_avg_yearly": 0.46,
            "eps_latest_yearly": 0.24,
            "eps_growth_yearly": 290.32
        },
        "20223": {
            "year_quarter": 20223,
            "year": 2022,
            "quarter": 3,
            "eps": 0.17,
            "eps_growth_year": 13.33,
            "eps_4q": 0.42,
            "eps_4q_growth_year": 143.58,
            "roe": 1.02,
            "roe_4q": 2.9999999999999996,
            "gross_profit": 69108,
            "gross_margin": 20.91,
            "gross_margin_4q_avg": 25.25,
            "net_income": 16872,
            "net_income_4q": null,
            "revenue": 330461,
            "revenue_4q": null,
            "common_shares": 988563,
            "book_valuer_per_share": 15.99,
            "book_valuer_per_share_4q_avg": 15.64,
            "equity": 1670887,
            "current_ratio": 143.39,
            "debt_ratio": 41.74,
            "inventory_turnover_ratio": 0.6,
            "account_receivable_turnover_ratio": 3.3,
            "reinvestment_rate": 75.66,
            "research_to_sale_ratio": 6.27,
            "price_fair": 17.15,
            "eps_avg_yearly": 0.49,
            "eps_latest_yearly": 0.68,
            "eps_growth_yearly": 345.7
        },
        "20224": {
            "year_quarter": 20224,
            "year": 2022,
            "quarter": 4,
            "eps": -0.03,
            "eps_growth_year": null,
            "eps_4q": 0.4,
            "eps_4q_growth_year": 46.56,
            "roe": 0.18,
            "roe_4q": 3.1500000000000004,
            "gross_profit": 92544,
            "gross_margin": 24.41,
            "gross_margin_4q_avg": 24.82,
            "net_income": 3102,
            "net_income_4q": null,
            "revenue": 379080,
            "revenue_4q": null,
            "common_shares": 996973,
            "book_valuer_per_share": 15.93,
            "book_valuer_per_share_4q_avg": 15.8,
            "equity": 1723882,
            "current_ratio": 151.46,
            "debt_ratio": 47.86,
            "inventory_turnover_ratio": 0.78,
            "account_receivable_turnover_ratio": 3.11,
            "reinvestment_rate": 46.99,
            "research_to_sale_ratio": 5.32,
            "price_fair": 17.15,
            "eps_avg_yearly": 0.49,
            "eps_latest_yearly": 0.68,
            "eps_growth_yearly": 345.7
        },
        "20231": {
            "year_quarter": 20231,
            "year": 2023,
            "quarter": 1,
            "eps": -0.18,
            "eps_growth_year": -185.71,
            "eps_4q": 0.01,
            "eps_4q_growth_year": -96.76,
            "roe": -0.71,
            "roe_4q": 0.87,
            "gross_profit": 82240,
            "gross_margin": 27.53,
            "gross_margin_4q_avg": 24.07,
            "net_income": -14243,
            "net_income_4q": null,
            "revenue": 298702,
            "revenue_4q": null,
            "common_shares": 1148688,
            "book_valuer_per_share": 18.32,
            "book_valuer_per_share_4q_avg": 16.49,
            "equity": 2261333,
            "current_ratio": 192.96,
            "debt_ratio": 41.8,
            "inventory_turnover_ratio": 0.67,
            "account_receivable_turnover_ratio": 2.55,
            "reinvestment_rate": 163.17,
            "research_to_sale_ratio": 7.92,
            "price_fair": 18.4,
            "eps_avg_yearly": 0.53,
            "eps_latest_yearly": 0.68,
            "eps_growth_yearly": 450.68
        },
        "20232": {
            "year_quarter": 20232,
            "year": 2023,
            "quarter": 2,
            "eps": 0.28,
            "eps_growth_year": 366.67,
            "eps_4q": 0.24,
            "eps_4q_growth_year": -37.85,
            "roe": 1.97,
            "roe_4q": 2.46,
            "gross_profit": 112000,
            "gross_margin": 18.73,
            "gross_margin_4q_avg": 22.9,
            "net_income": 44649,
            "net_income_4q": null,
            "revenue": 598044,
            "revenue_4q": null,
            "common_shares": 1149693,
            "book_valuer_per_share": 18.38,
            "book_valuer_per_share_4q_avg": 17.16,
            "equity": 2261269,
            "current_ratio": 206.47,
            "debt_ratio": 39.42,
            "inventory_turnover_ratio": 1.59,
            "account_receivable_turnover_ratio": 4.98,
            "reinvestment_rate": 61.08,
            "research_to_sale_ratio": 4.14,
            "price_fair": 18.4,
            "eps_avg_yearly": 0.53,
            "eps_latest_yearly": 0.68,
            "eps_growth_yearly": 450.68
        },
        "20233": {
            "year_quarter": 20233,
            "year": 2023,
            "quarter": 3,
            "eps": 0.91,
            "eps_growth_year": 435.29,
            "eps_4q": 1.01,
            "eps_4q_growth_year": 141.92,
            "roe": 5.03,
            "roe_4q": 6.47,
            "gross_profit": 113115,
            "gross_margin": 24.16,
            "gross_margin_4q_avg": 23.71,
            "net_income": 117094,
            "net_income_4q": null,
            "revenue": 468113,
            "revenue_4q": null,
            "common_shares": 1149693,
            "book_valuer_per_share": 19.34,
            "book_valuer_per_share_4q_avg": 17.99,
            "equity": 2392439,
            "current_ratio": 241.57,
            "debt_ratio": 30.5,
            "inventory_turnover_ratio": 1.18,
            "account_receivable_turnover_ratio": 3.02,
            "reinvestment_rate": -42.01,
            "research_to_sale_ratio": 5.61,
            "price_fair": 32.03,
            "eps_avg_yearly": 0.92,
            "eps_latest_yearly": 3.64,
            "eps_growth_yearly": 506.85
        },
        "20234": {
            "year_quarter": 20234,
            "year": 2023,
            "quarter": 4,
            "eps": -0.41,
            "eps_growth_year": null,
            "eps_4q": 0.62,
            "eps_4q_growth_year": 53.84,
            "roe": -1.48,
            "roe_4q": 4.8100000000000005,
            "gross_profit": 92254,
            "gross_margin": 19.89,
            "gross_margin_4q_avg": 22.58,
            "net_income": -35247,
            "net_income_4q": null,
            "revenue": 463892,
            "revenue_4q": null,
            "common_shares": 1154191,
            "book_valuer_per_share": 19,
            "book_valuer_per_share_4q_avg": 18.76,
            "equity": 2365998,
            "current_ratio": 210.87,
            "debt_ratio": 34.8,
            "inventory_turnover_ratio": 1.16,
            "account_receivable_turnover_ratio": 3.17,
            "reinvestment_rate": -64.14,
            "research_to_sale_ratio": 5.27,
            "price_fair": 32.03,
            "eps_avg_yearly": 0.92,
            "eps_latest_yearly": 3.64,
            "eps_growth_yearly": 506.85
        }
    },
    "months": {
        "2002-08": {
            "month": "2002-08",
            "price": "38.58",
            "revenue": 85401
        },
        "2002-09": {
            "month": "2002-09",
            "price": "36.59",
            "revenue": 89013
        },
        "2002-10": {
            "month": "2002-10",
            "price": "32.75",
            "revenue": 106046
        },
        "2002-11": {
            "month": "2002-11",
            "price": "37.10",
            "revenue": 110790
        },
        "2002-12": {
            "month": "2002-12",
            "price": "36.25",
            "revenue": 98028
        },
        "2003-01": {
            "month": "2003-01",
            "price": "35.22",
            "revenue": 92746
        },
        "2003-02": {
            "month": "2003-02",
            "price": "34.10",
            "revenue": 64490
        },
        "2003-03": {
            "month": "2003-03",
            "price": "31.56",
            "revenue": 75084
        },
        "2003-04": {
            "month": "2003-04",
            "price": "28.05",
            "revenue": 74573
        },
        "2003-05": {
            "month": "2003-05",
            "price": "24.50",
            "revenue": 51385
        },
        "2003-06": {
            "month": "2003-06",
            "price": "27.08",
            "revenue": 48128
        },
        "2003-07": {
            "month": "2003-07",
            "price": "23.03",
            "revenue": 71476
        },
        "2003-08": {
            "month": "2003-08",
            "price": "22.28",
            "revenue": 83223
        },
        "2003-09": {
            "month": "2003-09",
            "price": "19.86",
            "revenue": 110967
        },
        "2003-10": {
            "month": "2003-10",
            "price": "20.86",
            "revenue": 118201
        },
        "2003-11": {
            "month": "2003-11",
            "price": "22.42",
            "revenue": 114797
        },
        "2003-12": {
            "month": "2003-12",
            "price": "24.73",
            "revenue": 98285
        },
        "2004-01": {
            "month": "2004-01",
            "price": "25.12",
            "revenue": 67715
        },
        "2004-02": {
            "month": "2004-02",
            "price": "25.66",
            "revenue": 92111
        },
        "2004-03": {
            "month": "2004-03",
            "price": "24.13",
            "revenue": 110248
        },
        "2004-04": {
            "month": "2004-04",
            "price": "22.97",
            "revenue": 119303
        },
        "2004-05": {
            "month": "2004-05",
            "price": "17.56",
            "revenue": 107091
        },
        "2004-06": {
            "month": "2004-06",
            "price": "16.56",
            "revenue": 111863
        },
        "2004-07": {
            "month": "2004-07",
            "price": "15.53",
            "revenue": 77831
        },
        "2004-08": {
            "month": "2004-08",
            "price": "13.58",
            "revenue": 120840
        },
        "2004-09": {
            "month": "2004-09",
            "price": "14.14",
            "revenue": 150045
        },
        "2004-10": {
            "month": "2004-10",
            "price": "14.62",
            "revenue": 169141
        },
        "2004-11": {
            "month": "2004-11",
            "price": "15.37",
            "revenue": 112438
        },
        "2004-12": {
            "month": "2004-12",
            "price": "15.55",
            "revenue": 96752
        },
        "2005-01": {
            "month": "2005-01",
            "price": "14.03",
            "revenue": 73793
        },
        "2005-02": {
            "month": "2005-02",
            "price": "14.42",
            "revenue": 70321
        },
        "2005-03": {
            "month": "2005-03",
            "price": "15.23",
            "revenue": 91620
        },
        "2005-04": {
            "month": "2005-04",
            "price": "14.34",
            "revenue": 94553
        },
        "2005-05": {
            "month": "2005-05",
            "price": "13.04",
            "revenue": 104438
        },
        "2005-06": {
            "month": "2005-06",
            "price": "13.94",
            "revenue": 95478
        },
        "2005-07": {
            "month": "2005-07",
            "price": "14.72",
            "revenue": 94212
        },
        "2005-08": {
            "month": "2005-08",
            "price": "13.77",
            "revenue": 135750
        },
        "2005-09": {
            "month": "2005-09",
            "price": "12.26",
            "revenue": 114157
        },
        "2005-10": {
            "month": "2005-10",
            "price": "10.90",
            "revenue": 144008
        },
        "2005-11": {
            "month": "2005-11",
            "price": "10.97",
            "revenue": 134751
        },
        "2005-12": {
            "month": "2005-12",
            "price": "12.69",
            "revenue": 157752
        },
        "2006-01": {
            "month": "2006-01",
            "price": "13.95",
            "revenue": 116044
        },
        "2006-02": {
            "month": "2006-02",
            "price": "13.59",
            "revenue": 102386
        },
        "2006-03": {
            "month": "2006-03",
            "price": "13.84",
            "revenue": 150413
        },
        "2006-04": {
            "month": "2006-04",
            "price": "16.01",
            "revenue": 148069
        },
        "2006-05": {
            "month": "2006-05",
            "price": "16.59",
            "revenue": 150950
        },
        "2006-06": {
            "month": "2006-06",
            "price": "15.54",
            "revenue": 164784
        },
        "2006-07": {
            "month": "2006-07",
            "price": "16.34",
            "revenue": 147591
        },
        "2006-08": {
            "month": "2006-08",
            "price": "16.57",
            "revenue": 195242
        },
        "2006-09": {
            "month": "2006-09",
            "price": "15.58",
            "revenue": 204757
        },
        "2006-10": {
            "month": "2006-10",
            "price": "17.53",
            "revenue": 188499
        },
        "2006-11": {
            "month": "2006-11",
            "price": "17.82",
            "revenue": 151686
        },
        "2006-12": {
            "month": "2006-12",
            "price": "18.87",
            "revenue": 155764
        },
        "2007-01": {
            "month": "2007-01",
            "price": "20.18",
            "revenue": 209206
        },
        "2007-02": {
            "month": "2007-02",
            "price": "21.45",
            "revenue": 155317
        },
        "2007-03": {
            "month": "2007-03",
            "price": "25.42",
            "revenue": 197747
        },
        "2007-04": {
            "month": "2007-04",
            "price": "26.48",
            "revenue": 184660
        },
        "2007-05": {
            "month": "2007-05",
            "price": "26.80",
            "revenue": 123285
        },
        "2007-06": {
            "month": "2007-06",
            "price": "29.39",
            "revenue": 195271
        },
        "2007-07": {
            "month": "2007-07",
            "price": "32.20",
            "revenue": 180604
        },
        "2007-08": {
            "month": "2007-08",
            "price": "29.46",
            "revenue": 199799
        },
        "2007-09": {
            "month": "2007-09",
            "price": "28.85",
            "revenue": 167475
        },
        "2007-10": {
            "month": "2007-10",
            "price": "27.52",
            "revenue": 228895
        },
        "2007-11": {
            "month": "2007-11",
            "price": "26.26",
            "revenue": 194269
        },
        "2007-12": {
            "month": "2007-12",
            "price": "23.56",
            "revenue": 164828
        },
        "2008-01": {
            "month": "2008-01",
            "price": "21.78",
            "revenue": 208065
        },
        "2008-02": {
            "month": "2008-02",
            "price": "21.40",
            "revenue": 152669
        },
        "2008-03": {
            "month": "2008-03",
            "price": "23.10",
            "revenue": 132201
        },
        "2008-04": {
            "month": "2008-04",
            "price": "23.28",
            "revenue": 168654
        },
        "2008-05": {
            "month": "2008-05",
            "price": "22.06",
            "revenue": 137504
        },
        "2008-06": {
            "month": "2008-06",
            "price": "19.34",
            "revenue": 183880
        },
        "2008-07": {
            "month": "2008-07",
            "price": "15.53",
            "revenue": 141056
        },
        "2008-08": {
            "month": "2008-08",
            "price": "14.53",
            "revenue": 163672
        },
        "2008-09": {
            "month": "2008-09",
            "price": "10.10",
            "revenue": 169721
        },
        "2008-10": {
            "month": "2008-10",
            "price": "9.51",
            "revenue": 218317
        },
        "2008-11": {
            "month": "2008-11",
            "price": "9.11",
            "revenue": 135623
        },
        "2008-12": {
            "month": "2008-12",
            "price": "8.22",
            "revenue": 119507
        },
        "2009-01": {
            "month": "2009-01",
            "price": "7.95",
            "revenue": 74478
        },
        "2009-02": {
            "month": "2009-02",
            "price": "7.91",
            "revenue": 95604
        },
        "2009-03": {
            "month": "2009-03",
            "price": "8.98",
            "revenue": 93906
        },
        "2009-04": {
            "month": "2009-04",
            "price": "9.95",
            "revenue": 121629
        },
        "2009-05": {
            "month": "2009-05",
            "price": "10.37",
            "revenue": 121478
        },
        "2009-06": {
            "month": "2009-06",
            "price": "11.31",
            "revenue": 114169
        },
        "2009-07": {
            "month": "2009-07",
            "price": "11.25",
            "revenue": 117805
        },
        "2009-08": {
            "month": "2009-08",
            "price": "12.08",
            "revenue": 158925
        },
        "2009-09": {
            "month": "2009-09",
            "price": "17.45",
            "revenue": 158495
        },
        "2009-10": {
            "month": "2009-10",
            "price": "20.66",
            "revenue": 156646
        },
        "2009-11": {
            "month": "2009-11",
            "price": "22.82",
            "revenue": 137219
        },
        "2009-12": {
            "month": "2009-12",
            "price": "26.54",
            "revenue": 147863
        },
        "2010-01": {
            "month": "2010-01",
            "price": "26.22",
            "revenue": 126877
        },
        "2010-02": {
            "month": "2010-02",
            "price": "22.42",
            "revenue": 107507
        },
        "2010-03": {
            "month": "2010-03",
            "price": "24.74",
            "revenue": 123474
        },
        "2010-04": {
            "month": "2010-04",
            "price": "26.22",
            "revenue": 124994
        },
        "2010-05": {
            "month": "2010-05",
            "price": "22.30",
            "revenue": 131500
        },
        "2010-06": {
            "month": "2010-06",
            "price": "23.48",
            "revenue": 115236
        },
        "2010-07": {
            "month": "2010-07",
            "price": "22.80",
            "revenue": 122901
        },
        "2010-08": {
            "month": "2010-08",
            "price": "22.32",
            "revenue": 149374
        },
        "2010-09": {
            "month": "2010-09",
            "price": "20.85",
            "revenue": 169945
        },
        "2010-10": {
            "month": "2010-10",
            "price": "21.00",
            "revenue": 141342
        },
        "2010-11": {
            "month": "2010-11",
            "price": "18.32",
            "revenue": 111243
        },
        "2010-12": {
            "month": "2010-12",
            "price": "19.47",
            "revenue": 127683
        },
        "2011-01": {
            "month": "2011-01",
            "price": "18.12",
            "revenue": 77738
        },
        "2011-02": {
            "month": "2011-02",
            "price": "18.69",
            "revenue": 69248
        },
        "2011-03": {
            "month": "2011-03",
            "price": "16.99",
            "revenue": 95092
        },
        "2011-04": {
            "month": "2011-04",
            "price": "16.46",
            "revenue": 114700
        },
        "2011-05": {
            "month": "2011-05",
            "price": "15.06",
            "revenue": 119673
        },
        "2011-06": {
            "month": "2011-06",
            "price": "12.86",
            "revenue": 118099
        },
        "2011-07": {
            "month": "2011-07",
            "price": "11.03",
            "revenue": 117571
        },
        "2011-08": {
            "month": "2011-08",
            "price": "10.46",
            "revenue": 151392
        },
        "2011-09": {
            "month": "2011-09",
            "price": "10.60",
            "revenue": 142656
        },
        "2011-10": {
            "month": "2011-10",
            "price": "10.17",
            "revenue": 105677
        },
        "2011-11": {
            "month": "2011-11",
            "price": "10.81",
            "revenue": 108906
        },
        "2011-12": {
            "month": "2011-12",
            "price": "10.55",
            "revenue": 105777
        },
        "2012-01": {
            "month": "2012-01",
            "price": "10.13",
            "revenue": 100299
        },
        "2012-02": {
            "month": "2012-02",
            "price": "12.95",
            "revenue": 85569
        },
        "2012-03": {
            "month": "2012-03",
            "price": "13.41",
            "revenue": 130390
        },
        "2012-04": {
            "month": "2012-04",
            "price": "10.83",
            "revenue": 105900
        },
        "2012-05": {
            "month": "2012-05",
            "price": "10.36",
            "revenue": 124647
        },
        "2012-06": {
            "month": "2012-06",
            "price": "9.94",
            "revenue": 122236
        },
        "2012-07": {
            "month": "2012-07",
            "price": "10.00",
            "revenue": 138553
        },
        "2012-08": {
            "month": "2012-08",
            "price": "10.40",
            "revenue": 121960
        },
        "2012-09": {
            "month": "2012-09",
            "price": "13.88",
            "revenue": 116095
        },
        "2012-10": {
            "month": "2012-10",
            "price": "12.29",
            "revenue": 103928
        },
        "2012-11": {
            "month": "2012-11",
            "price": "10.57",
            "revenue": 72500
        },
        "2012-12": {
            "month": "2012-12",
            "price": "11.13",
            "revenue": 90283
        },
        "2013-01": {
            "month": "2013-01",
            "price": "11.70",
            "revenue": 83727
        },
        "2013-02": {
            "month": "2013-02",
            "price": "11.23",
            "revenue": 81199
        },
        "2013-03": {
            "month": "2013-03",
            "price": "12.14",
            "revenue": 96963
        },
        "2013-04": {
            "month": "2013-04",
            "price": "12.92",
            "revenue": 91721
        },
        "2013-05": {
            "month": "2013-05",
            "price": "15.00",
            "revenue": 85277
        },
        "2013-06": {
            "month": "2013-06",
            "price": "13.60",
            "revenue": 74134
        },
        "2013-07": {
            "month": "2013-07",
            "price": "12.24",
            "revenue": 97043
        },
        "2013-08": {
            "month": "2013-08",
            "price": "12.10",
            "revenue": 104747
        },
        "2013-09": {
            "month": "2013-09",
            "price": "13.26",
            "revenue": 103615
        },
        "2013-10": {
            "month": "2013-10",
            "price": "14.66",
            "revenue": 95939
        },
        "2013-11": {
            "month": "2013-11",
            "price": "15.12",
            "revenue": 97182
        },
        "2013-12": {
            "month": "2013-12",
            "price": "17.04",
            "revenue": 125738
        },
        "2014-01": {
            "month": "2014-01",
            "price": "20.06",
            "revenue": 80108
        },
        "2014-02": {
            "month": "2014-02",
            "price": "23.02",
            "revenue": 72004
        },
        "2014-03": {
            "month": "2014-03",
            "price": "21.64",
            "revenue": 121869
        },
        "2014-04": {
            "month": "2014-04",
            "price": "22.56",
            "revenue": 112635
        },
        "2014-05": {
            "month": "2014-05",
            "price": "21.87",
            "revenue": 131755
        },
        "2014-06": {
            "month": "2014-06",
            "price": "25.22",
            "revenue": 91244
        },
        "2014-07": {
            "month": "2014-07",
            "price": "24.85",
            "revenue": 88421
        },
        "2014-08": {
            "month": "2014-08",
            "price": "21.23",
            "revenue": 109379
        },
        "2014-09": {
            "month": "2014-09",
            "price": "19.58",
            "revenue": 108513
        },
        "2014-10": {
            "month": "2014-10",
            "price": "21.05",
            "revenue": 72568
        },
        "2014-11": {
            "month": "2014-11",
            "price": "20.31",
            "revenue": 95464
        },
        "2014-12": {
            "month": "2014-12",
            "price": "20.05",
            "revenue": 96826
        },
        "2015-01": {
            "month": "2015-01",
            "price": "18.32",
            "revenue": 97701
        },
        "2015-02": {
            "month": "2015-02",
            "price": "17.20",
            "revenue": 86846
        },
        "2015-03": {
            "month": "2015-03",
            "price": "17.80",
            "revenue": 87574
        },
        "2015-04": {
            "month": "2015-04",
            "price": "16.83",
            "revenue": 100826
        },
        "2015-05": {
            "month": "2015-05",
            "price": "15.33",
            "revenue": 103689
        },
        "2015-06": {
            "month": "2015-06",
            "price": "11.87",
            "revenue": 137472
        },
        "2015-07": {
            "month": "2015-07",
            "price": "12.11",
            "revenue": 111956
        },
        "2015-08": {
            "month": "2015-08",
            "price": "10.89",
            "revenue": 96861
        },
        "2015-09": {
            "month": "2015-09",
            "price": "10.96",
            "revenue": 171555
        },
        "2015-10": {
            "month": "2015-10",
            "price": "13.23",
            "revenue": 139648
        },
        "2015-11": {
            "month": "2015-11",
            "price": "12.91",
            "revenue": 100470
        },
        "2015-12": {
            "month": "2015-12",
            "price": "11.38",
            "revenue": 120119
        },
        "2016-01": {
            "month": "2016-01",
            "price": "11.74",
            "revenue": 162220
        },
        "2016-02": {
            "month": "2016-02",
            "price": "13.49",
            "revenue": 77806
        },
        "2016-03": {
            "month": "2016-03",
            "price": "13.86",
            "revenue": 166021
        },
        "2016-04": {
            "month": "2016-04",
            "price": "13.56",
            "revenue": 156417
        },
        "2016-05": {
            "month": "2016-05",
            "price": "12.52",
            "revenue": 170801
        },
        "2016-06": {
            "month": "2016-06",
            "price": "13.54",
            "revenue": 142300
        },
        "2016-07": {
            "month": "2016-07",
            "price": "13.78",
            "revenue": 140425
        },
        "2016-08": {
            "month": "2016-08",
            "price": "13.69",
            "revenue": 134415
        },
        "2016-09": {
            "month": "2016-09",
            "price": "13.89",
            "revenue": 121141
        },
        "2016-10": {
            "month": "2016-10",
            "price": "12.60",
            "revenue": 113183
        },
        "2016-11": {
            "month": "2016-11",
            "price": "12.08",
            "revenue": 70822
        },
        "2016-12": {
            "month": "2016-12",
            "price": "12.32",
            "revenue": 103059
        },
        "2017-01": {
            "month": "2017-01",
            "price": "13.68",
            "revenue": 94582
        },
        "2017-02": {
            "month": "2017-02",
            "price": "16.51",
            "revenue": 68542
        },
        "2017-03": {
            "month": "2017-03",
            "price": "14.96",
            "revenue": 112021
        },
        "2017-04": {
            "month": "2017-04",
            "price": "12.72",
            "revenue": 108742
        },
        "2017-05": {
            "month": "2017-05",
            "price": "12.24",
            "revenue": 63480
        },
        "2017-06": {
            "month": "2017-06",
            "price": "12.55",
            "revenue": 77340
        },
        "2017-07": {
            "month": "2017-07",
            "price": "11.87",
            "revenue": 71413
        },
        "2017-08": {
            "month": "2017-08",
            "price": "11.79",
            "revenue": 65675
        },
        "2017-09": {
            "month": "2017-09",
            "price": "11.68",
            "revenue": 74594
        },
        "2017-10": {
            "month": "2017-10",
            "price": "11.73",
            "revenue": 52267
        },
        "2017-11": {
            "month": "2017-11",
            "price": "11.59",
            "revenue": 80357
        },
        "2017-12": {
            "month": "2017-12",
            "price": "10.68",
            "revenue": 101559
        },
        "2018-01": {
            "month": "2018-01",
            "price": "10.69",
            "revenue": 96087
        },
        "2018-02": {
            "month": "2018-02",
            "price": "10.18",
            "revenue": 63496
        },
        "2018-03": {
            "month": "2018-03",
            "price": "10.57",
            "revenue": 97246
        },
        "2018-04": {
            "month": "2018-04",
            "price": "9.98",
            "revenue": 81290
        },
        "2018-05": {
            "month": "2018-05",
            "price": "9.71",
            "revenue": 75779
        },
        "2018-06": {
            "month": "2018-06",
            "price": "9.72",
            "revenue": 114268
        },
        "2018-07": {
            "month": "2018-07",
            "price": "9.26",
            "revenue": 80373
        },
        "2018-08": {
            "month": "2018-08",
            "price": "8.98",
            "revenue": 63915
        },
        "2018-09": {
            "month": "2018-09",
            "price": "8.82",
            "revenue": 65402
        },
        "2018-10": {
            "month": "2018-10",
            "price": "8.31",
            "revenue": 83632
        },
        "2018-11": {
            "month": "2018-11",
            "price": "8.36",
            "revenue": 62608
        },
        "2018-12": {
            "month": "2018-12",
            "price": "8.97",
            "revenue": 64833
        },
        "2019-01": {
            "month": "2019-01",
            "price": "8.52",
            "revenue": 62830
        },
        "2019-02": {
            "month": "2019-02",
            "price": "8.55",
            "revenue": 60206
        },
        "2019-03": {
            "month": "2019-03",
            "price": "9.00",
            "revenue": 67088
        },
        "2019-04": {
            "month": "2019-04",
            "price": "10.98",
            "revenue": 68655
        },
        "2019-05": {
            "month": "2019-05",
            "price": "8.04",
            "revenue": 43723
        },
        "2019-06": {
            "month": "2019-06",
            "price": "8.04",
            "revenue": 48344
        },
        "2019-07": {
            "month": "2019-07",
            "price": "7.75",
            "revenue": 44673
        },
        "2019-08": {
            "month": "2019-08",
            "price": "7.56",
            "revenue": 44830
        },
        "2019-09": {
            "month": "2019-09",
            "price": "7.51",
            "revenue": 58673
        },
        "2019-10": {
            "month": "2019-10",
            "price": "7.78",
            "revenue": 43688
        },
        "2019-11": {
            "month": "2019-11",
            "price": "7.48",
            "revenue": 44866
        },
        "2019-12": {
            "month": "2019-12",
            "price": "8.03",
            "revenue": 49592
        },
        "2020-01": {
            "month": "2020-01",
            "price": "8.15",
            "revenue": 44983
        },
        "2020-02": {
            "month": "2020-02",
            "price": "7.92",
            "revenue": 55529
        },
        "2020-03": {
            "month": "2020-03",
            "price": "6.46",
            "revenue": 71786
        },
        "2020-04": {
            "month": "2020-04",
            "price": "6.85",
            "revenue": 68539
        },
        "2020-05": {
            "month": "2020-05",
            "price": "7.99",
            "revenue": 67157
        },
        "2020-06": {
            "month": "2020-06",
            "price": "8.81",
            "revenue": 74943
        },
        "2020-07": {
            "month": "2020-07",
            "price": "11.45",
            "revenue": 66508
        },
        "2020-08": {
            "month": "2020-08",
            "price": "14.87",
            "revenue": 84013
        },
        "2020-09": {
            "month": "2020-09",
            "price": "19.74",
            "revenue": 92884
        },
        "2020-10": {
            "month": "2020-10",
            "price": "22.43",
            "revenue": 77826
        },
        "2020-11": {
            "month": "2020-11",
            "price": "20.60",
            "revenue": 83681
        },
        "2020-12": {
            "month": "2020-12",
            "price": "21.02",
            "revenue": 62250
        },
        "2021-01": {
            "month": "2021-01",
            "price": "18.93",
            "revenue": 70080
        },
        "2021-02": {
            "month": "2021-02",
            "price": "19.70",
            "revenue": 61977
        },
        "2021-03": {
            "month": "2021-03",
            "price": "23.09",
            "revenue": 68653
        },
        "2021-04": {
            "month": "2021-04",
            "price": "31.73",
            "revenue": 85926
        },
        "2021-05": {
            "month": "2021-05",
            "price": "23.23",
            "revenue": 68049
        },
        "2021-06": {
            "month": "2021-06",
            "price": "22.91",
            "revenue": 95653
        },
        "2021-07": {
            "month": "2021-07",
            "price": "24.30",
            "revenue": 97762
        },
        "2021-08": {
            "month": "2021-08",
            "price": "22.05",
            "revenue": 113125
        },
        "2021-09": {
            "month": "2021-09",
            "price": "23.32",
            "revenue": 103749
        },
        "2021-10": {
            "month": "2021-10",
            "price": "21.93",
            "revenue": 88044
        },
        "2021-11": {
            "month": "2021-11",
            "price": "24.75",
            "revenue": 74844
        },
        "2021-12": {
            "month": "2021-12",
            "price": "22.59",
            "revenue": 119257
        },
        "2022-01": {
            "month": "2022-01",
            "price": "21.71",
            "revenue": 110211
        },
        "2022-02": {
            "month": "2022-02",
            "price": "22.80",
            "revenue": 62395
        },
        "2022-03": {
            "month": "2022-03",
            "price": "21.85",
            "revenue": 81059
        },
        "2022-04": {
            "month": "2022-04",
            "price": "20.42",
            "revenue": 81341
        },
        "2022-05": {
            "month": "2022-05",
            "price": "18.74",
            "revenue": 67754
        },
        "2022-06": {
            "month": "2022-06",
            "price": "18.19",
            "revenue": 99117
        },
        "2022-07": {
            "month": "2022-07",
            "price": "17.93",
            "revenue": 69403
        },
        "2022-08": {
            "month": "2022-08",
            "price": "19.13",
            "revenue": 150433
        },
        "2022-09": {
            "month": "2022-09",
            "price": "24.24",
            "revenue": 108802
        },
        "2022-10": {
            "month": "2022-10",
            "price": "23.29",
            "revenue": 122942
        },
        "2022-11": {
            "month": "2022-11",
            "price": "25.97",
            "revenue": 81055
        },
        "2022-12": {
            "month": "2022-12",
            "price": "35.13",
            "revenue": 176906
        },
        "2023-01": {
            "month": "2023-01",
            "price": "36.75",
            "revenue": 57780
        },
        "2023-02": {
            "month": "2023-02",
            "price": "39.88",
            "revenue": 137503
        },
        "2023-03": {
            "month": "2023-03",
            "price": "45.08",
            "revenue": 103419
        },
        "2023-04": {
            "month": "2023-04",
            "price": "46.03",
            "revenue": 158806
        },
        "2023-05": {
            "month": "2023-05",
            "price": "42.02",
            "revenue": 265684
        },
        "2023-06": {
            "month": "2023-06",
            "price": "49.50",
            "revenue": 173554
        },
        "2023-07": {
            "month": "2023-07",
            "price": "49.90",
            "revenue": 118263
        },
        "2023-08": {
            "month": "2023-08",
            "price": "44.75",
            "revenue": 200926
        },
        "2023-09": {
            "month": "2023-09",
            "price": "41.70",
            "revenue": 148924
        },
        "2023-10": {
            "month": "2023-10",
            "price": "39.09",
            "revenue": 165979
        },
        "2023-11": {
            "month": "2023-11",
            "price": "38.75",
            "revenue": 151328
        },
        "2023-12": {
            "month": "2023-12",
            "price": "41.67",
            "revenue": 146585
        }
    }
}
