{
    "summary": {
        "stock_name": "增你強",
        "stock_id": "3028",
        "category": "電子通路",
        "main_business": "各種電子零件、組件之進出口業務",
        "website_url": "http://www.zenitron.com.tw",
        "ceo": "周俊光/周俊賢",
        "pe_ratio": 13,
        "report_year_from": 2001,
        "report_year_to": 2023,
        "age": 22,
        "eps_negative_percentage": 0,
        "eps_growth_avg": {
            "last_all": 8.24,
            "last_2y": 55.62,
            "last_4y": 23.55,
            "last_8y": 22.48,
            "last_12y": 15.07,
            "last_16y": 9.93,
            "last_20y": 8.24,
            "at_2006_last_3y": 7.99,
            "at_2007_last_3y": 1.37,
            "at_2008_last_3y": -9.13,
            "at_2009_last_3y": -6.78,
            "at_2010_last_3y": -3.99,
            "at_2011_last_3y": 15.02,
            "at_2012_last_3y": 16.85,
            "at_2013_last_3y": -1.59,
            "at_2014_last_3y": 10.81,
            "at_2015_last_3y": -4.81,
            "at_2016_last_3y": 2.16,
            "at_2017_last_3y": 21.14,
            "at_2018_last_3y": 5.3,
            "at_2019_last_3y": -3.87,
            "at_2020_last_3y": 24.59,
            "at_2021_last_3y": 34.32,
            "at_2022_last_3y": 30.92,
            "at_2023_last_3y": 30.92,
            "at_2006_last_all": 0.19,
            "at_2007_last_all": -3.18,
            "at_2008_last_all": -9.73,
            "at_2009_last_all": -2.85,
            "at_2010_last_all": -1.67,
            "at_2011_last_all": 4.1,
            "at_2012_last_all": -0.06,
            "at_2013_last_all": -2.43,
            "at_2014_last_all": 2.17,
            "at_2015_last_all": 1.55,
            "at_2016_last_all": 0.53,
            "at_2017_last_all": 3.46,
            "at_2018_last_all": 2.91,
            "at_2019_last_all": 0.35,
            "at_2020_last_all": 5.59,
            "at_2021_last_all": 9.63,
            "at_2022_last_all": 8.24,
            "at_2023_last_all": 8.24
        },
        "latest_eps": 2.68,
        "latest_price": 34.05,
        "latest_roe": 11.9,
        "latest_gross_margin": 8.12,
        "latest_equity": 5093394,
        "latest_revenue": 7306466,
        "latest_gross_profit": 593502,
        "latest_net_income": 113708,
        "latest_debt_ratio": 75.53,
        "latest_current_ratio": 128.31,
        "latest_account_receivable_turnover_ratio": 0.99,
        "latest_inventory_turnover_ratio": 0.62,
        "latest_reinvestment_rate": -1.59,
        "latest_research_to_sale_ratio": null
    },
    "eps_dividends": {
        "1999": {
            "cash": 0,
            "stock": 3,
            "eps": 0
        },
        "2000": {
            "cash": 0,
            "stock": 3,
            "eps": 0
        },
        "2001": {
            "cash": 1,
            "stock": 3,
            "eps": 2.9
        },
        "2002": {
            "cash": 1,
            "stock": 1,
            "eps": 2
        },
        "2003": {
            "cash": 1,
            "stock": 1,
            "eps": 2.13
        },
        "2004": {
            "cash": 1,
            "stock": 1,
            "eps": 1.98
        },
        "2005": {
            "cash": 1,
            "stock": 1,
            "eps": 2.69
        },
        "2006": {
            "cash": 1,
            "stock": 0,
            "eps": 2.6
        },
        "2007": {
            "cash": 2,
            "stock": 0,
            "eps": 2.08
        },
        "2008": {
            "cash": 2,
            "stock": 0,
            "eps": 1.06
        },
        "2009": {
            "cash": 1,
            "stock": 0,
            "eps": 1.54
        },
        "2010": {
            "cash": 1,
            "stock": 0,
            "eps": 1.66
        },
        "2011": {
            "cash": 4,
            "stock": 0,
            "eps": 2.59
        },
        "2012": {
            "cash": 0,
            "stock": 0,
            "eps": 1.51
        },
        "2013": {
            "cash": 1,
            "stock": 0,
            "eps": 1.08
        },
        "2014": {
            "cash": 1,
            "stock": 0,
            "eps": 1.7
        },
        "2015": {
            "cash": 2,
            "stock": 0,
            "eps": 1.59
        },
        "2016": {
            "cash": 2,
            "stock": 0,
            "eps": 1.37
        },
        "2017": {
            "cash": 2,
            "stock": 0,
            "eps": 2.02
        },
        "2018": {
            "cash": 2,
            "stock": 0,
            "eps": 1.9
        },
        "2019": {
            "cash": 2,
            "stock": 0,
            "eps": 1.08
        },
        "2020": {
            "cash": 1,
            "stock": 0,
            "eps": 2.2
        },
        "2021": {
            "cash": 2,
            "stock": 0,
            "eps": 4.1
        },
        "2022": {
            "cash": 4,
            "stock": 0,
            "eps": 3.3
        },
        "2023": {
            "cash": 3,
            "stock": 0,
            "eps": 0.52
        }
    },
    "dividends": {
        "1999-03-26": {
            "cash": 0,
            "stock": 3
        },
        "2000-04-26": {
            "cash": 0,
            "stock": 3
        },
        "2001-04-09": {
            "cash": 0.5,
            "stock": 3
        },
        "2002-05-21": {
            "cash": 0.8,
            "stock": 1.2
        },
        "2003-04-14": {
            "cash": 0.7,
            "stock": 0.8
        },
        "2004-04-30": {
            "cash": 1.12,
            "stock": 0.56
        },
        "2005-04-22": {
            "cash": 1,
            "stock": 0.5
        },
        "2006-04-14": {
            "cash": 1.31,
            "stock": 0.3
        },
        "2007-03-28": {
            "cash": 1.72,
            "stock": 0
        },
        "2008-03-21": {
            "cash": 1.6,
            "stock": 0
        },
        "2009-03-20": {
            "cash": 0.8,
            "stock": 0
        },
        "2010-03-26": {
            "cash": 1.19,
            "stock": 0
        },
        "2011-01-01": {
            "cash": 2.1,
            "stock": 0
        },
        "2011-03-18": {
            "cash": 1.6,
            "stock": 0
        },
        "2013-03-21": {
            "cash": 1.3,
            "stock": 0
        },
        "2014-06-11": {
            "cash": 1,
            "stock": 0
        },
        "2015-07-30": {
            "cash": 1.7,
            "stock": 0
        },
        "2016-07-29": {
            "cash": 1.7,
            "stock": 0
        },
        "2017-07-28": {
            "cash": 1.5,
            "stock": 0
        },
        "2018-07-31": {
            "cash": 1.82,
            "stock": 0
        },
        "2019-07-31": {
            "cash": 1.7,
            "stock": 0
        },
        "2020-07-31": {
            "cash": 1,
            "stock": 0
        },
        "2021-07-30": {
            "cash": 1.9,
            "stock": 0
        },
        "2022-07-29": {
            "cash": 3.5,
            "stock": 0
        },
        "2023-03-15": {
            "cash": 3,
            "stock": 0
        }
    },
    "prices": {
        "200101": "無",
        "200102": "無",
        "200103": "無",
        "200104": "無",
        "200105": "無",
        "200106": "無",
        "200107": "無",
        "200108": "無",
        "200109": "無",
        "200110": "無",
        "200111": "無",
        "200112": "無",
        "200201": "無",
        "200202": "無",
        "200203": "無",
        "200204": "無",
        "200205": "無",
        "200206": "無",
        "200207": "無",
        "200208": "34.62",
        "200209": "28.72",
        "200210": "25.95",
        "200211": "27.93",
        "200212": "26.44",
        "200301": "25.83",
        "200302": "24.48",
        "200303": "24.54",
        "200304": "26.71",
        "200305": "29.05",
        "200306": "31.29",
        "200307": "29.92",
        "200308": "28.47",
        "200309": "26.90",
        "200310": "26.78",
        "200311": "27.42",
        "200312": "27.08",
        "200401": "27.09",
        "200402": "28.48",
        "200403": "27.42",
        "200404": "27.53",
        "200405": "23.87",
        "200406": "22.81",
        "200407": "21.55",
        "200408": "21.11",
        "200409": "20.12",
        "200410": "19.98",
        "200411": "18.62",
        "200412": "18.36",
        "200501": "16.10",
        "200502": "16.32",
        "200503": "16.34",
        "200504": "15.82",
        "200505": "15.34",
        "200506": "16.12",
        "200507": "17.99",
        "200508": "18.98",
        "200509": "21.10",
        "200510": "21.77",
        "200511": "21.51",
        "200512": "22.08",
        "200601": "23.01",
        "200602": "22.29",
        "200603": "22.72",
        "200604": "24.63",
        "200605": "24.00",
        "200606": "21.31",
        "200607": "21.12",
        "200608": "20.25",
        "200609": "19.31",
        "200610": "20.02",
        "200611": "20.12",
        "200612": "21.41",
        "200701": "22.42",
        "200702": "21.71",
        "200703": "21.19",
        "200704": "21.48",
        "200705": "21.63",
        "200706": "22.66",
        "200707": "27.06",
        "200708": "25.62",
        "200709": "26.06",
        "200710": "25.31",
        "200711": "21.69",
        "200712": "19.51",
        "200801": "18.19",
        "200802": "18.26",
        "200803": "19.09",
        "200804": "20.55",
        "200805": "20.18",
        "200806": "18.15",
        "200807": "15.78",
        "200808": "14.31",
        "200809": "12.38",
        "200810": "9.75",
        "200811": "7.73",
        "200812": "7.30",
        "200901": "7.20",
        "200902": "7.33",
        "200903": "9.16",
        "200904": "12.35",
        "200905": "13.80",
        "200906": "13.45",
        "200907": "15.47",
        "200908": "16.27",
        "200909": "17.90",
        "200910": "19.73",
        "200911": "21.08",
        "200912": "22.18",
        "201001": "22.79",
        "201002": "20.68",
        "201003": "21.77",
        "201004": "22.40",
        "201005": "20.49",
        "201006": "19.71",
        "201007": "20.30",
        "201008": "19.78",
        "201009": "18.78",
        "201010": "19.06",
        "201011": "19.41",
        "201012": "21.06",
        "201101": "21.52",
        "201102": "21.10",
        "201103": "20.78",
        "201104": "21.32",
        "201105": "21.90",
        "201106": "21.93",
        "201107": "20.26",
        "201108": "18.63",
        "201109": "19.28",
        "201110": "19.08",
        "201111": "19.26",
        "201112": "18.61",
        "201201": "19.31",
        "201202": "20.90",
        "201203": "21.98",
        "201204": "22.44",
        "201205": "22.51",
        "201206": "22.06",
        "201207": "20.79",
        "201208": "19.22",
        "201209": "19.25",
        "201210": "18.39",
        "201211": "17.42",
        "201212": "17.42",
        "201301": "17.85",
        "201302": "18.15",
        "201303": "18.25",
        "201304": "18.67",
        "201305": "19.66",
        "201306": "19.73",
        "201307": "18.85",
        "201308": "18.73",
        "201309": "18.85",
        "201310": "19.01",
        "201311": "18.85",
        "201312": "18.95",
        "201401": "19.54",
        "201402": "18.72",
        "201403": "18.40",
        "201404": "18.24",
        "201405": "18.08",
        "201406": "18.74",
        "201407": "18.17",
        "201408": "17.91",
        "201409": "17.86",
        "201410": "17.22",
        "201411": "17.04",
        "201412": "17.15",
        "201501": "17.20",
        "201502": "17.53",
        "201503": "18.08",
        "201504": "19.34",
        "201505": "19.60",
        "201506": "19.07",
        "201507": "17.52",
        "201508": "15.86",
        "201509": "15.39",
        "201510": "15.78",
        "201511": "16.14",
        "201512": "15.78",
        "201601": "15.64",
        "201602": "16.30",
        "201603": "17.59",
        "201604": "18.33",
        "201605": "18.15",
        "201606": "18.47",
        "201607": "17.38",
        "201608": "16.89",
        "201609": "16.87",
        "201610": "16.91",
        "201611": "16.93",
        "201612": "16.96",
        "201701": "17.36",
        "201702": "17.66",
        "201703": "18.02",
        "201704": "18.50",
        "201705": "18.52",
        "201706": "18.80",
        "201707": "18.05",
        "201708": "17.95",
        "201709": "18.24",
        "201710": "18.55",
        "201711": "19.61",
        "201712": "20.10",
        "201801": "20.75",
        "201802": "20.86",
        "201803": "22.51",
        "201804": "22.86",
        "201805": "22.95",
        "201806": "24.49",
        "201807": "23.24",
        "201808": "22.32",
        "201809": "22.04",
        "201810": "20.65",
        "201811": "20.61",
        "201812": "21.19",
        "201901": "21.11",
        "201902": "21.93",
        "201903": "22.88",
        "201904": "22.90",
        "201905": "22.60",
        "201906": "22.73",
        "201907": "22.03",
        "201908": "20.90",
        "201909": "21.19",
        "201910": "21.23",
        "201911": "21.03",
        "201912": "20.86",
        "202001": "20.98",
        "202002": "20.37",
        "202003": "18.21",
        "202004": "18.06",
        "202005": "19.04",
        "202006": "19.42",
        "202007": "19.00",
        "202008": "19.50",
        "202009": "20.16",
        "202010": "20.92",
        "202011": "21.38",
        "202012": "21.95",
        "202101": "22.37",
        "202102": "23.12",
        "202103": "25.62",
        "202104": "28.92",
        "202105": "28.03",
        "202106": "28.54",
        "202107": "28.35",
        "202108": "28.01",
        "202109": "28.60",
        "202110": "28.40",
        "202111": "30.26",
        "202112": "33.06",
        "202201": "33.40",
        "202202": "35.13",
        "202203": "37.86",
        "202204": "38.99",
        "202205": "37.22",
        "202206": "36.36",
        "202207": "29.59",
        "202208": "29.96",
        "202209": "27.88",
        "202210": "25.90",
        "202211": "27.31",
        "202212": "28.46",
        "202301": "29.62",
        "202302": "29.94",
        "202303": "31.28",
        "202304": "32.33",
        "202305": "33.07"
    },
    "quarters": {
        "20011": {
            "year_quarter": 20011,
            "year": 2001,
            "quarter": 1,
            "eps": 1.04,
            "eps_growth_year": -48.26,
            "eps_4q": 4.66,
            "eps_4q_growth_year": -6.74,
            "roe": 4.76,
            "roe_4q": 4.76,
            "gross_profit": 113045,
            "gross_margin": 9.93,
            "gross_margin_4q_avg": 9.93,
            "net_income": 55075,
            "revenue": 1138163,
            "common_shares": 530000,
            "book_valuer_per_share": 22.34,
            "book_valuer_per_share_4q_avg": 22.34,
            "equity": 1183801,
            "current_ratio": 175.9,
            "debt_ratio": 49.77,
            "inventory_turnover_ratio": 1.6,
            "account_receivable_turnover_ratio": null,
            "reinvestment_rate": null,
            "research_to_sale_ratio": null,
            "price_fair": 0,
            "eps_avg_yearly": 0,
            "eps_latest_yearly": 0,
            "eps_growth_yearly": 0
        },
        "20012": {
            "year_quarter": 20012,
            "year": 2001,
            "quarter": 2,
            "eps": 0.74,
            "eps_growth_year": -45.19,
            "eps_4q": 3.24,
            "eps_4q_growth_year": -26.84,
            "roe": 4.34,
            "roe_4q": 9.1,
            "gross_profit": 114784,
            "gross_margin": 11.04,
            "gross_margin_4q_avg": 10.49,
            "net_income": 51784,
            "revenue": 1039432,
            "common_shares": 530000,
            "book_valuer_per_share": 22.66,
            "book_valuer_per_share_4q_avg": 22.5,
            "equity": 1201106,
            "current_ratio": 162.36,
            "debt_ratio": 54.69,
            "inventory_turnover_ratio": 1.65,
            "account_receivable_turnover_ratio": null,
            "reinvestment_rate": null,
            "research_to_sale_ratio": null,
            "price_fair": 0,
            "eps_avg_yearly": 0,
            "eps_latest_yearly": 0,
            "eps_growth_yearly": 0
        },
        "20013": {
            "year_quarter": 20013,
            "year": 2001,
            "quarter": 3,
            "eps": 0.5,
            "eps_growth_year": -67.11,
            "eps_4q": 2.53,
            "eps_4q_growth_year": -49.02,
            "roe": 2.49,
            "roe_4q": 11.59,
            "gross_profit": 100642,
            "gross_margin": 8.07,
            "gross_margin_4q_avg": 9.68,
            "net_income": 35964,
            "revenue": 1247145,
            "common_shares": 800000,
            "book_valuer_per_share": 21.08,
            "book_valuer_per_share_4q_avg": 22.03,
            "equity": 1686124,
            "current_ratio": 198.35,
            "debt_ratio": 42.69,
            "inventory_turnover_ratio": 2.12,
            "account_receivable_turnover_ratio": null,
            "reinvestment_rate": null,
            "research_to_sale_ratio": null,
            "price_fair": 0,
            "eps_avg_yearly": 0,
            "eps_latest_yearly": 0,
            "eps_growth_yearly": 0
        },
        "20014": {
            "year_quarter": 20014,
            "year": 2001,
            "quarter": 4,
            "eps": 0.62,
            "eps_growth_year": -16.22,
            "eps_4q": 2.55,
            "eps_4q_growth_year": -50.33,
            "roe": 2.65,
            "roe_4q": 14.24,
            "gross_profit": 112404,
            "gross_margin": 8.16,
            "gross_margin_4q_avg": 9.3,
            "net_income": 45812,
            "revenue": 1377490,
            "common_shares": 813307,
            "book_valuer_per_share": 21.76,
            "book_valuer_per_share_4q_avg": 21.96,
            "equity": 1770041,
            "current_ratio": 227.51,
            "debt_ratio": 40.89,
            "inventory_turnover_ratio": 2.3,
            "account_receivable_turnover_ratio": null,
            "reinvestment_rate": null,
            "research_to_sale_ratio": null,
            "price_fair": 0,
            "eps_avg_yearly": 0,
            "eps_latest_yearly": 0,
            "eps_growth_yearly": 0
        },
        "20021": {
            "year_quarter": 20021,
            "year": 2002,
            "quarter": 1,
            "eps": 0.62,
            "eps_growth_year": -40.38,
            "eps_4q": 2.06,
            "eps_4q_growth_year": -55.8,
            "roe": 3.19,
            "roe_4q": 12.67,
            "gross_profit": 131955,
            "gross_margin": 8.72,
            "gross_margin_4q_avg": 9,
            "net_income": 57594,
            "revenue": 1512585,
            "common_shares": 813307,
            "book_valuer_per_share": 22.68,
            "book_valuer_per_share_4q_avg": 22.05,
            "equity": 1844677,
            "current_ratio": 202.42,
            "debt_ratio": 42.59,
            "inventory_turnover_ratio": 2.46,
            "account_receivable_turnover_ratio": null,
            "reinvestment_rate": null,
            "research_to_sale_ratio": null,
            "price_fair": 24.8,
            "eps_avg_yearly": 2.48,
            "eps_latest_yearly": 2.48,
            "eps_growth_yearly": 0
        },
        "20022": {
            "year_quarter": 20022,
            "year": 2002,
            "quarter": 2,
            "eps": 0.49,
            "eps_growth_year": -33.78,
            "eps_4q": 2,
            "eps_4q_growth_year": -38.23,
            "roe": 2.48,
            "roe_4q": 10.81,
            "gross_profit": 121899,
            "gross_margin": 8.99,
            "gross_margin_4q_avg": 8.49,
            "net_income": 45172,
            "revenue": 1355859,
            "common_shares": 813307,
            "book_valuer_per_share": 22.2,
            "book_valuer_per_share_4q_avg": 21.93,
            "equity": 1805416,
            "current_ratio": 219.75,
            "debt_ratio": 49.94,
            "inventory_turnover_ratio": 2.3,
            "account_receivable_turnover_ratio": null,
            "reinvestment_rate": null,
            "research_to_sale_ratio": null,
            "price_fair": 6.66,
            "eps_avg_yearly": 2.22,
            "eps_latest_yearly": 1.96,
            "eps_growth_yearly": -41.94
        },
        "20023": {
            "year_quarter": 20023,
            "year": 2002,
            "quarter": 3,
            "eps": 0.46,
            "eps_growth_year": -8,
            "eps_4q": 2.06,
            "eps_4q_growth_year": -18.64,
            "roe": 2.33,
            "roe_4q": 10.65,
            "gross_profit": 110113,
            "gross_margin": 7.72,
            "gross_margin_4q_avg": 8.4,
            "net_income": 42756,
            "revenue": 1427011,
            "common_shares": 921903,
            "book_valuer_per_share": 20.23,
            "book_valuer_per_share_4q_avg": 21.72,
            "equity": 1864576,
            "current_ratio": 225.18,
            "debt_ratio": 48.39,
            "inventory_turnover_ratio": 2.52,
            "account_receivable_turnover_ratio": null,
            "reinvestment_rate": null,
            "research_to_sale_ratio": null,
            "price_fair": 6.28,
            "eps_avg_yearly": 2.09,
            "eps_latest_yearly": 1.84,
            "eps_growth_yearly": -36.12
        },
        "20024": {
            "year_quarter": 20024,
            "year": 2002,
            "quarter": 4,
            "eps": 0.43,
            "eps_growth_year": -30.65,
            "eps_4q": 2,
            "eps_4q_growth_year": -21.51,
            "roe": 2.13,
            "roe_4q": 10.129999999999999,
            "gross_profit": 129881,
            "gross_margin": 7.41,
            "gross_margin_4q_avg": 8.21,
            "net_income": 39758,
            "revenue": 1751775,
            "common_shares": 921904,
            "book_valuer_per_share": 20.27,
            "book_valuer_per_share_4q_avg": 21.35,
            "equity": 1868711,
            "current_ratio": 199.75,
            "debt_ratio": 53.37,
            "inventory_turnover_ratio": 2.88,
            "account_receivable_turnover_ratio": null,
            "reinvestment_rate": 42.06,
            "research_to_sale_ratio": null,
            "price_fair": 6,
            "eps_avg_yearly": 2,
            "eps_latest_yearly": 1.72,
            "eps_growth_yearly": -33.61
        },
        "20031": {
            "year_quarter": 20031,
            "year": 2003,
            "quarter": 1,
            "eps": 0.74,
            "eps_growth_year": 19.35,
            "eps_4q": 2.16,
            "eps_4q_growth_year": 4.96,
            "roe": 3.52,
            "roe_4q": 10.46,
            "gross_profit": 156902,
            "gross_margin": 8.67,
            "gross_margin_4q_avg": 8.2,
            "net_income": 66551,
            "revenue": 1810288,
            "common_shares": 921904,
            "book_valuer_per_share": 20.72,
            "book_valuer_per_share_4q_avg": 20.86,
            "equity": 1909846,
            "current_ratio": 194.27,
            "debt_ratio": 51.3,
            "inventory_turnover_ratio": 2.53,
            "account_receivable_turnover_ratio": null,
            "reinvestment_rate": 44.92,
            "research_to_sale_ratio": null,
            "price_fair": 76.72,
            "eps_avg_yearly": 2.19,
            "eps_latest_yearly": 2.96,
            "eps_growth_yearly": 30.78
        },
        "20032": {
            "year_quarter": 20032,
            "year": 2003,
            "quarter": 2,
            "eps": 0.52,
            "eps_growth_year": 6.12,
            "eps_4q": 2.04,
            "eps_4q_growth_year": 2.06,
            "roe": 2.64,
            "roe_4q": 10.62,
            "gross_profit": 138616,
            "gross_margin": 7.45,
            "gross_margin_4q_avg": 7.81,
            "net_income": 50893,
            "revenue": 1860431,
            "common_shares": 921904,
            "book_valuer_per_share": 21.1,
            "book_valuer_per_share_4q_avg": 20.58,
            "equity": 1945167,
            "current_ratio": 180.99,
            "debt_ratio": 54.36,
            "inventory_turnover_ratio": 2.45,
            "account_receivable_turnover_ratio": null,
            "reinvestment_rate": 45.99,
            "research_to_sale_ratio": null,
            "price_fair": 34.41,
            "eps_avg_yearly": 2.17,
            "eps_latest_yearly": 2.08,
            "eps_growth_yearly": 5.83
        },
        "20033": {
            "year_quarter": 20033,
            "year": 2003,
            "quarter": 3,
            "eps": 0.46,
            "eps_growth_year": 0,
            "eps_4q": 2.04,
            "eps_4q_growth_year": -0.7,
            "roe": 2.33,
            "roe_4q": 10.620000000000001,
            "gross_profit": 167001,
            "gross_margin": 7.36,
            "gross_margin_4q_avg": 7.72,
            "net_income": 45652,
            "revenue": 2269823,
            "common_shares": 1007656,
            "book_valuer_per_share": 19.62,
            "book_valuer_per_share_4q_avg": 20.43,
            "equity": 1977376,
            "current_ratio": 208.18,
            "debt_ratio": 57.97,
            "inventory_turnover_ratio": 3.1,
            "account_receivable_turnover_ratio": null,
            "reinvestment_rate": 52.39,
            "research_to_sale_ratio": null,
            "price_fair": 6.38,
            "eps_avg_yearly": 2.13,
            "eps_latest_yearly": 1.84,
            "eps_growth_yearly": -1.59
        },
        "20034": {
            "year_quarter": 20034,
            "year": 2003,
            "quarter": 4,
            "eps": 0.41,
            "eps_growth_year": -4.65,
            "eps_4q": 2.03,
            "eps_4q_growth_year": 1.45,
            "roe": 2.06,
            "roe_4q": 10.55,
            "gross_profit": 192815,
            "gross_margin": 7.4,
            "gross_margin_4q_avg": 7.72,
            "net_income": 41202,
            "revenue": 2605342,
            "common_shares": 1008881,
            "book_valuer_per_share": 20.08,
            "book_valuer_per_share_4q_avg": 20.38,
            "equity": 2026266,
            "current_ratio": 179.4,
            "debt_ratio": 65.35,
            "inventory_turnover_ratio": 2.5,
            "account_receivable_turnover_ratio": null,
            "reinvestment_rate": 57.34,
            "research_to_sale_ratio": null,
            "price_fair": 6.2,
            "eps_avg_yearly": 2.07,
            "eps_latest_yearly": 1.64,
            "eps_growth_yearly": -6.83
        },
        "20041": {
            "year_quarter": 20041,
            "year": 2004,
            "quarter": 1,
            "eps": 0.72,
            "eps_growth_year": -2.7,
            "eps_4q": 2.08,
            "eps_4q_growth_year": -3.54,
            "roe": 3.55,
            "roe_4q": 10.58,
            "gross_profit": 196188,
            "gross_margin": 7.71,
            "gross_margin_4q_avg": 7.48,
            "net_income": 72753,
            "revenue": 2543191,
            "common_shares": 1014589,
            "book_valuer_per_share": 20.47,
            "book_valuer_per_share_4q_avg": 20.32,
            "equity": 2077283,
            "current_ratio": 177.8,
            "debt_ratio": 62.9,
            "inventory_turnover_ratio": 1.84,
            "account_receivable_turnover_ratio": null,
            "reinvestment_rate": 46.26,
            "research_to_sale_ratio": null,
            "price_fair": 75.44,
            "eps_avg_yearly": 2.16,
            "eps_latest_yearly": 2.88,
            "eps_growth_yearly": 27.53
        },
        "20042": {
            "year_quarter": 20042,
            "year": 2004,
            "quarter": 2,
            "eps": 0.55,
            "eps_growth_year": 5.77,
            "eps_4q": 2.16,
            "eps_4q_growth_year": 5.51,
            "roe": 2.69,
            "roe_4q": 10.63,
            "gross_profit": 208750,
            "gross_margin": 8.06,
            "gross_margin_4q_avg": 7.63,
            "net_income": 54669,
            "revenue": 2591256,
            "common_shares": 1015859,
            "book_valuer_per_share": 19.62,
            "book_valuer_per_share_4q_avg": 19.95,
            "equity": 1993510,
            "current_ratio": 142.52,
            "debt_ratio": 66.13,
            "inventory_turnover_ratio": 1.76,
            "account_receivable_turnover_ratio": null,
            "reinvestment_rate": 38.74,
            "research_to_sale_ratio": null,
            "price_fair": 54.73,
            "eps_avg_yearly": 2.16,
            "eps_latest_yearly": 2.2,
            "eps_growth_yearly": 15.34
        },
        "20043": {
            "year_quarter": 20043,
            "year": 2004,
            "quarter": 3,
            "eps": 0.76,
            "eps_growth_year": 65.22,
            "eps_4q": 2.32,
            "eps_4q_growth_year": 13.59,
            "roe": 4.03,
            "roe_4q": 12.33,
            "gross_profit": 242656,
            "gross_margin": 8.13,
            "gross_margin_4q_avg": 7.83,
            "net_income": 82052,
            "revenue": 2986019,
            "common_shares": 1090187,
            "book_valuer_per_share": 19.08,
            "book_valuer_per_share_4q_avg": 19.81,
            "equity": 2080388,
            "current_ratio": 140.8,
            "debt_ratio": 67.19,
            "inventory_turnover_ratio": 1.93,
            "account_receivable_turnover_ratio": null,
            "reinvestment_rate": 39.07,
            "research_to_sale_ratio": null,
            "price_fair": 78.4,
            "eps_avg_yearly": 2.24,
            "eps_latest_yearly": 3.04,
            "eps_growth_yearly": 27.83
        },
        "20044": {
            "year_quarter": 20044,
            "year": 2004,
            "quarter": 4,
            "eps": -0.05,
            "eps_growth_year": -112.2,
            "eps_4q": 1.31,
            "eps_4q_growth_year": -35.75,
            "roe": -0.23,
            "roe_4q": 10.04,
            "gross_profit": 174967,
            "gross_margin": 6.2,
            "gross_margin_4q_avg": 7.53,
            "net_income": -5255,
            "revenue": 2823197,
            "common_shares": 1440417,
            "book_valuer_per_share": 17.44,
            "book_valuer_per_share_4q_avg": 19.15,
            "equity": 2512021,
            "current_ratio": 151.87,
            "debt_ratio": 65.99,
            "inventory_turnover_ratio": 1.66,
            "account_receivable_turnover_ratio": null,
            "reinvestment_rate": 42.43,
            "research_to_sale_ratio": null,
            "price_fair": 78.4,
            "eps_avg_yearly": 2.24,
            "eps_latest_yearly": 3.04,
            "eps_growth_yearly": 27.83
        },
        "20051": {
            "year_quarter": 20051,
            "year": 2005,
            "quarter": 1,
            "eps": 0.35,
            "eps_growth_year": -51.39,
            "eps_4q": 1.28,
            "eps_4q_growth_year": -38.49,
            "roe": 1.95,
            "roe_4q": 8.44,
            "gross_profit": 265742,
            "gross_margin": 7.48,
            "gross_margin_4q_avg": 7.47,
            "net_income": 49400,
            "revenue": 3554476,
            "common_shares": 1440417,
            "book_valuer_per_share": 17.75,
            "book_valuer_per_share_4q_avg": 18.47,
            "equity": 2556775,
            "current_ratio": 153.16,
            "debt_ratio": 62.48,
            "inventory_turnover_ratio": 1.82,
            "account_receivable_turnover_ratio": null,
            "reinvestment_rate": 39.16,
            "research_to_sale_ratio": null,
            "price_fair": 78.4,
            "eps_avg_yearly": 2.24,
            "eps_latest_yearly": 3.04,
            "eps_growth_yearly": 27.83
        },
        "20052": {
            "year_quarter": 20052,
            "year": 2005,
            "quarter": 2,
            "eps": 0.61,
            "eps_growth_year": 10.91,
            "eps_4q": 1.41,
            "eps_4q_growth_year": -34.74,
            "roe": 3.79,
            "roe_4q": 9.54,
            "gross_profit": 310266,
            "gross_margin": 7.56,
            "gross_margin_4q_avg": 7.34,
            "net_income": 96605,
            "revenue": 4101627,
            "common_shares": 1440417,
            "book_valuer_per_share": 17.63,
            "book_valuer_per_share_4q_avg": 17.98,
            "equity": 2540041,
            "current_ratio": 146.12,
            "debt_ratio": 65.33,
            "inventory_turnover_ratio": 1.96,
            "account_receivable_turnover_ratio": null,
            "reinvestment_rate": 36.88,
            "research_to_sale_ratio": null,
            "price_fair": 78.98,
            "eps_avg_yearly": 2.26,
            "eps_latest_yearly": 2.44,
            "eps_growth_yearly": 50.27
        },
        "20053": {
            "year_quarter": 20053,
            "year": 2005,
            "quarter": 3,
            "eps": 1.14,
            "eps_growth_year": 50,
            "eps_4q": 2.04,
            "eps_4q_growth_year": -12.19,
            "roe": 6.57,
            "roe_4q": 12.079999999999998,
            "gross_profit": 397950,
            "gross_margin": 8.37,
            "gross_margin_4q_avg": 7.4,
            "net_income": 178517,
            "revenue": 4756298,
            "common_shares": 1577804,
            "book_valuer_per_share": 18.34,
            "book_valuer_per_share_4q_avg": 17.79,
            "equity": 2893016,
            "current_ratio": 137.1,
            "debt_ratio": 62.61,
            "inventory_turnover_ratio": 2.23,
            "account_receivable_turnover_ratio": null,
            "reinvestment_rate": 30.74,
            "research_to_sale_ratio": null,
            "price_fair": 85.18,
            "eps_avg_yearly": 2.43,
            "eps_latest_yearly": 4.56,
            "eps_growth_yearly": 73.14
        },
        "20054": {
            "year_quarter": 20054,
            "year": 2005,
            "quarter": 4,
            "eps": 0.59,
            "eps_growth_year": null,
            "eps_4q": 2.65,
            "eps_4q_growth_year": 103.06,
            "roe": 3.09,
            "roe_4q": 15.399999999999999,
            "gross_profit": 413126,
            "gross_margin": 8.66,
            "gross_margin_4q_avg": 8.02,
            "net_income": 92843,
            "revenue": 4768995,
            "common_shares": 1713020,
            "book_valuer_per_share": 18.13,
            "book_valuer_per_share_4q_avg": 17.96,
            "equity": 3107308,
            "current_ratio": 146.51,
            "debt_ratio": 64.06,
            "inventory_turnover_ratio": 2.02,
            "account_receivable_turnover_ratio": null,
            "reinvestment_rate": 28.46,
            "research_to_sale_ratio": null,
            "price_fair": 85,
            "eps_avg_yearly": 2.43,
            "eps_latest_yearly": 2.36,
            "eps_growth_yearly": 54.13
        },
        "20061": {
            "year_quarter": 20061,
            "year": 2006,
            "quarter": 1,
            "eps": 0.77,
            "eps_growth_year": 120,
            "eps_4q": 2.91,
            "eps_4q_growth_year": 126.88,
            "roe": 4.1,
            "roe_4q": 17.55,
            "gross_profit": 344264,
            "gross_margin": 6.79,
            "gross_margin_4q_avg": 7.85,
            "net_income": 132564,
            "revenue": 5073719,
            "common_shares": 1785407,
            "book_valuer_per_share": 18.83,
            "book_valuer_per_share_4q_avg": 18.23,
            "equity": 3361213,
            "current_ratio": 149.76,
            "debt_ratio": 59.67,
            "inventory_turnover_ratio": 1.85,
            "account_receivable_turnover_ratio": null,
            "reinvestment_rate": 25.85,
            "research_to_sale_ratio": null,
            "price_fair": 86.5,
            "eps_avg_yearly": 2.47,
            "eps_latest_yearly": 3.08,
            "eps_growth_yearly": 62.85
        },
        "20062": {
            "year_quarter": 20062,
            "year": 2006,
            "quarter": 2,
            "eps": 0.56,
            "eps_growth_year": -8.2,
            "eps_4q": 2.75,
            "eps_4q_growth_year": 95.29,
            "roe": 2.93,
            "roe_4q": 16.689999999999998,
            "gross_profit": 365423,
            "gross_margin": 7.5,
            "gross_margin_4q_avg": 7.83,
            "net_income": 103408,
            "revenue": 4874070,
            "common_shares": 2017426,
            "book_valuer_per_share": 18.36,
            "book_valuer_per_share_4q_avg": 18.42,
            "equity": 3703909,
            "current_ratio": 165.67,
            "debt_ratio": 57.43,
            "inventory_turnover_ratio": 1.87,
            "account_receivable_turnover_ratio": null,
            "reinvestment_rate": 24.04,
            "research_to_sale_ratio": null,
            "price_fair": 87.2,
            "eps_avg_yearly": 2.49,
            "eps_latest_yearly": 2.24,
            "eps_growth_yearly": 61.04
        },
        "20063": {
            "year_quarter": 20063,
            "year": 2006,
            "quarter": 3,
            "eps": 0.63,
            "eps_growth_year": -44.74,
            "eps_4q": 2.34,
            "eps_4q_growth_year": 14.64,
            "roe": 3.21,
            "roe_4q": 13.33,
            "gross_profit": 292734,
            "gross_margin": 5.66,
            "gross_margin_4q_avg": 7.15,
            "net_income": 121339,
            "revenue": 5172552,
            "common_shares": 2108271,
            "book_valuer_per_share": 18.24,
            "book_valuer_per_share_4q_avg": 18.39,
            "equity": 3845137,
            "current_ratio": 183.07,
            "debt_ratio": 55.73,
            "inventory_turnover_ratio": 2.32,
            "account_receivable_turnover_ratio": null,
            "reinvestment_rate": 20.55,
            "research_to_sale_ratio": null,
            "price_fair": 88.9,
            "eps_avg_yearly": 2.54,
            "eps_latest_yearly": 2.52,
            "eps_growth_yearly": 66.36
        },
        "20064": {
            "year_quarter": 20064,
            "year": 2006,
            "quarter": 4,
            "eps": 0.64,
            "eps_growth_year": 8.47,
            "eps_4q": 2.46,
            "eps_4q_growth_year": -7.31,
            "roe": 3.22,
            "roe_4q": 13.459999999999999,
            "gross_profit": 331954,
            "gross_margin": 6.9,
            "gross_margin_4q_avg": 6.71,
            "net_income": 125757,
            "revenue": 4807757,
            "common_shares": 2111986,
            "book_valuer_per_share": 18.8,
            "book_valuer_per_share_4q_avg": 18.56,
            "equity": 3971568,
            "current_ratio": 182.49,
            "debt_ratio": 58.94,
            "inventory_turnover_ratio": 1.79,
            "account_receivable_turnover_ratio": null,
            "reinvestment_rate": 15.6,
            "research_to_sale_ratio": null,
            "price_fair": 91,
            "eps_avg_yearly": 2.6,
            "eps_latest_yearly": 2.56,
            "eps_growth_yearly": 68.68
        },
        "20071": {
            "year_quarter": 20071,
            "year": 2007,
            "quarter": 1,
            "eps": 0.41,
            "eps_growth_year": -46.75,
            "eps_4q": 2.09,
            "eps_4q_growth_year": -27.97,
            "roe": 2.12,
            "roe_4q": 11.48,
            "gross_profit": 337291,
            "gross_margin": 8.1,
            "gross_margin_4q_avg": 7.04,
            "net_income": 85326,
            "revenue": 4164794,
            "common_shares": 2113536,
            "book_valuer_per_share": 19.24,
            "book_valuer_per_share_4q_avg": 18.66,
            "equity": 4066726,
            "current_ratio": 198.27,
            "debt_ratio": 51.27,
            "inventory_turnover_ratio": 1.55,
            "account_receivable_turnover_ratio": null,
            "reinvestment_rate": 11.16,
            "research_to_sale_ratio": null,
            "price_fair": 87.7,
            "eps_avg_yearly": 2.51,
            "eps_latest_yearly": 1.64,
            "eps_growth_yearly": 37.82
        },
        "20072": {
            "year_quarter": 20072,
            "year": 2007,
            "quarter": 2,
            "eps": 0.51,
            "eps_growth_year": -8.93,
            "eps_4q": 2.09,
            "eps_4q_growth_year": -24.04,
            "roe": 2.75,
            "roe_4q": 11.3,
            "gross_profit": 343532,
            "gross_margin": 7.35,
            "gross_margin_4q_avg": 7,
            "net_income": 107516,
            "revenue": 4672276,
            "common_shares": 2096086,
            "book_valuer_per_share": 17.86,
            "book_valuer_per_share_4q_avg": 18.54,
            "equity": 3744596,
            "current_ratio": 177.96,
            "debt_ratio": 55.99,
            "inventory_turnover_ratio": 2.27,
            "account_receivable_turnover_ratio": null,
            "reinvestment_rate": 9.83,
            "research_to_sale_ratio": null,
            "price_fair": 87.6,
            "eps_avg_yearly": 2.5,
            "eps_latest_yearly": 2.04,
            "eps_growth_yearly": 53.28
        },
        "20073": {
            "year_quarter": 20073,
            "year": 2007,
            "quarter": 3,
            "eps": 0.82,
            "eps_growth_year": 30.16,
            "eps_4q": 2.35,
            "eps_4q_growth_year": 0.54,
            "roe": 4.43,
            "roe_4q": 12.520000000000001,
            "gross_profit": 333263,
            "gross_margin": 5.89,
            "gross_margin_4q_avg": 7.06,
            "net_income": 170776,
            "revenue": 5659585,
            "common_shares": 2133181,
            "book_valuer_per_share": 18.6,
            "book_valuer_per_share_4q_avg": 18.63,
            "equity": 3968073,
            "current_ratio": 167.94,
            "debt_ratio": 58.52,
            "inventory_turnover_ratio": 2.78,
            "account_receivable_turnover_ratio": null,
            "reinvestment_rate": 5.32,
            "research_to_sale_ratio": null,
            "price_fair": 91.2,
            "eps_avg_yearly": 2.61,
            "eps_latest_yearly": 3.28,
            "eps_growth_yearly": 73.94
        },
        "20074": {
            "year_quarter": 20074,
            "year": 2007,
            "quarter": 4,
            "eps": 0.34,
            "eps_growth_year": -46.88,
            "eps_4q": 2.08,
            "eps_4q_growth_year": -15.59,
            "roe": 1.78,
            "roe_4q": 11.080000000000002,
            "gross_profit": 265115,
            "gross_margin": 5.29,
            "gross_margin_4q_avg": 6.66,
            "net_income": 71250,
            "revenue": 5015775,
            "common_shares": 2145193,
            "book_valuer_per_share": 18.8,
            "book_valuer_per_share_4q_avg": 18.63,
            "equity": 4033622,
            "current_ratio": 166.61,
            "debt_ratio": 62.09,
            "inventory_turnover_ratio": 1.93,
            "account_receivable_turnover_ratio": null,
            "reinvestment_rate": 3.18,
            "research_to_sale_ratio": null,
            "price_fair": 90.5,
            "eps_avg_yearly": 2.59,
            "eps_latest_yearly": 1.36,
            "eps_growth_yearly": 60.32
        },
        "20081": {
            "year_quarter": 20081,
            "year": 2008,
            "quarter": 1,
            "eps": 0.21,
            "eps_growth_year": -48.78,
            "eps_4q": 1.85,
            "eps_4q_growth_year": -11.8,
            "roe": 1.12,
            "roe_4q": 10.08,
            "gross_profit": 391545,
            "gross_margin": 7.55,
            "gross_margin_4q_avg": 6.52,
            "net_income": 44833,
            "revenue": 5186955,
            "common_shares": 2108043,
            "book_valuer_per_share": 18.94,
            "book_valuer_per_share_4q_avg": 18.55,
            "equity": 3993385,
            "current_ratio": 171.34,
            "debt_ratio": 60.75,
            "inventory_turnover_ratio": 1.75,
            "account_receivable_turnover_ratio": null,
            "reinvestment_rate": 0.53,
            "research_to_sale_ratio": null,
            "price_fair": 85.4,
            "eps_avg_yearly": 2.44,
            "eps_latest_yearly": 0.84,
            "eps_growth_yearly": 27.8
        },
        "20082": {
            "year_quarter": 20082,
            "year": 2008,
            "quarter": 2,
            "eps": 0.21,
            "eps_growth_year": -58.82,
            "eps_4q": 1.6,
            "eps_4q_growth_year": -23.33,
            "roe": 1.14,
            "roe_4q": 8.469999999999999,
            "gross_profit": 311179,
            "gross_margin": 6.15,
            "gross_margin_4q_avg": 6.22,
            "net_income": 43345,
            "revenue": 5061672,
            "common_shares": 2111343,
            "book_valuer_per_share": 17.24,
            "book_valuer_per_share_4q_avg": 18.4,
            "equity": 3642067,
            "current_ratio": 159.36,
            "debt_ratio": 64.34,
            "inventory_turnover_ratio": 1.87,
            "account_receivable_turnover_ratio": null,
            "reinvestment_rate": -3.38,
            "research_to_sale_ratio": null,
            "price_fair": 82,
            "eps_avg_yearly": 2.34,
            "eps_latest_yearly": 0.84,
            "eps_growth_yearly": 34.54
        },
        "20083": {
            "year_quarter": 20083,
            "year": 2008,
            "quarter": 3,
            "eps": 0.5,
            "eps_growth_year": -39.02,
            "eps_4q": 1.27,
            "eps_4q_growth_year": -45.76,
            "roe": 2.81,
            "roe_4q": 6.8500000000000005,
            "gross_profit": 438760,
            "gross_margin": 8.07,
            "gross_margin_4q_avg": 6.77,
            "net_income": 102998,
            "revenue": 5437403,
            "common_shares": 2111618,
            "book_valuer_per_share": 17.43,
            "book_valuer_per_share_4q_avg": 18.1,
            "equity": 3681194,
            "current_ratio": 165.83,
            "debt_ratio": 64.92,
            "inventory_turnover_ratio": 1.98,
            "account_receivable_turnover_ratio": null,
            "reinvestment_rate": -4.25,
            "research_to_sale_ratio": null,
            "price_fair": 79.4,
            "eps_avg_yearly": 2.27,
            "eps_latest_yearly": 2,
            "eps_growth_yearly": 63.09
        },
        "20084": {
            "year_quarter": 20084,
            "year": 2008,
            "quarter": 4,
            "eps": 0.14,
            "eps_growth_year": -58.82,
            "eps_4q": 1.07,
            "eps_4q_growth_year": -48.55,
            "roe": 0.79,
            "roe_4q": 5.86,
            "gross_profit": 242691,
            "gross_margin": 5.62,
            "gross_margin_4q_avg": 6.85,
            "net_income": 28870,
            "revenue": 4318380,
            "common_shares": 2061618,
            "book_valuer_per_share": 17.74,
            "book_valuer_per_share_4q_avg": 17.84,
            "equity": 3657924,
            "current_ratio": 173.9,
            "debt_ratio": 59.63,
            "inventory_turnover_ratio": 1.68,
            "account_receivable_turnover_ratio": 1.99,
            "reinvestment_rate": -5.78,
            "research_to_sale_ratio": null,
            "price_fair": 75.41,
            "eps_avg_yearly": 2.15,
            "eps_latest_yearly": 0.56,
            "eps_growth_yearly": 39.68
        },
        "20091": {
            "year_quarter": 20091,
            "year": 2009,
            "quarter": 1,
            "eps": 0.28,
            "eps_growth_year": 33.33,
            "eps_4q": 1.14,
            "eps_4q_growth_year": -38.18,
            "roe": 1.53,
            "roe_4q": 6.2700000000000005,
            "gross_profit": 290767,
            "gross_margin": 6.68,
            "gross_margin_4q_avg": 6.63,
            "net_income": 56971,
            "revenue": 4353531,
            "common_shares": 2061618,
            "book_valuer_per_share": 18.34,
            "book_valuer_per_share_4q_avg": 17.69,
            "equity": 3782782,
            "current_ratio": 183.73,
            "debt_ratio": 55.51,
            "inventory_turnover_ratio": 2.1,
            "account_receivable_turnover_ratio": 2,
            "reinvestment_rate": -4.49,
            "research_to_sale_ratio": null,
            "price_fair": 73.15,
            "eps_avg_yearly": 2.09,
            "eps_latest_yearly": 1.12,
            "eps_growth_yearly": 62.2
        },
        "20092": {
            "year_quarter": 20092,
            "year": 2009,
            "quarter": 2,
            "eps": 0.45,
            "eps_growth_year": 114.29,
            "eps_4q": 1.36,
            "eps_4q_growth_year": -15.21,
            "roe": 2.51,
            "roe_4q": 7.640000000000001,
            "gross_profit": 353858,
            "gross_margin": 7,
            "gross_margin_4q_avg": 6.84,
            "net_income": 93751,
            "revenue": 5056151,
            "common_shares": 2062668,
            "book_valuer_per_share": 17.82,
            "book_valuer_per_share_4q_avg": 17.83,
            "equity": 3677784,
            "current_ratio": 156.09,
            "debt_ratio": 62.76,
            "inventory_turnover_ratio": 2.81,
            "account_receivable_turnover_ratio": 2.25,
            "reinvestment_rate": -5.04,
            "research_to_sale_ratio": null,
            "price_fair": 71.75,
            "eps_avg_yearly": 2.05,
            "eps_latest_yearly": 1.8,
            "eps_growth_yearly": 58.81
        },
        "20093": {
            "year_quarter": 20093,
            "year": 2009,
            "quarter": 3,
            "eps": 0.52,
            "eps_growth_year": 4,
            "eps_4q": 1.39,
            "eps_4q_growth_year": 9.28,
            "roe": 2.87,
            "roe_4q": 7.7,
            "gross_profit": 314017,
            "gross_margin": 5.18,
            "gross_margin_4q_avg": 6.12,
            "net_income": 107001,
            "revenue": 6058020,
            "common_shares": 2065455,
            "book_valuer_per_share": 18.31,
            "book_valuer_per_share_4q_avg": 18.05,
            "equity": 3782217,
            "current_ratio": 150.22,
            "debt_ratio": 63.95,
            "inventory_turnover_ratio": 2.85,
            "account_receivable_turnover_ratio": 1.32,
            "reinvestment_rate": -5.18,
            "research_to_sale_ratio": null,
            "price_fair": 66.33,
            "eps_avg_yearly": 1.9,
            "eps_latest_yearly": 2.08,
            "eps_growth_yearly": 40.98
        },
        "20094": {
            "year_quarter": 20094,
            "year": 2009,
            "quarter": 4,
            "eps": 0.29,
            "eps_growth_year": 107.14,
            "eps_4q": 1.52,
            "eps_4q_growth_year": 42.33,
            "roe": 1.57,
            "roe_4q": 8.48,
            "gross_profit": 268722,
            "gross_margin": 3.75,
            "gross_margin_4q_avg": 5.65,
            "net_income": 60748,
            "revenue": 7159345,
            "common_shares": 2095362,
            "book_valuer_per_share": 18.77,
            "book_valuer_per_share_4q_avg": 18.31,
            "equity": 3934392,
            "current_ratio": 147.86,
            "debt_ratio": 63.22,
            "inventory_turnover_ratio": 2.83,
            "account_receivable_turnover_ratio": 2.97,
            "reinvestment_rate": 75.57,
            "research_to_sale_ratio": null,
            "price_fair": 63.7,
            "eps_avg_yearly": 1.82,
            "eps_latest_yearly": 1.16,
            "eps_growth_yearly": 41.98
        },
        "20101": {
            "year_quarter": 20101,
            "year": 2010,
            "quarter": 1,
            "eps": null,
            "eps_growth_year": null,
            "eps_4q": null,
            "eps_4q_growth_year": null,
            "roe": null,
            "roe_4q": 6.95,
            "gross_profit": 339127,
            "gross_margin": null,
            "gross_margin_4q_avg": 3.98,
            "net_income": 87055,
            "revenue": 7102581,
            "common_shares": 2106569,
            "book_valuer_per_share": 19.28,
            "book_valuer_per_share_4q_avg": 18.55,
            "equity": 4062084,
            "current_ratio": 147.19,
            "debt_ratio": 63.67,
            "inventory_turnover_ratio": null,
            "account_receivable_turnover_ratio": null,
            "reinvestment_rate": null,
            "research_to_sale_ratio": null,
            "price_fair": 60.76,
            "eps_avg_yearly": 1.74,
            "eps_latest_yearly": 1.16,
            "eps_growth_yearly": 36.64
        },
        "20102": {
            "year_quarter": 20102,
            "year": 2010,
            "quarter": 2,
            "eps": 0.48,
            "eps_growth_year": 7.78,
            "eps_4q": 1.28,
            "eps_4q_growth_year": -5.76,
            "roe": 2.54,
            "roe_4q": 6.98,
            "gross_profit": 371132,
            "gross_margin": 4.79,
            "gross_margin_4q_avg": 3.43,
            "net_income": 102470,
            "revenue": 7748831,
            "common_shares": 2112830,
            "book_valuer_per_share": 18.95,
            "book_valuer_per_share_4q_avg": 18.83,
            "equity": 4005210,
            "current_ratio": 156.06,
            "debt_ratio": 68.21,
            "inventory_turnover_ratio": 2.51,
            "account_receivable_turnover_ratio": 2.13,
            "reinvestment_rate": 100.05,
            "research_to_sale_ratio": null,
            "price_fair": 59.5,
            "eps_avg_yearly": 1.7,
            "eps_latest_yearly": 1.16,
            "eps_growth_yearly": 47.05
        },
        "20103": {
            "year_quarter": 20103,
            "year": 2010,
            "quarter": 3,
            "eps": 0.75,
            "eps_growth_year": 43.83,
            "eps_4q": 1.52,
            "eps_4q_growth_year": 9.12,
            "roe": 3.84,
            "roe_4q": 7.95,
            "gross_profit": 381685,
            "gross_margin": 4.75,
            "gross_margin_4q_avg": 3.32,
            "net_income": 158168,
            "revenue": 8027169,
            "common_shares": 2114394,
            "book_valuer_per_share": 20.02,
            "book_valuer_per_share_4q_avg": 19.26,
            "equity": 4235574,
            "current_ratio": 162.08,
            "debt_ratio": 67.98,
            "inventory_turnover_ratio": 2.21,
            "account_receivable_turnover_ratio": 1.11,
            "reinvestment_rate": 94.55,
            "research_to_sale_ratio": 0.11,
            "price_fair": 60.7,
            "eps_avg_yearly": 1.73,
            "eps_latest_yearly": 3,
            "eps_growth_yearly": 59.55
        },
        "20104": {
            "year_quarter": 20104,
            "year": 2010,
            "quarter": 4,
            "eps": 0.43,
            "eps_growth_year": 49.95,
            "eps_4q": 1.66,
            "eps_4q_growth_year": 9.56,
            "roe": 2.18,
            "roe_4q": 8.559999999999999,
            "gross_profit": 280415,
            "gross_margin": 3.05,
            "gross_margin_4q_avg": 3.15,
            "net_income": 92138,
            "revenue": 9192599,
            "common_shares": 2118936,
            "book_valuer_per_share": 19.95,
            "book_valuer_per_share_4q_avg": 19.55,
            "equity": 4229524,
            "current_ratio": 167.1,
            "debt_ratio": 65.66,
            "inventory_turnover_ratio": 2.33,
            "account_receivable_turnover_ratio": 1.35,
            "reinvestment_rate": 100.97,
            "research_to_sale_ratio": 0.08,
            "price_fair": 58.6,
            "eps_avg_yearly": 1.67,
            "eps_latest_yearly": 1.72,
            "eps_growth_yearly": 46.91
        },
        "20111": {
            "year_quarter": 20111,
            "year": 2011,
            "quarter": 1,
            "eps": 0.65,
            "eps_growth_year": null,
            "eps_4q": 2.31,
            "eps_4q_growth_year": null,
            "roe": 3.19,
            "roe_4q": 11.75,
            "gross_profit": 443314,
            "gross_margin": 5.01,
            "gross_margin_4q_avg": 4.4,
            "net_income": 137557,
            "revenue": 8842244,
            "common_shares": 2124726,
            "book_valuer_per_share": 20.72,
            "book_valuer_per_share_4q_avg": 19.91,
            "equity": 4403595,
            "current_ratio": 166.47,
            "debt_ratio": 65.7,
            "inventory_turnover_ratio": 2.14,
            "account_receivable_turnover_ratio": 1.32,
            "reinvestment_rate": 103.65,
            "research_to_sale_ratio": 0.04,
            "price_fair": 61,
            "eps_avg_yearly": 1.74,
            "eps_latest_yearly": 2.6,
            "eps_growth_yearly": 71.8
        },
        "20112": {
            "year_quarter": 20112,
            "year": 2011,
            "quarter": 2,
            "eps": 0.7,
            "eps_growth_year": 45.32,
            "eps_4q": 2.53,
            "eps_4q_growth_year": 97.59,
            "roe": 3.48,
            "roe_4q": 12.69,
            "gross_profit": 435002,
            "gross_margin": 4.75,
            "gross_margin_4q_avg": 4.39,
            "net_income": 150063,
            "revenue": 9159336,
            "common_shares": 2128736,
            "book_valuer_per_share": 19.83,
            "book_valuer_per_share_4q_avg": 20.13,
            "equity": 4223526,
            "current_ratio": 158.34,
            "debt_ratio": 68.16,
            "inventory_turnover_ratio": 2.16,
            "account_receivable_turnover_ratio": 1.31,
            "reinvestment_rate": 100.86,
            "research_to_sale_ratio": 0.04,
            "price_fair": 62.9,
            "eps_avg_yearly": 1.8,
            "eps_latest_yearly": 2.8,
            "eps_growth_yearly": 67.02
        },
        "20113": {
            "year_quarter": 20113,
            "year": 2011,
            "quarter": 3,
            "eps": 0.8,
            "eps_growth_year": 7.13,
            "eps_4q": 2.58,
            "eps_4q_growth_year": 69.95,
            "roe": 4.01,
            "roe_4q": 12.86,
            "gross_profit": 444024,
            "gross_margin": 5.14,
            "gross_margin_4q_avg": 4.49,
            "net_income": 171443,
            "revenue": 8643947,
            "common_shares": 2131229,
            "book_valuer_per_share": 20.32,
            "book_valuer_per_share_4q_avg": 20.21,
            "equity": 4332219,
            "current_ratio": 165.57,
            "debt_ratio": 68.21,
            "inventory_turnover_ratio": 1.93,
            "account_receivable_turnover_ratio": 1.24,
            "reinvestment_rate": 105.02,
            "research_to_sale_ratio": 0.04,
            "price_fair": 62.7,
            "eps_avg_yearly": 1.79,
            "eps_latest_yearly": 3.2,
            "eps_growth_yearly": 53.74
        },
        "20114": {
            "year_quarter": 20114,
            "year": 2011,
            "quarter": 4,
            "eps": 0.44,
            "eps_growth_year": 1.54,
            "eps_4q": 2.59,
            "eps_4q_growth_year": 55.66,
            "roe": 2.15,
            "roe_4q": 12.83,
            "gross_profit": 364376,
            "gross_margin": 3.99,
            "gross_margin_4q_avg": 4.72,
            "net_income": 94114,
            "revenue": 9135147,
            "common_shares": 2131738,
            "book_valuer_per_share": 20.66,
            "book_valuer_per_share_4q_avg": 20.38,
            "equity": 4407013,
            "current_ratio": 180.96,
            "debt_ratio": 64.34,
            "inventory_turnover_ratio": 2.31,
            "account_receivable_turnover_ratio": 1.36,
            "reinvestment_rate": 104.66,
            "research_to_sale_ratio": 0.05,
            "price_fair": 63.7,
            "eps_avg_yearly": 1.82,
            "eps_latest_yearly": 1.76,
            "eps_growth_yearly": 57.61
        },
        "20121": {
            "year_quarter": 20121,
            "year": 2012,
            "quarter": 1,
            "eps": 0.51,
            "eps_growth_year": -21.54,
            "eps_4q": 2.45,
            "eps_4q_growth_year": 6.18,
            "roe": 2.4,
            "roe_4q": 12.04,
            "gross_profit": 391546,
            "gross_margin": 6.04,
            "gross_margin_4q_avg": 4.98,
            "net_income": 107733,
            "revenue": 6483155,
            "common_shares": 2133164,
            "book_valuer_per_share": 21.5,
            "book_valuer_per_share_4q_avg": 20.58,
            "equity": 4588632,
            "current_ratio": 204.58,
            "debt_ratio": 59.12,
            "inventory_turnover_ratio": 1.94,
            "account_receivable_turnover_ratio": 1.09,
            "reinvestment_rate": 99.9,
            "research_to_sale_ratio": 0.06,
            "price_fair": 66.7,
            "eps_avg_yearly": 1.91,
            "eps_latest_yearly": 2.04,
            "eps_growth_yearly": 73.08
        },
        "20122": {
            "year_quarter": 20122,
            "year": 2012,
            "quarter": 2,
            "eps": 0.35,
            "eps_growth_year": -50.56,
            "eps_4q": 2.09,
            "eps_4q_growth_year": -17.11,
            "roe": 1.7,
            "roe_4q": 10.26,
            "gross_profit": 353828,
            "gross_margin": 5.46,
            "gross_margin_4q_avg": 5.16,
            "net_income": 74272,
            "revenue": 6481717,
            "common_shares": 2134035,
            "book_valuer_per_share": 19.5,
            "book_valuer_per_share_4q_avg": 20.5,
            "equity": 4164229,
            "current_ratio": 170.84,
            "debt_ratio": 63.26,
            "inventory_turnover_ratio": 1.92,
            "account_receivable_turnover_ratio": 1.17,
            "reinvestment_rate": 98.54,
            "research_to_sale_ratio": 0.08,
            "price_fair": 68.1,
            "eps_avg_yearly": 1.95,
            "eps_latest_yearly": 1.4,
            "eps_growth_yearly": 64.11
        },
        "20123": {
            "year_quarter": 20123,
            "year": 2012,
            "quarter": 3,
            "eps": 0.38,
            "eps_growth_year": -52.69,
            "eps_4q": 1.67,
            "eps_4q_growth_year": -35.22,
            "roe": 1.93,
            "roe_4q": 8.18,
            "gross_profit": 356586,
            "gross_margin": 4.62,
            "gross_margin_4q_avg": 5.03,
            "net_income": 80943,
            "revenue": 7725967,
            "common_shares": 2134035,
            "book_valuer_per_share": 19.83,
            "book_valuer_per_share_4q_avg": 20.37,
            "equity": 4233706,
            "current_ratio": 161.64,
            "debt_ratio": 65.87,
            "inventory_turnover_ratio": 1.99,
            "account_receivable_turnover_ratio": 1.27,
            "reinvestment_rate": 98.43,
            "research_to_sale_ratio": 0.06,
            "price_fair": 66.9,
            "eps_avg_yearly": 1.91,
            "eps_latest_yearly": 1.52,
            "eps_growth_yearly": 27.11
        },
        "20124": {
            "year_quarter": 20124,
            "year": 2012,
            "quarter": 4,
            "eps": 0.27,
            "eps_growth_year": -38.8,
            "eps_4q": 1.5,
            "eps_4q_growth_year": -42.04,
            "roe": 1.35,
            "roe_4q": 7.380000000000001,
            "gross_profit": 316136,
            "gross_margin": 3.98,
            "gross_margin_4q_avg": 5.03,
            "net_income": 57684,
            "revenue": 7934387,
            "common_shares": 2134234,
            "book_valuer_per_share": 20.19,
            "book_valuer_per_share_4q_avg": 20.26,
            "equity": 4311079,
            "current_ratio": 171.25,
            "debt_ratio": 63.09,
            "inventory_turnover_ratio": 1.93,
            "account_receivable_turnover_ratio": 1.3,
            "reinvestment_rate": 90.88,
            "research_to_sale_ratio": 0.06,
            "price_fair": 68.2,
            "eps_avg_yearly": 1.95,
            "eps_latest_yearly": 1.08,
            "eps_growth_yearly": 39.41
        },
        "20131": {
            "year_quarter": 20131,
            "year": 2013,
            "quarter": 1,
            "eps": 0.54,
            "eps_growth_year": 5.88,
            "eps_4q": 1.54,
            "eps_4q_growth_year": -37.31,
            "roe": 2.63,
            "roe_4q": 7.61,
            "gross_profit": 356467,
            "gross_margin": 4.94,
            "gross_margin_4q_avg": 4.75,
            "net_income": 114950,
            "revenue": 7216942,
            "common_shares": 2134826,
            "book_valuer_per_share": 20.71,
            "book_valuer_per_share_4q_avg": 20.06,
            "equity": 4422200,
            "current_ratio": 179.78,
            "debt_ratio": 61.13,
            "inventory_turnover_ratio": 1.87,
            "account_receivable_turnover_ratio": 1.31,
            "reinvestment_rate": 14.28,
            "research_to_sale_ratio": 0.06,
            "price_fair": 70.8,
            "eps_avg_yearly": 2.02,
            "eps_latest_yearly": 2.16,
            "eps_growth_yearly": 39.41
        },
        "20132": {
            "year_quarter": 20132,
            "year": 2013,
            "quarter": 2,
            "eps": 0.49,
            "eps_growth_year": 40.63,
            "eps_4q": 1.67,
            "eps_4q_growth_year": -20.08,
            "roe": 2.37,
            "roe_4q": 8.28,
            "gross_profit": 340733,
            "gross_margin": 4.94,
            "gross_margin_4q_avg": 4.62,
            "net_income": 103820,
            "revenue": 6900392,
            "common_shares": 2134826,
            "book_valuer_per_share": 20.27,
            "book_valuer_per_share_4q_avg": 20.25,
            "equity": 4328060,
            "current_ratio": 163.82,
            "debt_ratio": 65.28,
            "inventory_turnover_ratio": 1.76,
            "account_receivable_turnover_ratio": 1.26,
            "reinvestment_rate": 20.73,
            "research_to_sale_ratio": 0.07,
            "price_fair": 59.84,
            "eps_avg_yearly": 2.03,
            "eps_latest_yearly": 1.96,
            "eps_growth_yearly": 19.41
        },
        "20133": {
            "year_quarter": 20133,
            "year": 2013,
            "quarter": 3,
            "eps": 0.39,
            "eps_growth_year": 2.89,
            "eps_4q": 1.68,
            "eps_4q_growth_year": 0.56,
            "roe": 1.87,
            "roe_4q": 8.22,
            "gross_profit": 356700,
            "gross_margin": 4.7,
            "gross_margin_4q_avg": 4.64,
            "net_income": 82986,
            "revenue": 7581464,
            "common_shares": 2135484,
            "book_valuer_per_share": 21.18,
            "book_valuer_per_share_4q_avg": 20.59,
            "equity": 4524410,
            "current_ratio": 168.01,
            "debt_ratio": 63.67,
            "inventory_turnover_ratio": 1.81,
            "account_receivable_turnover_ratio": 1.32,
            "reinvestment_rate": 20.22,
            "research_to_sale_ratio": 0.07,
            "price_fair": 38.22,
            "eps_avg_yearly": 2,
            "eps_latest_yearly": 1.56,
            "eps_growth_yearly": 9.14
        },
        "20134": {
            "year_quarter": 20134,
            "year": 2013,
            "quarter": 4,
            "eps": -0.34,
            "eps_growth_year": -224.75,
            "eps_4q": 1.07,
            "eps_4q_growth_year": -28.43,
            "roe": -1.6,
            "roe_4q": 5.27,
            "gross_profit": 141147,
            "gross_margin": 1.67,
            "gross_margin_4q_avg": 4.06,
            "net_income": -72012,
            "revenue": 8428003,
            "common_shares": 2135839,
            "book_valuer_per_share": 20.9,
            "book_valuer_per_share_4q_avg": 20.77,
            "equity": 4464593,
            "current_ratio": 161.69,
            "debt_ratio": 66.13,
            "inventory_turnover_ratio": 2.17,
            "account_receivable_turnover_ratio": 1.35,
            "reinvestment_rate": -60.79,
            "research_to_sale_ratio": 0.05,
            "price_fair": 68.96,
            "eps_avg_yearly": 2.06,
            "eps_latest_yearly": 1.56,
            "eps_growth_yearly": 23.45
        },
        "20141": {
            "year_quarter": 20141,
            "year": 2014,
            "quarter": 1,
            "eps": 0.45,
            "eps_growth_year": -16.67,
            "eps_4q": 0.99,
            "eps_4q_growth_year": -35.48,
            "roe": 2.13,
            "roe_4q": 4.77,
            "gross_profit": 352421,
            "gross_margin": 5.08,
            "gross_margin_4q_avg": 4.1,
            "net_income": 97116,
            "revenue": 6943002,
            "common_shares": 2137124,
            "book_valuer_per_share": 21.87,
            "book_valuer_per_share_4q_avg": 21.06,
            "equity": 4674967,
            "current_ratio": 165.83,
            "debt_ratio": 63.12,
            "inventory_turnover_ratio": 1.81,
            "account_receivable_turnover_ratio": 1.09,
            "reinvestment_rate": 15.38,
            "research_to_sale_ratio": null,
            "price_fair": 68.96,
            "eps_avg_yearly": 2.06,
            "eps_latest_yearly": 1.56,
            "eps_growth_yearly": 23.45
        },
        "20142": {
            "year_quarter": 20142,
            "year": 2014,
            "quarter": 2,
            "eps": 0.37,
            "eps_growth_year": -24.49,
            "eps_4q": 0.88,
            "eps_4q_growth_year": -47.55,
            "roe": 1.7,
            "roe_4q": 4.1,
            "gross_profit": 327050,
            "gross_margin": 4.54,
            "gross_margin_4q_avg": 4,
            "net_income": 79812,
            "revenue": 7207812,
            "common_shares": 2137424,
            "book_valuer_per_share": 22.07,
            "book_valuer_per_share_4q_avg": 21.51,
            "equity": 4718376,
            "current_ratio": 145.55,
            "debt_ratio": 65.27,
            "inventory_turnover_ratio": 1.84,
            "account_receivable_turnover_ratio": 1.15,
            "reinvestment_rate": -81.29,
            "research_to_sale_ratio": null,
            "price_fair": 53.93,
            "eps_avg_yearly": 2.02,
            "eps_latest_yearly": 1.48,
            "eps_growth_yearly": 16.7
        },
        "20143": {
            "year_quarter": 20143,
            "year": 2014,
            "quarter": 3,
            "eps": 0.42,
            "eps_growth_year": 7.69,
            "eps_4q": 0.91,
            "eps_4q_growth_year": -46.14,
            "roe": 1.86,
            "roe_4q": 4.09,
            "gross_profit": 395307,
            "gross_margin": 5.31,
            "gross_margin_4q_avg": 4.15,
            "net_income": 88902,
            "revenue": 7448917,
            "common_shares": 2137586,
            "book_valuer_per_share": 22.6,
            "book_valuer_per_share_4q_avg": 21.86,
            "equity": 4831785,
            "current_ratio": 144.3,
            "debt_ratio": 65.98,
            "inventory_turnover_ratio": 1.73,
            "account_receivable_turnover_ratio": 1.15,
            "reinvestment_rate": -81.7,
            "research_to_sale_ratio": null,
            "price_fair": 27.9,
            "eps_avg_yearly": 1.93,
            "eps_latest_yearly": 1.68,
            "eps_growth_yearly": 4.49
        },
        "20144": {
            "year_quarter": 20144,
            "year": 2014,
            "quarter": 4,
            "eps": 0.46,
            "eps_growth_year": null,
            "eps_4q": 1.71,
            "eps_4q_growth_year": 58.83,
            "roe": 2.02,
            "roe_4q": 7.71,
            "gross_profit": 394021,
            "gross_margin": 6.22,
            "gross_margin_4q_avg": 5.29,
            "net_income": 99210,
            "revenue": 6331467,
            "common_shares": 2137999,
            "book_valuer_per_share": 23.3,
            "book_valuer_per_share_4q_avg": 22.46,
            "equity": 4980562,
            "current_ratio": 148.68,
            "debt_ratio": 64,
            "inventory_turnover_ratio": 1.39,
            "account_receivable_turnover_ratio": 1.02,
            "reinvestment_rate": -85.17,
            "research_to_sale_ratio": null,
            "price_fair": 56.86,
            "eps_avg_yearly": 1.93,
            "eps_latest_yearly": 1.84,
            "eps_growth_yearly": 19.4
        },
        "20151": {
            "year_quarter": 20151,
            "year": 2015,
            "quarter": 1,
            "eps": 0.48,
            "eps_growth_year": 6.67,
            "eps_4q": 1.73,
            "eps_4q_growth_year": 74.59,
            "roe": 2.02,
            "roe_4q": 7.6000000000000005,
            "gross_profit": 392822,
            "gross_margin": 7.3,
            "gross_margin_4q_avg": 5.84,
            "net_income": 101917,
            "revenue": 5382345,
            "common_shares": 2137999,
            "book_valuer_per_share": 24,
            "book_valuer_per_share_4q_avg": 22.99,
            "equity": 5131748,
            "current_ratio": 157.62,
            "debt_ratio": 60.27,
            "inventory_turnover_ratio": 1.15,
            "account_receivable_turnover_ratio": 1,
            "reinvestment_rate": -93.13,
            "research_to_sale_ratio": null,
            "price_fair": 30.21,
            "eps_avg_yearly": 1.89,
            "eps_latest_yearly": 1.92,
            "eps_growth_yearly": 6.02
        },
        "20152": {
            "year_quarter": 20152,
            "year": 2015,
            "quarter": 2,
            "eps": 0.27,
            "eps_growth_year": -27.03,
            "eps_4q": 1.62,
            "eps_4q_growth_year": 84.86,
            "roe": 1.11,
            "roe_4q": 7.010000000000001,
            "gross_profit": 317150,
            "gross_margin": 5.11,
            "gross_margin_4q_avg": 5.99,
            "net_income": 56809,
            "revenue": 6207705,
            "common_shares": 2138249,
            "book_valuer_per_share": 23.78,
            "book_valuer_per_share_4q_avg": 23.42,
            "equity": 5084632,
            "current_ratio": 147.7,
            "debt_ratio": 64.69,
            "inventory_turnover_ratio": 1.3,
            "account_receivable_turnover_ratio": 1.15,
            "reinvestment_rate": -102.24,
            "research_to_sale_ratio": null,
            "price_fair": 5.29,
            "eps_avg_yearly": 1.76,
            "eps_latest_yearly": 1.08,
            "eps_growth_yearly": -8.68
        },
        "20153": {
            "year_quarter": 20153,
            "year": 2015,
            "quarter": 3,
            "eps": 0.41,
            "eps_growth_year": -2.38,
            "eps_4q": 1.62,
            "eps_4q_growth_year": 78.56,
            "roe": 1.71,
            "roe_4q": 6.859999999999999,
            "gross_profit": 438399,
            "gross_margin": 6.92,
            "gross_margin_4q_avg": 6.39,
            "net_income": 87857,
            "revenue": 6338135,
            "common_shares": 2138249,
            "book_valuer_per_share": 24.32,
            "book_valuer_per_share_4q_avg": 23.85,
            "equity": 5200614,
            "current_ratio": 149.76,
            "debt_ratio": 63.9,
            "inventory_turnover_ratio": 1.3,
            "account_receivable_turnover_ratio": 1.03,
            "reinvestment_rate": -113.15,
            "research_to_sale_ratio": null,
            "price_fair": 19.91,
            "eps_avg_yearly": 1.65,
            "eps_latest_yearly": 1.64,
            "eps_growth_yearly": 2.06
        },
        "20154": {
            "year_quarter": 20154,
            "year": 2015,
            "quarter": 4,
            "eps": 0.43,
            "eps_growth_year": -8.07,
            "eps_4q": 1.58,
            "eps_4q_growth_year": -7.44,
            "roe": 1.78,
            "roe_4q": 6.620000000000001,
            "gross_profit": 391371,
            "gross_margin": 6.85,
            "gross_margin_4q_avg": 6.55,
            "net_income": 91351,
            "revenue": 5715366,
            "common_shares": 2138249,
            "book_valuer_per_share": 23.75,
            "book_valuer_per_share_4q_avg": 23.96,
            "equity": 5077606,
            "current_ratio": 156.19,
            "debt_ratio": 60.99,
            "inventory_turnover_ratio": 1.28,
            "account_receivable_turnover_ratio": 0.94,
            "reinvestment_rate": -116.5,
            "research_to_sale_ratio": null,
            "price_fair": 43.37,
            "eps_avg_yearly": 1.65,
            "eps_latest_yearly": 1.72,
            "eps_growth_yearly": 16.31
        },
        "20161": {
            "year_quarter": 20161,
            "year": 2016,
            "quarter": 1,
            "eps": 0.52,
            "eps_growth_year": 8.33,
            "eps_4q": 1.63,
            "eps_4q_growth_year": -5.91,
            "roe": 2.19,
            "roe_4q": 6.79,
            "gross_profit": 360213,
            "gross_margin": 6.9,
            "gross_margin_4q_avg": 6.45,
            "net_income": 112006,
            "revenue": 5219799,
            "common_shares": 2138249,
            "book_valuer_per_share": 23.99,
            "book_valuer_per_share_4q_avg": 23.96,
            "equity": 5130593,
            "current_ratio": 162.9,
            "debt_ratio": 58.43,
            "inventory_turnover_ratio": 1.25,
            "account_receivable_turnover_ratio": 0.99,
            "reinvestment_rate": -115.51,
            "research_to_sale_ratio": null,
            "price_fair": 45.82,
            "eps_avg_yearly": 1.65,
            "eps_latest_yearly": 2.08,
            "eps_growth_yearly": 17.74
        },
        "20162": {
            "year_quarter": 20162,
            "year": 2016,
            "quarter": 2,
            "eps": 0.23,
            "eps_growth_year": -14.81,
            "eps_4q": 1.59,
            "eps_4q_growth_year": -1.88,
            "roe": 1,
            "roe_4q": 6.68,
            "gross_profit": 313355,
            "gross_margin": 5.71,
            "gross_margin_4q_avg": 6.6,
            "net_income": 49265,
            "revenue": 5484632,
            "common_shares": 2138249,
            "book_valuer_per_share": 22.06,
            "book_valuer_per_share_4q_avg": 23.53,
            "equity": 4717835,
            "current_ratio": 154.38,
            "debt_ratio": 61.58,
            "inventory_turnover_ratio": 1.34,
            "account_receivable_turnover_ratio": 1.11,
            "reinvestment_rate": -117.91,
            "research_to_sale_ratio": null,
            "price_fair": 33.59,
            "eps_avg_yearly": 1.62,
            "eps_latest_yearly": 0.92,
            "eps_growth_yearly": 10.77
        },
        "20163": {
            "year_quarter": 20163,
            "year": 2016,
            "quarter": 3,
            "eps": 0.28,
            "eps_growth_year": -31.71,
            "eps_4q": 1.46,
            "eps_4q_growth_year": -9.79,
            "roe": 1.26,
            "roe_4q": 6.2299999999999995,
            "gross_profit": 296693,
            "gross_margin": 5.04,
            "gross_margin_4q_avg": 6.13,
            "net_income": 59449,
            "revenue": 5884204,
            "common_shares": 2138249,
            "book_valuer_per_share": 21.92,
            "book_valuer_per_share_4q_avg": 22.93,
            "equity": 4687420,
            "current_ratio": 152.56,
            "debt_ratio": 62.46,
            "inventory_turnover_ratio": 1.49,
            "account_receivable_turnover_ratio": 1.11,
            "reinvestment_rate": -119.17,
            "research_to_sale_ratio": null,
            "price_fair": 38.98,
            "eps_avg_yearly": 1.59,
            "eps_latest_yearly": 1.12,
            "eps_growth_yearly": 14.54
        },
        "20164": {
            "year_quarter": 20164,
            "year": 2016,
            "quarter": 4,
            "eps": 0.34,
            "eps_growth_year": -21.32,
            "eps_4q": 1.37,
            "eps_4q_growth_year": -13.42,
            "roe": 1.52,
            "roe_4q": 5.970000000000001,
            "gross_profit": 360909,
            "gross_margin": 6.36,
            "gross_margin_4q_avg": 6,
            "net_income": 71876,
            "revenue": 5678133,
            "common_shares": 2138249,
            "book_valuer_per_share": 22.2,
            "book_valuer_per_share_4q_avg": 22.54,
            "equity": 4746923,
            "current_ratio": 152.34,
            "debt_ratio": 62.57,
            "inventory_turnover_ratio": 1.37,
            "account_receivable_turnover_ratio": 1.05,
            "reinvestment_rate": -109.82,
            "research_to_sale_ratio": null,
            "price_fair": 56.3,
            "eps_avg_yearly": 1.61,
            "eps_latest_yearly": 1.36,
            "eps_growth_yearly": 28.93
        },
        "20171": {
            "year_quarter": 20171,
            "year": 2017,
            "quarter": 1,
            "eps": 0.33,
            "eps_growth_year": -36.54,
            "eps_4q": 1.18,
            "eps_4q_growth_year": -27.59,
            "roe": 1.49,
            "roe_4q": 5.27,
            "gross_profit": 314463,
            "gross_margin": 5.99,
            "gross_margin_4q_avg": 5.78,
            "net_income": 71429,
            "revenue": 5248428,
            "common_shares": 2138249,
            "book_valuer_per_share": 22.51,
            "book_valuer_per_share_4q_avg": 22.17,
            "equity": 4813073,
            "current_ratio": 148.7,
            "debt_ratio": 64.36,
            "inventory_turnover_ratio": 1.07,
            "account_receivable_turnover_ratio": 1,
            "reinvestment_rate": -9.92,
            "research_to_sale_ratio": null,
            "price_fair": 4.65,
            "eps_avg_yearly": 1.55,
            "eps_latest_yearly": 1.32,
            "eps_growth_yearly": -0.48
        },
        "20172": {
            "year_quarter": 20172,
            "year": 2017,
            "quarter": 2,
            "eps": 0.36,
            "eps_growth_year": 56.52,
            "eps_4q": 1.31,
            "eps_4q_growth_year": -17.99,
            "roe": 1.64,
            "roe_4q": 5.91,
            "gross_profit": 325936,
            "gross_margin": 4.96,
            "gross_margin_4q_avg": 5.59,
            "net_income": 76481,
            "revenue": 6573332,
            "common_shares": 2138249,
            "book_valuer_per_share": 21.01,
            "book_valuer_per_share_4q_avg": 21.91,
            "equity": 4492904,
            "current_ratio": 141.55,
            "debt_ratio": 67.63,
            "inventory_turnover_ratio": 1.3,
            "account_receivable_turnover_ratio": 1.19,
            "reinvestment_rate": -19.25,
            "research_to_sale_ratio": null,
            "price_fair": 22.31,
            "eps_avg_yearly": 1.51,
            "eps_latest_yearly": 1.44,
            "eps_growth_yearly": 4.76
        },
        "20173": {
            "year_quarter": 20173,
            "year": 2017,
            "quarter": 3,
            "eps": 0.76,
            "eps_growth_year": 171.43,
            "eps_4q": 1.79,
            "eps_4q_growth_year": 22.54,
            "roe": 3.51,
            "roe_4q": 8.16,
            "gross_profit": 427428,
            "gross_margin": 5.32,
            "gross_margin_4q_avg": 5.66,
            "net_income": 162710,
            "revenue": 8034320,
            "common_shares": 2138249,
            "book_valuer_per_share": 22.18,
            "book_valuer_per_share_4q_avg": 21.98,
            "equity": 4778868,
            "current_ratio": 142.58,
            "debt_ratio": 67.33,
            "inventory_turnover_ratio": 1.6,
            "account_receivable_turnover_ratio": 1.3,
            "reinvestment_rate": -17.01,
            "research_to_sale_ratio": null,
            "price_fair": 56.6,
            "eps_avg_yearly": 1.62,
            "eps_latest_yearly": 3.04,
            "eps_growth_yearly": 42.34
        },
        "20174": {
            "year_quarter": 20174,
            "year": 2017,
            "quarter": 4,
            "eps": 0.57,
            "eps_growth_year": 69.67,
            "eps_4q": 2.02,
            "eps_4q_growth_year": 47.81,
            "roe": 2.53,
            "roe_4q": 9.169999999999998,
            "gross_profit": 409927,
            "gross_margin": 5.31,
            "gross_margin_4q_avg": 5.4,
            "net_income": 121435,
            "revenue": 7719858,
            "common_shares": 2138249,
            "book_valuer_per_share": 22.36,
            "book_valuer_per_share_4q_avg": 22.02,
            "equity": 4817514,
            "current_ratio": 141.27,
            "debt_ratio": 67.9,
            "inventory_turnover_ratio": 1.39,
            "account_receivable_turnover_ratio": 1.2,
            "reinvestment_rate": -8.3,
            "research_to_sale_ratio": null,
            "price_fair": 58.15,
            "eps_avg_yearly": 1.66,
            "eps_latest_yearly": 2.28,
            "eps_growth_yearly": 32.85
        },
        "20181": {
            "year_quarter": 20181,
            "year": 2018,
            "quarter": 1,
            "eps": 0.44,
            "eps_growth_year": 33.33,
            "eps_4q": 2.13,
            "eps_4q_growth_year": 80.9,
            "roe": 1.99,
            "roe_4q": 9.67,
            "gross_profit": 373598,
            "gross_margin": 5.37,
            "gross_margin_4q_avg": 5.24,
            "net_income": 95718,
            "revenue": 6953714,
            "common_shares": 2138249,
            "book_valuer_per_share": 22.38,
            "book_valuer_per_share_4q_avg": 21.98,
            "equity": 4820982,
            "current_ratio": 140.72,
            "debt_ratio": 68.37,
            "inventory_turnover_ratio": 1.19,
            "account_receivable_turnover_ratio": 1.07,
            "reinvestment_rate": -21.32,
            "research_to_sale_ratio": null,
            "price_fair": 58.36,
            "eps_avg_yearly": 1.67,
            "eps_latest_yearly": 1.76,
            "eps_growth_yearly": 25.09
        },
        "20182": {
            "year_quarter": 20182,
            "year": 2018,
            "quarter": 2,
            "eps": 0.43,
            "eps_growth_year": 19.44,
            "eps_4q": 2.2,
            "eps_4q_growth_year": 68.68,
            "roe": 1.98,
            "roe_4q": 10.01,
            "gross_profit": 451648,
            "gross_margin": 6.15,
            "gross_margin_4q_avg": 5.54,
            "net_income": 92278,
            "revenue": 7346172,
            "common_shares": 2138249,
            "book_valuer_per_share": 20.83,
            "book_valuer_per_share_4q_avg": 21.94,
            "equity": 4492799,
            "current_ratio": 134.18,
            "debt_ratio": 72.11,
            "inventory_turnover_ratio": 1.17,
            "account_receivable_turnover_ratio": 1.09,
            "reinvestment_rate": -21.68,
            "research_to_sale_ratio": null,
            "price_fair": 58.89,
            "eps_avg_yearly": 1.68,
            "eps_latest_yearly": 1.72,
            "eps_growth_yearly": 28.97
        },
        "20183": {
            "year_quarter": 20183,
            "year": 2018,
            "quarter": 3,
            "eps": 0.71,
            "eps_growth_year": -6.58,
            "eps_4q": 2.15,
            "eps_4q_growth_year": 20.23,
            "roe": 3.27,
            "roe_4q": 9.77,
            "gross_profit": 533399,
            "gross_margin": 6.28,
            "gross_margin_4q_avg": 5.78,
            "net_income": 148096,
            "revenue": 8489303,
            "common_shares": 2138249,
            "book_valuer_per_share": 21.13,
            "book_valuer_per_share_4q_avg": 21.68,
            "equity": 4551834,
            "current_ratio": 133.3,
            "debt_ratio": 72.81,
            "inventory_turnover_ratio": 1.3,
            "account_receivable_turnover_ratio": 1.17,
            "reinvestment_rate": -20.72,
            "research_to_sale_ratio": null,
            "price_fair": 61.43,
            "eps_avg_yearly": 1.76,
            "eps_latest_yearly": 2.84,
            "eps_growth_yearly": 41.87
        },
        "20184": {
            "year_quarter": 20184,
            "year": 2018,
            "quarter": 4,
            "eps": 0.32,
            "eps_growth_year": -43.56,
            "eps_4q": 1.9,
            "eps_4q_growth_year": -5.98,
            "roe": 1.64,
            "roe_4q": 8.88,
            "gross_profit": 454464,
            "gross_margin": 5.48,
            "gross_margin_4q_avg": 5.82,
            "net_income": 72944,
            "revenue": 8290678,
            "common_shares": 2138249,
            "book_valuer_per_share": 20.42,
            "book_valuer_per_share_4q_avg": 21.19,
            "equity": 4366352,
            "current_ratio": 131.3,
            "debt_ratio": 73.88,
            "inventory_turnover_ratio": 1.33,
            "account_receivable_turnover_ratio": 1.04,
            "reinvestment_rate": -21.94,
            "research_to_sale_ratio": null,
            "price_fair": 60.2,
            "eps_avg_yearly": 1.72,
            "eps_latest_yearly": 1.28,
            "eps_growth_yearly": 25.76
        },
        "20191": {
            "year_quarter": 20191,
            "year": 2019,
            "quarter": 1,
            "eps": 0.35,
            "eps_growth_year": -20.45,
            "eps_4q": 1.81,
            "eps_4q_growth_year": -15.16,
            "roe": 1.67,
            "roe_4q": 8.56,
            "gross_profit": 405703,
            "gross_margin": 6.25,
            "gross_margin_4q_avg": 6.04,
            "net_income": 74962,
            "revenue": 6492099,
            "common_shares": 2138249,
            "book_valuer_per_share": 21.6,
            "book_valuer_per_share_4q_avg": 21,
            "equity": 4617908,
            "current_ratio": 138.88,
            "debt_ratio": 69.65,
            "inventory_turnover_ratio": 1.13,
            "account_receivable_turnover_ratio": 0.85,
            "reinvestment_rate": -21.73,
            "research_to_sale_ratio": null,
            "price_fair": 59.06,
            "eps_avg_yearly": 1.69,
            "eps_latest_yearly": 1.4,
            "eps_growth_yearly": 27.01
        },
        "20192": {
            "year_quarter": 20192,
            "year": 2019,
            "quarter": 2,
            "eps": 0.25,
            "eps_growth_year": -41.86,
            "eps_4q": 1.63,
            "eps_4q_growth_year": -26.06,
            "roe": 1.2,
            "roe_4q": 7.779999999999999,
            "gross_profit": 386595,
            "gross_margin": 6.02,
            "gross_margin_4q_avg": 6.01,
            "net_income": 53071,
            "revenue": 6420929,
            "common_shares": 2138249,
            "book_valuer_per_share": 19.9,
            "book_valuer_per_share_4q_avg": 20.76,
            "equity": 4256096,
            "current_ratio": 138.92,
            "debt_ratio": 69.32,
            "inventory_turnover_ratio": 1.22,
            "account_receivable_turnover_ratio": 0.94,
            "reinvestment_rate": -19.62,
            "research_to_sale_ratio": null,
            "price_fair": 58.89,
            "eps_avg_yearly": 1.68,
            "eps_latest_yearly": 1,
            "eps_growth_yearly": 30.81
        },
        "20193": {
            "year_quarter": 20193,
            "year": 2019,
            "quarter": 3,
            "eps": 0.41,
            "eps_growth_year": -42.25,
            "eps_4q": 1.33,
            "eps_4q_growth_year": -38.24,
            "roe": 2,
            "roe_4q": 6.51,
            "gross_profit": 373075,
            "gross_margin": 5.2,
            "gross_margin_4q_avg": 5.74,
            "net_income": 87082,
            "revenue": 7178683,
            "common_shares": 2138249,
            "book_valuer_per_share": 20.85,
            "book_valuer_per_share_4q_avg": 20.69,
            "equity": 4459193,
            "current_ratio": 139.73,
            "debt_ratio": 69.06,
            "inventory_turnover_ratio": 1.48,
            "account_receivable_turnover_ratio": 1.06,
            "reinvestment_rate": -20.4,
            "research_to_sale_ratio": null,
            "price_fair": 58.89,
            "eps_avg_yearly": 1.68,
            "eps_latest_yearly": 1.64,
            "eps_growth_yearly": 33.84
        },
        "20194": {
            "year_quarter": 20194,
            "year": 2019,
            "quarter": 4,
            "eps": 0.07,
            "eps_growth_year": -77.53,
            "eps_4q": 1.08,
            "eps_4q_growth_year": -43.3,
            "roe": 0.35,
            "roe_4q": 5.22,
            "gross_profit": 318416,
            "gross_margin": 4.61,
            "gross_margin_4q_avg": 5.52,
            "net_income": 15466,
            "revenue": 6901158,
            "common_shares": 2138249,
            "book_valuer_per_share": 20.6,
            "book_valuer_per_share_4q_avg": 20.74,
            "equity": 4405708,
            "current_ratio": 139.77,
            "debt_ratio": 69.03,
            "inventory_turnover_ratio": 1.56,
            "account_receivable_turnover_ratio": 0.97,
            "reinvestment_rate": -21.49,
            "research_to_sale_ratio": null,
            "price_fair": 34.87,
            "eps_avg_yearly": 1.59,
            "eps_latest_yearly": 0.28,
            "eps_growth_yearly": 11.89
        },
        "20201": {
            "year_quarter": 20201,
            "year": 2020,
            "quarter": 1,
            "eps": 0.24,
            "eps_growth_year": -31.43,
            "eps_4q": 0.97,
            "eps_4q_growth_year": -46.52,
            "roe": 1.15,
            "roe_4q": 4.7,
            "gross_profit": 341959,
            "gross_margin": 5.5,
            "gross_margin_4q_avg": 5.33,
            "net_income": 51221,
            "revenue": 6221559,
            "common_shares": 2138249,
            "book_valuer_per_share": 21.23,
            "book_valuer_per_share_4q_avg": 20.65,
            "equity": 4540067,
            "current_ratio": 141.08,
            "debt_ratio": 68.74,
            "inventory_turnover_ratio": 1.38,
            "account_receivable_turnover_ratio": 0.89,
            "reinvestment_rate": -22.23,
            "research_to_sale_ratio": null,
            "price_fair": 53.29,
            "eps_avg_yearly": 1.52,
            "eps_latest_yearly": 0.96,
            "eps_growth_yearly": 67.38
        },
        "20202": {
            "year_quarter": 20202,
            "year": 2020,
            "quarter": 2,
            "eps": 0.65,
            "eps_growth_year": 160,
            "eps_4q": 1.37,
            "eps_4q_growth_year": -15.85,
            "roe": 2.97,
            "roe_4q": 6.47,
            "gross_profit": 379368,
            "gross_margin": 5.26,
            "gross_margin_4q_avg": 5.14,
            "net_income": 139278,
            "revenue": 7210819,
            "common_shares": 2138249,
            "book_valuer_per_share": 22.6,
            "book_valuer_per_share_4q_avg": 21.32,
            "equity": 4831610,
            "current_ratio": 141.44,
            "debt_ratio": 68.65,
            "inventory_turnover_ratio": 1.42,
            "account_receivable_turnover_ratio": 1.06,
            "reinvestment_rate": -21.06,
            "research_to_sale_ratio": null,
            "price_fair": 56.96,
            "eps_avg_yearly": 1.63,
            "eps_latest_yearly": 2.6,
            "eps_growth_yearly": 124.03
        },
        "20203": {
            "year_quarter": 20203,
            "year": 2020,
            "quarter": 3,
            "eps": 0.69,
            "eps_growth_year": 68.29,
            "eps_4q": 1.66,
            "eps_4q_growth_year": 24.68,
            "roe": 3.1,
            "roe_4q": 7.57,
            "gross_profit": 440331,
            "gross_margin": 4.08,
            "gross_margin_4q_avg": 4.86,
            "net_income": 148058,
            "revenue": 10789823,
            "common_shares": 2138249,
            "book_valuer_per_share": 22.12,
            "book_valuer_per_share_4q_avg": 21.64,
            "equity": 4729480,
            "current_ratio": 135.73,
            "debt_ratio": 71.63,
            "inventory_turnover_ratio": 2.12,
            "account_receivable_turnover_ratio": 1.38,
            "reinvestment_rate": -18.49,
            "research_to_sale_ratio": null,
            "price_fair": 60.55,
            "eps_avg_yearly": 1.73,
            "eps_latest_yearly": 2.76,
            "eps_growth_yearly": 120.13
        },
        "20204": {
            "year_quarter": 20204,
            "year": 2020,
            "quarter": 4,
            "eps": 0.62,
            "eps_growth_year": 762.98,
            "eps_4q": 2.21,
            "eps_4q_growth_year": 104.71,
            "roe": 2.8,
            "roe_4q": 10.020000000000001,
            "gross_profit": 459528,
            "gross_margin": 4.51,
            "gross_margin_4q_avg": 4.84,
            "net_income": 133468,
            "revenue": 10178968,
            "common_shares": 2138249,
            "book_valuer_per_share": 22.46,
            "book_valuer_per_share_4q_avg": 22.1,
            "equity": 4801558,
            "current_ratio": 129.82,
            "debt_ratio": 75.11,
            "inventory_turnover_ratio": 1.8,
            "account_receivable_turnover_ratio": 1.12,
            "reinvestment_rate": -17.28,
            "research_to_sale_ratio": null,
            "price_fair": 63,
            "eps_avg_yearly": 1.8,
            "eps_latest_yearly": 2.48,
            "eps_growth_yearly": 112.24
        },
        "20211": {
            "year_quarter": 20211,
            "year": 2021,
            "quarter": 1,
            "eps": 0.9,
            "eps_growth_year": 275,
            "eps_4q": 2.87,
            "eps_4q_growth_year": 196.54,
            "roe": 4.1,
            "roe_4q": 12.97,
            "gross_profit": 555900,
            "gross_margin": 5.31,
            "gross_margin_4q_avg": 4.79,
            "net_income": 192557,
            "revenue": 10468073,
            "common_shares": 2138249,
            "book_valuer_per_share": 21.47,
            "book_valuer_per_share_4q_avg": 22.16,
            "equity": 4591542,
            "current_ratio": 124.1,
            "debt_ratio": 74.66,
            "inventory_turnover_ratio": 1.66,
            "account_receivable_turnover_ratio": 1.12,
            "reinvestment_rate": -15.06,
            "research_to_sale_ratio": null,
            "price_fair": 67.99,
            "eps_avg_yearly": 1.94,
            "eps_latest_yearly": 3.6,
            "eps_growth_yearly": 124.26
        },
        "20212": {
            "year_quarter": 20212,
            "year": 2021,
            "quarter": 2,
            "eps": 1.15,
            "eps_growth_year": 76.92,
            "eps_4q": 3.37,
            "eps_4q_growth_year": 145.73,
            "roe": 5.26,
            "roe_4q": 15.26,
            "gross_profit": 642843,
            "gross_margin": 6.2,
            "gross_margin_4q_avg": 5.03,
            "net_income": 246034,
            "revenue": 10371851,
            "common_shares": 2138249,
            "book_valuer_per_share": 22.24,
            "book_valuer_per_share_4q_avg": 22.07,
            "equity": 4754732,
            "current_ratio": 124.01,
            "debt_ratio": 75.03,
            "inventory_turnover_ratio": 1.62,
            "account_receivable_turnover_ratio": 1.11,
            "reinvestment_rate": -13.8,
            "research_to_sale_ratio": null,
            "price_fair": 74.9,
            "eps_avg_yearly": 2.14,
            "eps_latest_yearly": 4.6,
            "eps_growth_yearly": 128.93
        },
        "20213": {
            "year_quarter": 20213,
            "year": 2021,
            "quarter": 3,
            "eps": 1.2,
            "eps_growth_year": 73.91,
            "eps_4q": 3.88,
            "eps_4q_growth_year": 134.22,
            "roe": 5.21,
            "roe_4q": 17.369999999999997,
            "gross_profit": 681797,
            "gross_margin": 6.26,
            "gross_margin_4q_avg": 5.57,
            "net_income": 257118,
            "revenue": 10892812,
            "common_shares": 2138249,
            "book_valuer_per_share": 23.88,
            "book_valuer_per_share_4q_avg": 22.51,
            "equity": 5107130,
            "current_ratio": 130.14,
            "debt_ratio": 74.55,
            "inventory_turnover_ratio": 1.55,
            "account_receivable_turnover_ratio": 1.13,
            "reinvestment_rate": -12.96,
            "research_to_sale_ratio": null,
            "price_fair": 78.75,
            "eps_avg_yearly": 2.25,
            "eps_latest_yearly": 4.8,
            "eps_growth_yearly": 102.24
        },
        "20214": {
            "year_quarter": 20214,
            "year": 2021,
            "quarter": 4,
            "eps": 0.85,
            "eps_growth_year": 36.36,
            "eps_4q": 4.1,
            "eps_4q_growth_year": 85.95,
            "roe": 3.5,
            "roe_4q": 18.07,
            "gross_profit": 606306,
            "gross_margin": 5.88,
            "gross_margin_4q_avg": 5.91,
            "net_income": 182001,
            "revenue": 10311990,
            "common_shares": 2138249,
            "book_valuer_per_share": 24.75,
            "book_valuer_per_share_4q_avg": 23.09,
            "equity": 5292232,
            "current_ratio": 128.29,
            "debt_ratio": 75.71,
            "inventory_turnover_ratio": 1.26,
            "account_receivable_turnover_ratio": 1.06,
            "reinvestment_rate": -11.89,
            "research_to_sale_ratio": null,
            "price_fair": 81.2,
            "eps_avg_yearly": 2.32,
            "eps_latest_yearly": 3.4,
            "eps_growth_yearly": 101.2
        },
        "20221": {
            "year_quarter": 20221,
            "year": 2022,
            "quarter": 1,
            "eps": 1.1,
            "eps_growth_year": 22.22,
            "eps_4q": 4.27,
            "eps_4q_growth_year": 48.76,
            "roe": 4.64,
            "roe_4q": 18.61,
            "gross_profit": 678713,
            "gross_margin": 5.64,
            "gross_margin_4q_avg": 6,
            "net_income": 235719,
            "revenue": 12038194,
            "common_shares": 2138249,
            "book_valuer_per_share": 22.74,
            "book_valuer_per_share_4q_avg": 23.4,
            "equity": 4862119,
            "current_ratio": 122.52,
            "debt_ratio": 79.23,
            "inventory_turnover_ratio": 1.33,
            "account_receivable_turnover_ratio": 1.12,
            "reinvestment_rate": -2.06,
            "research_to_sale_ratio": null,
            "price_fair": 86.98,
            "eps_avg_yearly": 2.49,
            "eps_latest_yearly": 4.4,
            "eps_growth_yearly": 114.26
        },
        "20222": {
            "year_quarter": 20222,
            "year": 2022,
            "quarter": 2,
            "eps": 0.98,
            "eps_growth_year": -14.78,
            "eps_4q": 4.07,
            "eps_4q_growth_year": 20.93,
            "roe": 4.21,
            "roe_4q": 17.56,
            "gross_profit": 769201,
            "gross_margin": 7.18,
            "gross_margin_4q_avg": 6.24,
            "net_income": 211627,
            "revenue": 10706168,
            "common_shares": 2158938,
            "book_valuer_per_share": 24.02,
            "book_valuer_per_share_4q_avg": 23.85,
            "equity": 5185195,
            "current_ratio": 124.18,
            "debt_ratio": 78.91,
            "inventory_turnover_ratio": 1.04,
            "account_receivable_turnover_ratio": 0.94,
            "reinvestment_rate": -1.92,
            "research_to_sale_ratio": null,
            "price_fair": 91.79,
            "eps_avg_yearly": 2.62,
            "eps_latest_yearly": 3.92,
            "eps_growth_yearly": 112.1
        },
        "20223": {
            "year_quarter": 20223,
            "year": 2022,
            "quarter": 3,
            "eps": 0.65,
            "eps_growth_year": -45.83,
            "eps_4q": 3.53,
            "eps_4q_growth_year": -8.89,
            "roe": 2.67,
            "roe_4q": 15.02,
            "gross_profit": 636821,
            "gross_margin": 7.37,
            "gross_margin_4q_avg": 6.52,
            "net_income": 142276,
            "revenue": 8646156,
            "common_shares": 2176559,
            "book_valuer_per_share": 25.19,
            "book_valuer_per_share_4q_avg": 24.18,
            "equity": 5483793,
            "current_ratio": 127.81,
            "debt_ratio": 76.74,
            "inventory_turnover_ratio": 0.71,
            "account_receivable_turnover_ratio": 0.89,
            "reinvestment_rate": -1.49,
            "research_to_sale_ratio": null,
            "price_fair": 91.26,
            "eps_avg_yearly": 2.61,
            "eps_latest_yearly": 2.6,
            "eps_growth_yearly": 87.4
        },
        "20224": {
            "year_quarter": 20224,
            "year": 2022,
            "quarter": 4,
            "eps": 0.57,
            "eps_growth_year": -32.81,
            "eps_4q": 3.27,
            "eps_4q_growth_year": -20.32,
            "roe": 2.27,
            "roe_4q": 13.79,
            "gross_profit": 640465,
            "gross_margin": 7.42,
            "gross_margin_4q_avg": 6.9,
            "net_income": 124950,
            "revenue": 8632404,
            "common_shares": 2184054,
            "book_valuer_per_share": 25.28,
            "book_valuer_per_share_4q_avg": 24.31,
            "equity": 5521563,
            "current_ratio": 131.12,
            "debt_ratio": 74.59,
            "inventory_turnover_ratio": 0.7,
            "account_receivable_turnover_ratio": 1.06,
            "reinvestment_rate": -1.43,
            "research_to_sale_ratio": null,
            "price_fair": 93.45,
            "eps_avg_yearly": 2.67,
            "eps_latest_yearly": 2.28,
            "eps_growth_yearly": 98.05
        },
        "20231": {
            "year_quarter": 20231,
            "year": 2023,
            "quarter": 1,
            "eps": 0.52,
            "eps_growth_year": -52.73,
            "eps_4q": 2.68,
            "eps_4q_growth_year": -37.11,
            "roe": 2.14,
            "roe_4q": 11.29,
            "gross_profit": 593502,
            "gross_margin": 8.12,
            "gross_margin_4q_avg": 7.52,
            "net_income": 113708,
            "revenue": 7306466,
            "common_shares": 2184895,
            "book_valuer_per_share": 23.31,
            "book_valuer_per_share_4q_avg": 24.45,
            "equity": 5093394,
            "current_ratio": 128.31,
            "debt_ratio": 75.53,
            "inventory_turnover_ratio": 0.62,
            "account_receivable_turnover_ratio": 0.99,
            "reinvestment_rate": -1.59,
            "research_to_sale_ratio": null,
            "price_fair": 94.94,
            "eps_avg_yearly": 2.71,
            "eps_latest_yearly": 2.08,
            "eps_growth_yearly": 93.52
        }
    },
    "months": {
        "2002-08": {
            "month": "2002-08",
            "price": "34.62",
            "revenue": 448717
        },
        "2002-09": {
            "month": "2002-09",
            "price": "28.72",
            "revenue": 549619
        },
        "2002-10": {
            "month": "2002-10",
            "price": "25.95",
            "revenue": 617020
        },
        "2002-11": {
            "month": "2002-11",
            "price": "27.93",
            "revenue": 596371
        },
        "2002-12": {
            "month": "2002-12",
            "price": "26.44",
            "revenue": 538412
        },
        "2003-01": {
            "month": "2003-01",
            "price": "25.83",
            "revenue": 675318
        },
        "2003-02": {
            "month": "2003-02",
            "price": "24.48",
            "revenue": 503179
        },
        "2003-03": {
            "month": "2003-03",
            "price": "24.54",
            "revenue": 631791
        },
        "2003-04": {
            "month": "2003-04",
            "price": "26.71",
            "revenue": 667191
        },
        "2003-05": {
            "month": "2003-05",
            "price": "29.05",
            "revenue": 586156
        },
        "2003-06": {
            "month": "2003-06",
            "price": "31.29",
            "revenue": 607084
        },
        "2003-07": {
            "month": "2003-07",
            "price": "29.92",
            "revenue": 671116
        },
        "2003-08": {
            "month": "2003-08",
            "price": "28.47",
            "revenue": 764750
        },
        "2003-09": {
            "month": "2003-09",
            "price": "26.90",
            "revenue": 833927
        },
        "2003-10": {
            "month": "2003-10",
            "price": "26.78",
            "revenue": 870094
        },
        "2003-11": {
            "month": "2003-11",
            "price": "27.42",
            "revenue": 888149
        },
        "2003-12": {
            "month": "2003-12",
            "price": "27.08",
            "revenue": 847057
        },
        "2004-01": {
            "month": "2004-01",
            "price": "27.09",
            "revenue": 888805
        },
        "2004-02": {
            "month": "2004-02",
            "price": "28.48",
            "revenue": 758566
        },
        "2004-03": {
            "month": "2004-03",
            "price": "27.42",
            "revenue": 897372
        },
        "2004-04": {
            "month": "2004-04",
            "price": "27.53",
            "revenue": 917572
        },
        "2004-05": {
            "month": "2004-05",
            "price": "23.87",
            "revenue": 856748
        },
        "2004-06": {
            "month": "2004-06",
            "price": "22.81",
            "revenue": 815385
        },
        "2004-07": {
            "month": "2004-07",
            "price": "21.55",
            "revenue": 909909
        },
        "2004-08": {
            "month": "2004-08",
            "price": "21.11",
            "revenue": 996507
        },
        "2004-09": {
            "month": "2004-09",
            "price": "20.12",
            "revenue": 1104634
        },
        "2004-10": {
            "month": "2004-10",
            "price": "19.98",
            "revenue": 981594
        },
        "2004-11": {
            "month": "2004-11",
            "price": "18.62",
            "revenue": 997418
        },
        "2004-12": {
            "month": "2004-12",
            "price": "18.36",
            "revenue": 820560
        },
        "2005-01": {
            "month": "2005-01",
            "price": "16.10",
            "revenue": 915722
        },
        "2005-02": {
            "month": "2005-02",
            "price": "16.32",
            "revenue": 720780
        },
        "2005-03": {
            "month": "2005-03",
            "price": "16.34",
            "revenue": 922038
        },
        "2005-04": {
            "month": "2005-04",
            "price": "15.82",
            "revenue": 994772
        },
        "2005-05": {
            "month": "2005-05",
            "price": "15.34",
            "revenue": 829509
        },
        "2005-06": {
            "month": "2005-06",
            "price": "16.12",
            "revenue": 840422
        },
        "2005-07": {
            "month": "2005-07",
            "price": "17.99",
            "revenue": 901885
        },
        "2005-08": {
            "month": "2005-08",
            "price": "18.98",
            "revenue": 1012230
        },
        "2005-09": {
            "month": "2005-09",
            "price": "21.10",
            "revenue": 1086864
        },
        "2005-10": {
            "month": "2005-10",
            "price": "21.77",
            "revenue": 1105579
        },
        "2005-11": {
            "month": "2005-11",
            "price": "21.51",
            "revenue": 1067199
        },
        "2005-12": {
            "month": "2005-12",
            "price": "22.08",
            "revenue": 947366
        },
        "2006-01": {
            "month": "2006-01",
            "price": "23.01",
            "revenue": 1676386
        },
        "2006-02": {
            "month": "2006-02",
            "price": "22.29",
            "revenue": 1532494
        },
        "2006-03": {
            "month": "2006-03",
            "price": "22.72",
            "revenue": 1854890
        },
        "2006-04": {
            "month": "2006-04",
            "price": "24.63",
            "revenue": 1834671
        },
        "2006-05": {
            "month": "2006-05",
            "price": "24.00",
            "revenue": 1540100
        },
        "2006-06": {
            "month": "2006-06",
            "price": "21.31",
            "revenue": 1533028
        },
        "2006-07": {
            "month": "2006-07",
            "price": "21.12",
            "revenue": 1501704
        },
        "2006-08": {
            "month": "2006-08",
            "price": "20.25",
            "revenue": 1771696
        },
        "2006-09": {
            "month": "2006-09",
            "price": "19.31",
            "revenue": 1926701
        },
        "2006-10": {
            "month": "2006-10",
            "price": "20.02",
            "revenue": 1477350
        },
        "2006-11": {
            "month": "2006-11",
            "price": "20.12",
            "revenue": 1804886
        },
        "2006-12": {
            "month": "2006-12",
            "price": "21.41",
            "revenue": 1489499
        },
        "2007-01": {
            "month": "2007-01",
            "price": "22.42",
            "revenue": 1812498
        },
        "2007-02": {
            "month": "2007-02",
            "price": "21.71",
            "revenue": 1235426
        },
        "2007-03": {
            "month": "2007-03",
            "price": "21.19",
            "revenue": 1774969
        },
        "2007-04": {
            "month": "2007-04",
            "price": "21.48",
            "revenue": 2010204
        },
        "2007-05": {
            "month": "2007-05",
            "price": "21.63",
            "revenue": 1753907
        },
        "2007-06": {
            "month": "2007-06",
            "price": "22.66",
            "revenue": 1789645
        },
        "2007-07": {
            "month": "2007-07",
            "price": "27.06",
            "revenue": 2112553
        },
        "2007-08": {
            "month": "2007-08",
            "price": "25.62",
            "revenue": 2250069
        },
        "2007-09": {
            "month": "2007-09",
            "price": "26.06",
            "revenue": 2580671
        },
        "2007-10": {
            "month": "2007-10",
            "price": "25.31",
            "revenue": 2246335
        },
        "2007-11": {
            "month": "2007-11",
            "price": "21.69",
            "revenue": 2120054
        },
        "2007-12": {
            "month": "2007-12",
            "price": "19.51",
            "revenue": 1630501
        },
        "2008-01": {
            "month": "2008-01",
            "price": "18.19",
            "revenue": 2099106
        },
        "2008-02": {
            "month": "2008-02",
            "price": "18.26",
            "revenue": 1378619
        },
        "2008-03": {
            "month": "2008-03",
            "price": "19.09",
            "revenue": 1720217
        },
        "2008-04": {
            "month": "2008-04",
            "price": "20.55",
            "revenue": 1865964
        },
        "2008-05": {
            "month": "2008-05",
            "price": "20.18",
            "revenue": 1681908
        },
        "2008-06": {
            "month": "2008-06",
            "price": "18.15",
            "revenue": 1446136
        },
        "2008-07": {
            "month": "2008-07",
            "price": "15.78",
            "revenue": 1859271
        },
        "2008-08": {
            "month": "2008-08",
            "price": "14.31",
            "revenue": 1775802
        },
        "2008-09": {
            "month": "2008-09",
            "price": "12.38",
            "revenue": 1859007
        },
        "2008-10": {
            "month": "2008-10",
            "price": "9.75",
            "revenue": 1730405
        },
        "2008-11": {
            "month": "2008-11",
            "price": "7.73",
            "revenue": 1296472
        },
        "2008-12": {
            "month": "2008-12",
            "price": "7.30",
            "revenue": 1281489
        },
        "2009-01": {
            "month": "2009-01",
            "price": "7.20",
            "revenue": 1092909
        },
        "2009-02": {
            "month": "2009-02",
            "price": "7.33",
            "revenue": 1406176
        },
        "2009-03": {
            "month": "2009-03",
            "price": "9.16",
            "revenue": 1855492
        },
        "2009-04": {
            "month": "2009-04",
            "price": "12.35",
            "revenue": 1730552
        },
        "2009-05": {
            "month": "2009-05",
            "price": "13.80",
            "revenue": 1525104
        },
        "2009-06": {
            "month": "2009-06",
            "price": "13.45",
            "revenue": 1782141
        },
        "2009-07": {
            "month": "2009-07",
            "price": "15.47",
            "revenue": 1912505
        },
        "2009-08": {
            "month": "2009-08",
            "price": "16.27",
            "revenue": 1894971
        },
        "2009-09": {
            "month": "2009-09",
            "price": "17.90",
            "revenue": 2267356
        },
        "2009-10": {
            "month": "2009-10",
            "price": "19.73",
            "revenue": 2217711
        },
        "2009-11": {
            "month": "2009-11",
            "price": "21.08",
            "revenue": 2276955
        },
        "2009-12": {
            "month": "2009-12",
            "price": "22.18",
            "revenue": 2711243
        },
        "2010-01": {
            "month": "2010-01",
            "price": "22.79",
            "revenue": 2532287
        },
        "2010-02": {
            "month": "2010-02",
            "price": "20.68",
            "revenue": 1760371
        },
        "2010-03": {
            "month": "2010-03",
            "price": "21.77",
            "revenue": 2820094
        },
        "2010-04": {
            "month": "2010-04",
            "price": "22.40",
            "revenue": 2749605
        },
        "2010-05": {
            "month": "2010-05",
            "price": "20.49",
            "revenue": 2578819
        },
        "2010-06": {
            "month": "2010-06",
            "price": "19.71",
            "revenue": 2419583
        },
        "2010-07": {
            "month": "2010-07",
            "price": "20.30",
            "revenue": 2670471
        },
        "2010-08": {
            "month": "2010-08",
            "price": "19.78",
            "revenue": 2369772
        },
        "2010-09": {
            "month": "2010-09",
            "price": "18.78",
            "revenue": 2988038
        },
        "2010-10": {
            "month": "2010-10",
            "price": "19.06",
            "revenue": 2852316
        },
        "2010-11": {
            "month": "2010-11",
            "price": "19.41",
            "revenue": 3341520
        },
        "2010-12": {
            "month": "2010-12",
            "price": "21.06",
            "revenue": 2995985
        },
        "2011-01": {
            "month": "2011-01",
            "price": "21.52",
            "revenue": 3230569
        },
        "2011-02": {
            "month": "2011-02",
            "price": "21.10",
            "revenue": 1997274
        },
        "2011-03": {
            "month": "2011-03",
            "price": "20.78",
            "revenue": 3615709
        },
        "2011-04": {
            "month": "2011-04",
            "price": "21.32",
            "revenue": 3360181
        },
        "2011-05": {
            "month": "2011-05",
            "price": "21.90",
            "revenue": 2958830
        },
        "2011-06": {
            "month": "2011-06",
            "price": "21.93",
            "revenue": 2706137
        },
        "2011-07": {
            "month": "2011-07",
            "price": "20.26",
            "revenue": 2800089
        },
        "2011-08": {
            "month": "2011-08",
            "price": "18.63",
            "revenue": 2915250
        },
        "2011-09": {
            "month": "2011-09",
            "price": "19.28",
            "revenue": 3061488
        },
        "2011-10": {
            "month": "2011-10",
            "price": "19.08",
            "revenue": 2973997
        },
        "2011-11": {
            "month": "2011-11",
            "price": "19.26",
            "revenue": 3338673
        },
        "2011-12": {
            "month": "2011-12",
            "price": "18.61",
            "revenue": 2809809
        },
        "2012-01": {
            "month": "2012-01",
            "price": "19.31",
            "revenue": 1661263
        },
        "2012-02": {
            "month": "2012-02",
            "price": "20.90",
            "revenue": 2201573
        },
        "2012-03": {
            "month": "2012-03",
            "price": "21.98",
            "revenue": 2619592
        },
        "2012-04": {
            "month": "2012-04",
            "price": "22.44",
            "revenue": 2193669
        },
        "2012-05": {
            "month": "2012-05",
            "price": "22.51",
            "revenue": 2257428
        },
        "2012-06": {
            "month": "2012-06",
            "price": "22.06",
            "revenue": 2028420
        },
        "2012-07": {
            "month": "2012-07",
            "price": "20.79",
            "revenue": 2297363
        },
        "2012-08": {
            "month": "2012-08",
            "price": "19.22",
            "revenue": 2752614
        },
        "2012-09": {
            "month": "2012-09",
            "price": "19.25",
            "revenue": 2674536
        },
        "2012-10": {
            "month": "2012-10",
            "price": "18.39",
            "revenue": 2448192
        },
        "2012-11": {
            "month": "2012-11",
            "price": "17.42",
            "revenue": 2984695
        },
        "2012-12": {
            "month": "2012-12",
            "price": "17.42",
            "revenue": 2461992
        },
        "2013-01": {
            "month": "2013-01",
            "price": "17.85",
            "revenue": 2619041
        },
        "2013-02": {
            "month": "2013-02",
            "price": "18.15",
            "revenue": 1791339
        },
        "2013-03": {
            "month": "2013-03",
            "price": "18.25",
            "revenue": 2804575
        },
        "2013-04": {
            "month": "2013-04",
            "price": "18.67",
            "revenue": 2381254
        },
        "2013-05": {
            "month": "2013-05",
            "price": "19.66",
            "revenue": 2485436
        },
        "2013-06": {
            "month": "2013-06",
            "price": "19.73",
            "revenue": 2035689
        },
        "2013-07": {
            "month": "2013-07",
            "price": "18.85",
            "revenue": 2347213
        },
        "2013-08": {
            "month": "2013-08",
            "price": "18.73",
            "revenue": 2378591
        },
        "2013-09": {
            "month": "2013-09",
            "price": "18.85",
            "revenue": 2811161
        },
        "2013-10": {
            "month": "2013-10",
            "price": "19.01",
            "revenue": 2554372
        },
        "2013-11": {
            "month": "2013-11",
            "price": "18.85",
            "revenue": 2963200
        },
        "2013-12": {
            "month": "2013-12",
            "price": "18.95",
            "revenue": 2978160
        },
        "2014-01": {
            "month": "2014-01",
            "price": "19.54",
            "revenue": 2383113
        },
        "2014-02": {
            "month": "2014-02",
            "price": "18.72",
            "revenue": 2106203
        },
        "2014-03": {
            "month": "2014-03",
            "price": "18.40",
            "revenue": 2453803
        },
        "2014-04": {
            "month": "2014-04",
            "price": "18.24",
            "revenue": 2383204
        },
        "2014-05": {
            "month": "2014-05",
            "price": "18.08",
            "revenue": 2544946
        },
        "2014-06": {
            "month": "2014-06",
            "price": "18.74",
            "revenue": 2280124
        },
        "2014-07": {
            "month": "2014-07",
            "price": "18.17",
            "revenue": 2614926
        },
        "2014-08": {
            "month": "2014-08",
            "price": "17.91",
            "revenue": 2229630
        },
        "2014-09": {
            "month": "2014-09",
            "price": "17.86",
            "revenue": 2599801
        },
        "2014-10": {
            "month": "2014-10",
            "price": "17.22",
            "revenue": 2290384
        },
        "2014-11": {
            "month": "2014-11",
            "price": "17.04",
            "revenue": 2235697
        },
        "2014-12": {
            "month": "2014-12",
            "price": "17.15",
            "revenue": 1803501
        },
        "2015-01": {
            "month": "2015-01",
            "price": "17.20",
            "revenue": 2075725
        },
        "2015-02": {
            "month": "2015-02",
            "price": "17.53",
            "revenue": 1395177
        },
        "2015-03": {
            "month": "2015-03",
            "price": "18.08",
            "revenue": 1921557
        },
        "2015-04": {
            "month": "2015-04",
            "price": "19.34",
            "revenue": 2050164
        },
        "2015-05": {
            "month": "2015-05",
            "price": "19.60",
            "revenue": 1826514
        },
        "2015-06": {
            "month": "2015-06",
            "price": "19.07",
            "revenue": 2328387
        },
        "2015-07": {
            "month": "2015-07",
            "price": "17.52",
            "revenue": 1885333
        },
        "2015-08": {
            "month": "2015-08",
            "price": "15.86",
            "revenue": 2057851
        },
        "2015-09": {
            "month": "2015-09",
            "price": "15.39",
            "revenue": 2379920
        },
        "2015-10": {
            "month": "2015-10",
            "price": "15.78",
            "revenue": 1764056
        },
        "2015-11": {
            "month": "2015-11",
            "price": "16.14",
            "revenue": 2116271
        },
        "2015-12": {
            "month": "2015-12",
            "price": "15.78",
            "revenue": 1844872
        },
        "2016-01": {
            "month": "2016-01",
            "price": "15.64",
            "revenue": 1995357
        },
        "2016-02": {
            "month": "2016-02",
            "price": "16.30",
            "revenue": 1257388
        },
        "2016-03": {
            "month": "2016-03",
            "price": "17.59",
            "revenue": 1978978
        },
        "2016-04": {
            "month": "2016-04",
            "price": "18.33",
            "revenue": 1787287
        },
        "2016-05": {
            "month": "2016-05",
            "price": "18.15",
            "revenue": 1851516
        },
        "2016-06": {
            "month": "2016-06",
            "price": "18.47",
            "revenue": 1861056
        },
        "2016-07": {
            "month": "2016-07",
            "price": "17.38",
            "revenue": 1753123
        },
        "2016-08": {
            "month": "2016-08",
            "price": "16.89",
            "revenue": 1990599
        },
        "2016-09": {
            "month": "2016-09",
            "price": "16.87",
            "revenue": 2128995
        },
        "2016-10": {
            "month": "2016-10",
            "price": "16.91",
            "revenue": 1703800
        },
        "2016-11": {
            "month": "2016-11",
            "price": "16.93",
            "revenue": 1948647
        },
        "2016-12": {
            "month": "2016-12",
            "price": "16.96",
            "revenue": 2028467
        },
        "2017-01": {
            "month": "2017-01",
            "price": "17.36",
            "revenue": 1547053
        },
        "2017-02": {
            "month": "2017-02",
            "price": "17.66",
            "revenue": 1580123
        },
        "2017-03": {
            "month": "2017-03",
            "price": "18.02",
            "revenue": 2120467
        },
        "2017-04": {
            "month": "2017-04",
            "price": "18.50",
            "revenue": 1929696
        },
        "2017-05": {
            "month": "2017-05",
            "price": "18.52",
            "revenue": 2038933
        },
        "2017-06": {
            "month": "2017-06",
            "price": "18.80",
            "revenue": 2610585
        },
        "2017-07": {
            "month": "2017-07",
            "price": "18.05",
            "revenue": 2298290
        },
        "2017-08": {
            "month": "2017-08",
            "price": "17.95",
            "revenue": 2800184
        },
        "2017-09": {
            "month": "2017-09",
            "price": "18.24",
            "revenue": 2913923
        },
        "2017-10": {
            "month": "2017-10",
            "price": "18.55",
            "revenue": 2421685
        },
        "2017-11": {
            "month": "2017-11",
            "price": "19.61",
            "revenue": 2344968
        },
        "2017-12": {
            "month": "2017-12",
            "price": "20.10",
            "revenue": 2977020
        },
        "2018-01": {
            "month": "2018-01",
            "price": "20.75",
            "revenue": 2693971
        },
        "2018-02": {
            "month": "2018-02",
            "price": "20.86",
            "revenue": 1593407
        },
        "2018-03": {
            "month": "2018-03",
            "price": "22.51",
            "revenue": 2669855
        },
        "2018-04": {
            "month": "2018-04",
            "price": "22.86",
            "revenue": 2922829
        },
        "2018-05": {
            "month": "2018-05",
            "price": "22.95",
            "revenue": 2143792
        },
        "2018-06": {
            "month": "2018-06",
            "price": "24.49",
            "revenue": 2277090
        },
        "2018-07": {
            "month": "2018-07",
            "price": "23.24",
            "revenue": 3247648
        },
        "2018-08": {
            "month": "2018-08",
            "price": "22.32",
            "revenue": 2771816
        },
        "2018-09": {
            "month": "2018-09",
            "price": "22.04",
            "revenue": 2411602
        },
        "2018-10": {
            "month": "2018-10",
            "price": "20.65",
            "revenue": 2948581
        },
        "2018-11": {
            "month": "2018-11",
            "price": "20.61",
            "revenue": 2619025
        },
        "2018-12": {
            "month": "2018-12",
            "price": "21.19",
            "revenue": 2714808
        },
        "2019-01": {
            "month": "2019-01",
            "price": "21.11",
            "revenue": 2440129
        },
        "2019-02": {
            "month": "2019-02",
            "price": "21.93",
            "revenue": 1826836
        },
        "2019-03": {
            "month": "2019-03",
            "price": "22.88",
            "revenue": 2226541
        },
        "2019-04": {
            "month": "2019-04",
            "price": "22.90",
            "revenue": 2131550
        },
        "2019-05": {
            "month": "2019-05",
            "price": "22.60",
            "revenue": 2074657
        },
        "2019-06": {
            "month": "2019-06",
            "price": "22.73",
            "revenue": 2206316
        },
        "2019-07": {
            "month": "2019-07",
            "price": "22.03",
            "revenue": 2464051
        },
        "2019-08": {
            "month": "2019-08",
            "price": "20.90",
            "revenue": 2355913
        },
        "2019-09": {
            "month": "2019-09",
            "price": "21.19",
            "revenue": 2356697
        },
        "2019-10": {
            "month": "2019-10",
            "price": "21.23",
            "revenue": 2030662
        },
        "2019-11": {
            "month": "2019-11",
            "price": "21.03",
            "revenue": 2296599
        },
        "2019-12": {
            "month": "2019-12",
            "price": "20.86",
            "revenue": 2566023
        },
        "2020-01": {
            "month": "2020-01",
            "price": "20.98",
            "revenue": 1840283
        },
        "2020-02": {
            "month": "2020-02",
            "price": "20.37",
            "revenue": 1824848
        },
        "2020-03": {
            "month": "2020-03",
            "price": "18.21",
            "revenue": 2554926
        },
        "2020-04": {
            "month": "2020-04",
            "price": "18.06",
            "revenue": 2324356
        },
        "2020-05": {
            "month": "2020-05",
            "price": "19.04",
            "revenue": 2203441
        },
        "2020-06": {
            "month": "2020-06",
            "price": "19.42",
            "revenue": 2680683
        },
        "2020-07": {
            "month": "2020-07",
            "price": "19.00",
            "revenue": 3493886
        },
        "2020-08": {
            "month": "2020-08",
            "price": "19.50",
            "revenue": 3160939
        },
        "2020-09": {
            "month": "2020-09",
            "price": "20.16",
            "revenue": 4137283
        },
        "2020-10": {
            "month": "2020-10",
            "price": "20.92",
            "revenue": 3185666
        },
        "2020-11": {
            "month": "2020-11",
            "price": "21.38",
            "revenue": 3480003
        },
        "2020-12": {
            "month": "2020-12",
            "price": "21.95",
            "revenue": 3510131
        },
        "2021-01": {
            "month": "2021-01",
            "price": "22.37",
            "revenue": 3911907
        },
        "2021-02": {
            "month": "2021-02",
            "price": "23.12",
            "revenue": 2758603
        },
        "2021-03": {
            "month": "2021-03",
            "price": "25.62",
            "revenue": 3797563
        },
        "2021-04": {
            "month": "2021-04",
            "price": "28.92",
            "revenue": 3217531
        },
        "2021-05": {
            "month": "2021-05",
            "price": "28.03",
            "revenue": 3706467
        },
        "2021-06": {
            "month": "2021-06",
            "price": "28.54",
            "revenue": 3447853
        },
        "2021-07": {
            "month": "2021-07",
            "price": "28.35",
            "revenue": 3642469
        },
        "2021-08": {
            "month": "2021-08",
            "price": "28.01",
            "revenue": 3851581
        },
        "2021-09": {
            "month": "2021-09",
            "price": "28.60",
            "revenue": 3392770
        },
        "2021-10": {
            "month": "2021-10",
            "price": "28.40",
            "revenue": 3004672
        },
        "2021-11": {
            "month": "2021-11",
            "price": "30.26",
            "revenue": 3486913
        },
        "2021-12": {
            "month": "2021-12",
            "price": "33.06",
            "revenue": 3807551
        },
        "2022-01": {
            "month": "2022-01",
            "price": "33.40",
            "revenue": 4232084
        },
        "2022-02": {
            "month": "2022-02",
            "price": "35.13",
            "revenue": 3371869
        },
        "2022-03": {
            "month": "2022-03",
            "price": "37.86",
            "revenue": 4443811
        },
        "2022-04": {
            "month": "2022-04",
            "price": "38.99",
            "revenue": 3560945
        },
        "2022-05": {
            "month": "2022-05",
            "price": "37.22",
            "revenue": 3573096
        },
        "2022-06": {
            "month": "2022-06",
            "price": "36.36",
            "revenue": 3554997
        },
        "2022-07": {
            "month": "2022-07",
            "price": "29.59",
            "revenue": 2988118
        },
        "2022-08": {
            "month": "2022-08",
            "price": "29.96",
            "revenue": 2676060
        },
        "2022-09": {
            "month": "2022-09",
            "price": "27.88",
            "revenue": 2917276
        },
        "2022-10": {
            "month": "2022-10",
            "price": "25.90",
            "revenue": 2979548
        },
        "2022-11": {
            "month": "2022-11",
            "price": "27.31",
            "revenue": 2807609
        },
        "2022-12": {
            "month": "2022-12",
            "price": "28.46",
            "revenue": 2891254
        },
        "2023-01": {
            "month": "2023-01",
            "price": "29.62",
            "revenue": 1962019
        },
        "2023-02": {
            "month": "2023-02",
            "price": "29.94",
            "revenue": 2480648
        },
        "2023-03": {
            "month": "2023-03",
            "price": "31.28",
            "revenue": 2858865
        },
        "2023-04": {
            "month": "2023-04",
            "price": "32.33",
            "revenue": 2532230
        }
    }
}
