{
    "summary": {
        "stock_name": "零壹",
        "stock_id": "3029",
        "category": "資訊服務",
        "main_business": "網路軟體.硬體產品之代理製造及開發。<br>產品分類：1. 網路暨資訊安全、2. IT基礎架構、<br>3. 雲平台與應用、4. 大數據與應用、5. 其他。",
        "website_url": "http://www.zerone.com.tw",
        "ceo": "陳鍵忠",
        "pe_ratio": 14,
        "report_year_from": 2001,
        "report_year_to": 2023,
        "age": 22,
        "eps_negative_percentage": 0,
        "eps_growth_avg": {
            "last_all": 12.1,
            "last_2y": 12.91,
            "last_4y": 21.06,
            "last_8y": 20.18,
            "last_12y": 19.01,
            "last_16y": 20.95,
            "last_20y": 12.1,
            "at_2006_last_3y": -34.83,
            "at_2007_last_3y": -12.23,
            "at_2008_last_3y": 19.35,
            "at_2009_last_3y": 27.25,
            "at_2010_last_3y": 60.1,
            "at_2011_last_3y": 26.76,
            "at_2012_last_3y": 14.72,
            "at_2013_last_3y": 16.38,
            "at_2014_last_3y": 15.15,
            "at_2015_last_3y": 34.29,
            "at_2016_last_3y": 23.55,
            "at_2017_last_3y": 19.07,
            "at_2018_last_3y": 17.11,
            "at_2019_last_3y": 15.6,
            "at_2020_last_3y": 19.63,
            "at_2021_last_3y": 26.7,
            "at_2022_last_3y": 18.99,
            "at_2023_last_3y": 18.99,
            "at_2006_last_all": -38.23,
            "at_2007_last_all": -15.2,
            "at_2008_last_all": 1.26,
            "at_2009_last_all": 0.89,
            "at_2010_last_all": 5.47,
            "at_2011_last_all": 1.59,
            "at_2012_last_all": 6.16,
            "at_2013_last_all": 6.05,
            "at_2014_last_all": 8.45,
            "at_2015_last_all": 10.93,
            "at_2016_last_all": 10.79,
            "at_2017_last_all": 9.3,
            "at_2018_last_all": 10.48,
            "at_2019_last_all": 11.97,
            "at_2020_last_all": 12.65,
            "at_2021_last_all": 12.78,
            "at_2022_last_all": 12.1,
            "at_2023_last_all": 12.1
        },
        "latest_eps": 4.27,
        "latest_price": 60.5,
        "latest_roe": 17.5,
        "latest_gross_margin": 12.07,
        "latest_equity": 3824904,
        "latest_revenue": 3171231,
        "latest_gross_profit": 382750,
        "latest_net_income": 153197,
        "latest_debt_ratio": 50.69,
        "latest_current_ratio": 167.91,
        "latest_account_receivable_turnover_ratio": 1.03,
        "latest_inventory_turnover_ratio": 1.98,
        "latest_reinvestment_rate": 13.44,
        "latest_research_to_sale_ratio": 0.18
    },
    "eps_dividends": {
        "1999": {
            "cash": 0,
            "stock": 2,
            "eps": 0
        },
        "2000": {
            "cash": 0,
            "stock": 2,
            "eps": 0
        },
        "2001": {
            "cash": 0,
            "stock": 2.18,
            "eps": 1.08
        },
        "2002": {
            "cash": 0,
            "stock": 1.87,
            "eps": 0.52
        },
        "2003": {
            "cash": 0,
            "stock": 0.95,
            "eps": 0.57
        },
        "2004": {
            "cash": 0,
            "stock": 0.97,
            "eps": 0.42
        },
        "2005": {
            "cash": 0.19,
            "stock": 0.28,
            "eps": 0.28
        },
        "2006": {
            "cash": 0,
            "stock": 0,
            "eps": 0.03
        },
        "2007": {
            "cash": 0,
            "stock": 0,
            "eps": 0.26
        },
        "2008": {
            "cash": 0.6,
            "stock": 0,
            "eps": 0.58
        },
        "2009": {
            "cash": 0.5,
            "stock": 0,
            "eps": 0.57
        },
        "2010": {
            "cash": 0.5,
            "stock": 0,
            "eps": 0.81
        },
        "2011": {
            "cash": 1.4,
            "stock": 0,
            "eps": 0.54
        },
        "2012": {
            "cash": 0,
            "stock": 0,
            "eps": 0.82
        },
        "2013": {
            "cash": 0.8,
            "stock": 0,
            "eps": 0.86
        },
        "2014": {
            "cash": 0.85,
            "stock": 0,
            "eps": 1.18
        },
        "2015": {
            "cash": 0.5,
            "stock": 0.5,
            "eps": 1.69
        },
        "2016": {
            "cash": 1,
            "stock": 0,
            "eps": 1.84
        },
        "2017": {
            "cash": 1.2,
            "stock": 0,
            "eps": 1.6
        },
        "2018": {
            "cash": 1.3,
            "stock": 0,
            "eps": 2.07
        },
        "2019": {
            "cash": 1.5,
            "stock": 0,
            "eps": 2.84
        },
        "2020": {
            "cash": 2,
            "stock": 0,
            "eps": 3.55
        },
        "2021": {
            "cash": 3,
            "stock": 0,
            "eps": 4.09
        },
        "2022": {
            "cash": 3.6,
            "stock": 0,
            "eps": 4.03
        },
        "2023": {
            "cash": 3.6,
            "stock": 0,
            "eps": 2.15
        }
    },
    "dividends": {
        "1999-06-15": {
            "cash": 0,
            "stock": 2
        },
        "2000-05-22": {
            "cash": 0,
            "stock": 2
        },
        "2001-05-10": {
            "cash": 0,
            "stock": 2.18
        },
        "2002-05-14": {
            "cash": 0,
            "stock": 1.87
        },
        "2003-04-09": {
            "cash": 0,
            "stock": 0.95
        },
        "2004-04-29": {
            "cash": 0,
            "stock": 0.97
        },
        "2005-04-12": {
            "cash": 0.19,
            "stock": 0.28
        },
        "2008-04-24": {
            "cash": 0.6,
            "stock": 0
        },
        "2009-04-23": {
            "cash": 0.5,
            "stock": 0
        },
        "2010-04-22": {
            "cash": 0.5,
            "stock": 0
        },
        "2011-01-01": {
            "cash": 0.7,
            "stock": 0
        },
        "2011-04-26": {
            "cash": 0.7,
            "stock": 0
        },
        "2013-04-25": {
            "cash": 0.8,
            "stock": 0
        },
        "2014-06-09": {
            "cash": 0.85,
            "stock": 0
        },
        "2015-09-25": {
            "cash": 0.5,
            "stock": 0.5
        },
        "2016-09-22": {
            "cash": 1,
            "stock": 0
        },
        "2017-09-15": {
            "cash": 1.2,
            "stock": 0
        },
        "2018-09-13": {
            "cash": 1.3,
            "stock": 0
        },
        "2019-07-25": {
            "cash": 1.5,
            "stock": 0
        },
        "2020-07-03": {
            "cash": 2,
            "stock": 0
        },
        "2021-08-11": {
            "cash": 3,
            "stock": 0
        },
        "2022-04-13": {
            "cash": 3.6,
            "stock": 0
        },
        "2023-04-13": {
            "cash": 3.6,
            "stock": 0
        }
    },
    "prices": {
        "200101": "無",
        "200102": "無",
        "200103": "無",
        "200104": "無",
        "200105": "無",
        "200106": "無",
        "200107": "無",
        "200108": "無",
        "200109": "無",
        "200110": "無",
        "200111": "無",
        "200112": "無",
        "200201": "無",
        "200202": "無",
        "200203": "無",
        "200204": "無",
        "200205": "無",
        "200206": "無",
        "200207": "無",
        "200208": "16.60",
        "200209": "15.28",
        "200210": "13.97",
        "200211": "14.42",
        "200212": "13.56",
        "200301": "13.06",
        "200302": "12.85",
        "200303": "13.85",
        "200304": "13.51",
        "200305": "12.61",
        "200306": "13.55",
        "200307": "14.00",
        "200308": "13.17",
        "200309": "11.93",
        "200310": "12.00",
        "200311": "12.19",
        "200312": "13.24",
        "200401": "13.81",
        "200402": "14.13",
        "200403": "16.48",
        "200404": "17.75",
        "200405": "15.91",
        "200406": "13.76",
        "200407": "9.97",
        "200408": "9.73",
        "200409": "9.44",
        "200410": "8.20",
        "200411": "8.18",
        "200412": "8.20",
        "200501": "7.99",
        "200502": "10.87",
        "200503": "11.83",
        "200504": "11.79",
        "200505": "11.64",
        "200506": "13.19",
        "200507": "13.24",
        "200508": "12.07",
        "200509": "10.90",
        "200510": "8.71",
        "200511": "8.20",
        "200512": "9.91",
        "200601": "10.44",
        "200602": "9.52",
        "200603": "9.20",
        "200604": "8.68",
        "200605": "9.17",
        "200606": "10.85",
        "200607": "9.74",
        "200608": "9.15",
        "200609": "9.44",
        "200610": "9.44",
        "200611": "9.65",
        "200612": "11.12",
        "200701": "11.59",
        "200702": "10.71",
        "200703": "10.39",
        "200704": "11.66",
        "200705": "10.81",
        "200706": "13.71",
        "200707": "14.54",
        "200708": "12.25",
        "200709": "11.94",
        "200710": "12.12",
        "200711": "10.16",
        "200712": "9.05",
        "200801": "8.73",
        "200802": "8.70",
        "200803": "9.61",
        "200804": "10.64",
        "200805": "12.21",
        "200806": "11.38",
        "200807": "9.02",
        "200808": "9.69",
        "200809": "7.95",
        "200810": "6.90",
        "200811": "6.14",
        "200812": "6.21",
        "200901": "6.56",
        "200902": "6.48",
        "200903": "6.47",
        "200904": "7.72",
        "200905": "8.53",
        "200906": "8.42",
        "200907": "8.06",
        "200908": "8.92",
        "200909": "9.56",
        "200910": "11.48",
        "200911": "16.18",
        "200912": "22.12",
        "201001": "24.33",
        "201002": "25.46",
        "201003": "34.67",
        "201004": "39.26",
        "201005": "32.45",
        "201006": "33.05",
        "201007": "34.64",
        "201008": "32.55",
        "201009": "30.47",
        "201010": "30.89",
        "201011": "27.85",
        "201012": "28.95",
        "201101": "27.78",
        "201102": "26.53",
        "201103": "24.54",
        "201104": "23.34",
        "201105": "22.42",
        "201106": "26.07",
        "201107": "25.31",
        "201108": "20.67",
        "201109": "16.93",
        "201110": "19.08",
        "201111": "18.52",
        "201112": "14.90",
        "201201": "15.15",
        "201202": "21.37",
        "201203": "20.75",
        "201204": "17.83",
        "201205": "17.02",
        "201206": "15.98",
        "201207": "16.12",
        "201208": "16.11",
        "201209": "16.56",
        "201210": "14.72",
        "201211": "12.53",
        "201212": "13.66",
        "201301": "14.34",
        "201302": "14.08",
        "201303": "14.27",
        "201304": "13.90",
        "201305": "14.29",
        "201306": "14.06",
        "201307": "13.38",
        "201308": "15.06",
        "201309": "14.57",
        "201310": "16.27",
        "201311": "16.36",
        "201312": "18.19",
        "201401": "18.92",
        "201402": "18.10",
        "201403": "19.55",
        "201404": "19.10",
        "201405": "17.95",
        "201406": "18.21",
        "201407": "17.40",
        "201408": "16.03",
        "201409": "16.30",
        "201410": "14.72",
        "201411": "14.36",
        "201412": "15.06",
        "201501": "17.19",
        "201502": "16.87",
        "201503": "16.78",
        "201504": "19.26",
        "201505": "18.64",
        "201506": "22.76",
        "201507": "25.23",
        "201508": "18.28",
        "201509": "17.96",
        "201510": "20.41",
        "201511": "19.50",
        "201512": "18.16",
        "201601": "16.48",
        "201602": "17.53",
        "201603": "18.59",
        "201604": "17.74",
        "201605": "16.21",
        "201606": "16.62",
        "201607": "17.53",
        "201608": "17.73",
        "201609": "17.08",
        "201610": "16.74",
        "201611": "17.90",
        "201612": "17.96",
        "201701": "18.31",
        "201702": "18.85",
        "201703": "19.71",
        "201704": "18.63",
        "201705": "17.67",
        "201706": "17.64",
        "201707": "19.31",
        "201708": "19.42",
        "201709": "19.19",
        "201710": "19.81",
        "201711": "19.65",
        "201712": "19.04",
        "201801": "19.41",
        "201802": "19.12",
        "201803": "21.97",
        "201804": "20.10",
        "201805": "21.72",
        "201806": "23.59",
        "201807": "23.06",
        "201808": "22.34",
        "201809": "20.03",
        "201810": "18.80",
        "201811": "19.87",
        "201812": "19.97",
        "201901": "20.08",
        "201902": "21.85",
        "201903": "24.34",
        "201904": "27.28",
        "201905": "28.19",
        "201906": "28.37",
        "201907": "30.01",
        "201908": "32.57",
        "201909": "34.02",
        "201910": "34.13",
        "201911": "31.67",
        "201912": "30.23",
        "202001": "30.23",
        "202002": "29.03",
        "202003": "29.15",
        "202004": "31.40",
        "202005": "33.02",
        "202006": "37.28",
        "202007": "40.13",
        "202008": "44.09",
        "202009": "40.55",
        "202010": "37.78",
        "202011": "38.20",
        "202012": "38.77",
        "202101": "38.80",
        "202102": "39.59",
        "202103": "45.30",
        "202104": "48.51",
        "202105": "46.18",
        "202106": "46.08",
        "202107": "46.56",
        "202108": "42.84",
        "202109": "46.02",
        "202110": "44.50",
        "202111": "45.50",
        "202112": "43.46",
        "202201": "43.56",
        "202202": "44.46",
        "202203": "46.74",
        "202204": "43.00",
        "202205": "41.54",
        "202206": "40.53",
        "202207": "38.76",
        "202208": "41.26",
        "202209": "40.72",
        "202210": "38.32",
        "202211": "39.18",
        "202212": "40.34",
        "202301": "41.13",
        "202302": "46.08",
        "202303": "54.71",
        "202304": "56.64",
        "202305": "62.50",
        "202306": "62.70",
        "202307": "61.85",
        "202308": "63.05",
        "202309": "60.83"
    },
    "quarters": {
        "20011": {
            "year_quarter": 20011,
            "year": 2001,
            "quarter": 1,
            "eps": 0.32,
            "eps_growth_year": -53.62,
            "eps_4q": 1.44,
            "eps_4q_growth_year": -35.58,
            "roe": 1.33,
            "roe_4q": 1.33,
            "gross_profit": 80102,
            "gross_margin": 9.6,
            "gross_margin_4q_avg": 9.6,
            "net_income": 12933,
            "revenue": 834484,
            "common_shares": 406000,
            "book_valuer_per_share": 23.79,
            "book_valuer_per_share_4q_avg": 23.79,
            "equity": 965928,
            "current_ratio": 163.47,
            "debt_ratio": 53.05,
            "inventory_turnover_ratio": 1.41,
            "account_receivable_turnover_ratio": null,
            "reinvestment_rate": null,
            "research_to_sale_ratio": null,
            "price_fair": 0,
            "eps_avg_yearly": 0,
            "eps_latest_yearly": 0,
            "eps_growth_yearly": 0
        },
        "20012": {
            "year_quarter": 20012,
            "year": 2001,
            "quarter": 2,
            "eps": 0.07,
            "eps_growth_year": -89.39,
            "eps_4q": 0.82,
            "eps_4q_growth_year": -59.99,
            "roe": 0.36,
            "roe_4q": 1.69,
            "gross_profit": 72178,
            "gross_margin": 10.21,
            "gross_margin_4q_avg": 9.91,
            "net_income": 3439,
            "revenue": 706835,
            "common_shares": 500000,
            "book_valuer_per_share": 19.36,
            "book_valuer_per_share_4q_avg": 21.58,
            "equity": 968168,
            "current_ratio": 169.23,
            "debt_ratio": 49.91,
            "inventory_turnover_ratio": 1.11,
            "account_receivable_turnover_ratio": null,
            "reinvestment_rate": null,
            "research_to_sale_ratio": null,
            "price_fair": 0,
            "eps_avg_yearly": 0,
            "eps_latest_yearly": 0,
            "eps_growth_yearly": 0
        },
        "20013": {
            "year_quarter": 20013,
            "year": 2001,
            "quarter": 3,
            "eps": 0.52,
            "eps_growth_year": 10.64,
            "eps_4q": 1.01,
            "eps_4q_growth_year": -52.35,
            "roe": 2.64,
            "roe_4q": 4.33,
            "gross_profit": 85051,
            "gross_margin": 13.84,
            "gross_margin_4q_avg": 11.22,
            "net_income": 25930,
            "revenue": 614526,
            "common_shares": 500000,
            "book_valuer_per_share": 19.88,
            "book_valuer_per_share_4q_avg": 21.01,
            "equity": 994091,
            "current_ratio": 178.41,
            "debt_ratio": 47.47,
            "inventory_turnover_ratio": 0.96,
            "account_receivable_turnover_ratio": null,
            "reinvestment_rate": null,
            "research_to_sale_ratio": null,
            "price_fair": 0,
            "eps_avg_yearly": 0,
            "eps_latest_yearly": 0,
            "eps_growth_yearly": 0
        },
        "20014": {
            "year_quarter": 20014,
            "year": 2001,
            "quarter": 4,
            "eps": 0.17,
            "eps_growth_year": -26.09,
            "eps_4q": 1,
            "eps_4q_growth_year": -45.63,
            "roe": 0.86,
            "roe_4q": 5.1899999999999995,
            "gross_profit": 63853,
            "gross_margin": 9.25,
            "gross_margin_4q_avg": 10.73,
            "net_income": 8696,
            "revenue": 690186,
            "common_shares": 500000,
            "book_valuer_per_share": 20.05,
            "book_valuer_per_share_4q_avg": 20.77,
            "equity": 1037020,
            "current_ratio": 171.2,
            "debt_ratio": 50.87,
            "inventory_turnover_ratio": 1.16,
            "account_receivable_turnover_ratio": null,
            "reinvestment_rate": null,
            "research_to_sale_ratio": null,
            "price_fair": 0,
            "eps_avg_yearly": 0,
            "eps_latest_yearly": 0,
            "eps_growth_yearly": 0
        },
        "20021": {
            "year_quarter": 20021,
            "year": 2002,
            "quarter": 1,
            "eps": 0.13,
            "eps_growth_year": -59.38,
            "eps_4q": 0.9,
            "eps_4q_growth_year": -37.47,
            "roe": 0.63,
            "roe_4q": 4.49,
            "gross_profit": 59879,
            "gross_margin": 9.47,
            "gross_margin_4q_avg": 10.69,
            "net_income": 6413,
            "revenue": 632589,
            "common_shares": 500000,
            "book_valuer_per_share": 20.18,
            "book_valuer_per_share_4q_avg": 19.87,
            "equity": 1009135,
            "current_ratio": 184.75,
            "debt_ratio": 45.58,
            "inventory_turnover_ratio": 1.15,
            "account_receivable_turnover_ratio": null,
            "reinvestment_rate": null,
            "research_to_sale_ratio": null,
            "price_fair": 1.56,
            "eps_avg_yearly": 0.52,
            "eps_latest_yearly": 0.52,
            "eps_growth_yearly": -94.12
        },
        "20022": {
            "year_quarter": 20022,
            "year": 2002,
            "quarter": 2,
            "eps": 0.17,
            "eps_growth_year": 142.86,
            "eps_4q": 0.86,
            "eps_4q_growth_year": 5.69,
            "roe": 1,
            "roe_4q": 5.13,
            "gross_profit": 77954,
            "gross_margin": 8.35,
            "gross_margin_4q_avg": 10.23,
            "net_income": 10087,
            "revenue": 933401,
            "common_shares": 600000,
            "book_valuer_per_share": 16.97,
            "book_valuer_per_share_4q_avg": 19.27,
            "equity": 1018335,
            "current_ratio": 180.23,
            "debt_ratio": 46.32,
            "inventory_turnover_ratio": 2.14,
            "account_receivable_turnover_ratio": null,
            "reinvestment_rate": null,
            "research_to_sale_ratio": null,
            "price_fair": 14.69,
            "eps_avg_yearly": 0.6,
            "eps_latest_yearly": 0.68,
            "eps_growth_yearly": 14.48
        },
        "20023": {
            "year_quarter": 20023,
            "year": 2002,
            "quarter": 3,
            "eps": 0.17,
            "eps_growth_year": -67.31,
            "eps_4q": 0.59,
            "eps_4q_growth_year": -41.96,
            "roe": 1.01,
            "roe_4q": 3.4999999999999996,
            "gross_profit": 61338,
            "gross_margin": 10.09,
            "gross_margin_4q_avg": 9.29,
            "net_income": 10295,
            "revenue": 607727,
            "common_shares": 600000,
            "book_valuer_per_share": 17.14,
            "book_valuer_per_share_4q_avg": 18.59,
            "equity": 1028596,
            "current_ratio": 198.54,
            "debt_ratio": 40.89,
            "inventory_turnover_ratio": 1.53,
            "account_receivable_turnover_ratio": null,
            "reinvestment_rate": null,
            "research_to_sale_ratio": null,
            "price_fair": 12.32,
            "eps_avg_yearly": 0.63,
            "eps_latest_yearly": 0.68,
            "eps_growth_yearly": 9.65
        },
        "20024": {
            "year_quarter": 20024,
            "year": 2002,
            "quarter": 4,
            "eps": 0.05,
            "eps_growth_year": -70.59,
            "eps_4q": 0.46,
            "eps_4q_growth_year": -53.61,
            "roe": 0.31,
            "roe_4q": 2.95,
            "gross_profit": 64462,
            "gross_margin": 9.21,
            "gross_margin_4q_avg": 9.28,
            "net_income": 3248,
            "revenue": 699819,
            "common_shares": 600000,
            "book_valuer_per_share": 17.2,
            "book_valuer_per_share_4q_avg": 17.87,
            "equity": 1066640,
            "current_ratio": 157.87,
            "debt_ratio": 49.49,
            "inventory_turnover_ratio": 1.48,
            "account_receivable_turnover_ratio": null,
            "reinvestment_rate": 139.32,
            "research_to_sale_ratio": null,
            "price_fair": 1.56,
            "eps_avg_yearly": 0.52,
            "eps_latest_yearly": 0.2,
            "eps_growth_yearly": -63.35
        },
        "20031": {
            "year_quarter": 20031,
            "year": 2003,
            "quarter": 1,
            "eps": 0.07,
            "eps_growth_year": -46.15,
            "eps_4q": 0.45,
            "eps_4q_growth_year": -50.05,
            "roe": 0.41,
            "roe_4q": 2.73,
            "gross_profit": 54352,
            "gross_margin": 9.04,
            "gross_margin_4q_avg": 9.17,
            "net_income": 4349,
            "revenue": 601174,
            "common_shares": 600000,
            "book_valuer_per_share": 17.27,
            "book_valuer_per_share_4q_avg": 17.15,
            "equity": 1036218,
            "current_ratio": 162.17,
            "debt_ratio": 45.27,
            "inventory_turnover_ratio": 1.18,
            "account_receivable_turnover_ratio": null,
            "reinvestment_rate": 122.67,
            "research_to_sale_ratio": null,
            "price_fair": 1.42,
            "eps_avg_yearly": 0.47,
            "eps_latest_yearly": 0.28,
            "eps_growth_yearly": -18.68
        },
        "20032": {
            "year_quarter": 20032,
            "year": 2003,
            "quarter": 2,
            "eps": 0.12,
            "eps_growth_year": -29.41,
            "eps_4q": 0.41,
            "eps_4q_growth_year": -52.63,
            "roe": 0.72,
            "roe_4q": 2.45,
            "gross_profit": 62929,
            "gross_margin": 10.87,
            "gross_margin_4q_avg": 9.8,
            "net_income": 7450,
            "revenue": 578687,
            "common_shares": 600000,
            "book_valuer_per_share": 17.39,
            "book_valuer_per_share_4q_avg": 17.25,
            "equity": 1043168,
            "current_ratio": 171.72,
            "debt_ratio": 42.31,
            "inventory_turnover_ratio": 1.29,
            "account_receivable_turnover_ratio": null,
            "reinvestment_rate": 84.09,
            "research_to_sale_ratio": null,
            "price_fair": 16.57,
            "eps_avg_yearly": 0.47,
            "eps_latest_yearly": 0.48,
            "eps_growth_yearly": 32.05
        },
        "20033": {
            "year_quarter": 20033,
            "year": 2003,
            "quarter": 3,
            "eps": 0.25,
            "eps_growth_year": 47.06,
            "eps_4q": 0.48,
            "eps_4q_growth_year": -18,
            "roe": 1.55,
            "roe_4q": 2.99,
            "gross_profit": 70331,
            "gross_margin": 10.82,
            "gross_margin_4q_avg": 9.99,
            "net_income": 16316,
            "revenue": 650128,
            "common_shares": 660000,
            "book_valuer_per_share": 16.05,
            "book_valuer_per_share_4q_avg": 16.98,
            "equity": 1059484,
            "current_ratio": 213.68,
            "debt_ratio": 47.95,
            "inventory_turnover_ratio": 1.73,
            "account_receivable_turnover_ratio": null,
            "reinvestment_rate": 87.12,
            "research_to_sale_ratio": null,
            "price_fair": 19.2,
            "eps_avg_yearly": 0.55,
            "eps_latest_yearly": 1,
            "eps_growth_yearly": 89.38
        },
        "20034": {
            "year_quarter": 20034,
            "year": 2003,
            "quarter": 4,
            "eps": 0.13,
            "eps_growth_year": 160,
            "eps_4q": 0.55,
            "eps_4q_growth_year": 18.23,
            "roe": 0.82,
            "roe_4q": 3.5,
            "gross_profit": 81493,
            "gross_margin": 9.84,
            "gross_margin_4q_avg": 10.14,
            "net_income": 8769,
            "revenue": 828067,
            "common_shares": 660000,
            "book_valuer_per_share": 16.19,
            "book_valuer_per_share_4q_avg": 16.73,
            "equity": 1068253,
            "current_ratio": 196.63,
            "debt_ratio": 51.57,
            "inventory_turnover_ratio": 2.65,
            "account_receivable_turnover_ratio": null,
            "reinvestment_rate": 92.43,
            "research_to_sale_ratio": null,
            "price_fair": 19.08,
            "eps_avg_yearly": 0.55,
            "eps_latest_yearly": 0.52,
            "eps_growth_yearly": 54.21
        },
        "20041": {
            "year_quarter": 20041,
            "year": 2004,
            "quarter": 1,
            "eps": 0.27,
            "eps_growth_year": 285.71,
            "eps_4q": 0.76,
            "eps_4q_growth_year": 68.86,
            "roe": 1.64,
            "roe_4q": 4.7299999999999995,
            "gross_profit": 75784,
            "gross_margin": 11.86,
            "gross_margin_4q_avg": 10.85,
            "net_income": 17912,
            "revenue": 638831,
            "common_shares": 685085,
            "book_valuer_per_share": 16.29,
            "book_valuer_per_share_4q_avg": 16.48,
            "equity": 1116079,
            "current_ratio": 212.56,
            "debt_ratio": 47.24,
            "inventory_turnover_ratio": 2.02,
            "account_receivable_turnover_ratio": null,
            "reinvestment_rate": 89.47,
            "research_to_sale_ratio": null,
            "price_fair": 21.16,
            "eps_avg_yearly": 0.6,
            "eps_latest_yearly": 1.08,
            "eps_growth_yearly": 96.05
        },
        "20042": {
            "year_quarter": 20042,
            "year": 2004,
            "quarter": 2,
            "eps": -0.04,
            "eps_growth_year": -133.33,
            "eps_4q": 0.58,
            "eps_4q_growth_year": 42.03,
            "roe": -0.26,
            "roe_4q": 3.75,
            "gross_profit": 74115,
            "gross_margin": 10.82,
            "gross_margin_4q_avg": 10.84,
            "net_income": -2887,
            "revenue": 684683,
            "common_shares": 691864,
            "book_valuer_per_share": 16.2,
            "book_valuer_per_share_4q_avg": 16.18,
            "equity": 1120713,
            "current_ratio": 201.66,
            "debt_ratio": 49.01,
            "inventory_turnover_ratio": 2.35,
            "account_receivable_turnover_ratio": null,
            "reinvestment_rate": 100.52,
            "research_to_sale_ratio": null,
            "price_fair": 21.16,
            "eps_avg_yearly": 0.6,
            "eps_latest_yearly": 1.08,
            "eps_growth_yearly": 96.05
        },
        "20043": {
            "year_quarter": 20043,
            "year": 2004,
            "quarter": 3,
            "eps": 0.3,
            "eps_growth_year": 20,
            "eps_4q": 0.62,
            "eps_4q_growth_year": 29.48,
            "roe": 1.97,
            "roe_4q": 4.17,
            "gross_profit": 56800,
            "gross_margin": 9.95,
            "gross_margin_4q_avg": 10.62,
            "net_income": 22153,
            "revenue": 570798,
            "common_shares": 744064,
            "book_valuer_per_share": 15.11,
            "book_valuer_per_share_4q_avg": 15.95,
            "equity": 1124171,
            "current_ratio": 175.95,
            "debt_ratio": 42.92,
            "inventory_turnover_ratio": 2.16,
            "account_receivable_turnover_ratio": null,
            "reinvestment_rate": 53.22,
            "research_to_sale_ratio": null,
            "price_fair": 21.16,
            "eps_avg_yearly": 0.6,
            "eps_latest_yearly": 1.08,
            "eps_growth_yearly": 96.05
        },
        "20044": {
            "year_quarter": 20044,
            "year": 2004,
            "quarter": 4,
            "eps": -0.11,
            "eps_growth_year": -184.62,
            "eps_4q": 0.39,
            "eps_4q_growth_year": -28.68,
            "roe": -0.73,
            "roe_4q": 2.62,
            "gross_profit": 59673,
            "gross_margin": 9.07,
            "gross_margin_4q_avg": 10.43,
            "net_income": -8204,
            "revenue": 658136,
            "common_shares": 744064,
            "book_valuer_per_share": 15,
            "book_valuer_per_share_4q_avg": 15.65,
            "equity": 1115968,
            "current_ratio": 165.92,
            "debt_ratio": 46.25,
            "inventory_turnover_ratio": 2.21,
            "account_receivable_turnover_ratio": null,
            "reinvestment_rate": -87.01,
            "research_to_sale_ratio": null,
            "price_fair": 21.16,
            "eps_avg_yearly": 0.6,
            "eps_latest_yearly": 1.08,
            "eps_growth_yearly": 96.05
        },
        "20051": {
            "year_quarter": 20051,
            "year": 2005,
            "quarter": 1,
            "eps": 0.08,
            "eps_growth_year": -70.37,
            "eps_4q": 0.22,
            "eps_4q_growth_year": -71.64,
            "roe": 0.57,
            "roe_4q": 1.55,
            "gross_profit": 59553,
            "gross_margin": 9.93,
            "gross_margin_4q_avg": 9.94,
            "net_income": 6522,
            "revenue": 599538,
            "common_shares": 821517,
            "book_valuer_per_share": 14.49,
            "book_valuer_per_share_4q_avg": 15.2,
            "equity": 1190145,
            "current_ratio": 179.52,
            "debt_ratio": 42.62,
            "inventory_turnover_ratio": 1.77,
            "account_receivable_turnover_ratio": null,
            "reinvestment_rate": -90.17,
            "research_to_sale_ratio": null,
            "price_fair": 21.16,
            "eps_avg_yearly": 0.6,
            "eps_latest_yearly": 1.08,
            "eps_growth_yearly": 96.05
        },
        "20052": {
            "year_quarter": 20052,
            "year": 2005,
            "quarter": 2,
            "eps": 0.07,
            "eps_growth_year": null,
            "eps_4q": 0.31,
            "eps_4q_growth_year": -46.34,
            "roe": 0.5,
            "roe_4q": 2.3099999999999996,
            "gross_profit": 60742,
            "gross_margin": 9.72,
            "gross_margin_4q_avg": 9.67,
            "net_income": 5944,
            "revenue": 625089,
            "common_shares": 846049,
            "book_valuer_per_share": 14.16,
            "book_valuer_per_share_4q_avg": 14.69,
            "equity": 1198235,
            "current_ratio": 195.88,
            "debt_ratio": 38.61,
            "inventory_turnover_ratio": 1.99,
            "account_receivable_turnover_ratio": null,
            "reinvestment_rate": -88.84,
            "research_to_sale_ratio": null,
            "price_fair": 20.02,
            "eps_avg_yearly": 0.57,
            "eps_latest_yearly": 0.28,
            "eps_growth_yearly": 81.44
        },
        "20053": {
            "year_quarter": 20053,
            "year": 2005,
            "quarter": 3,
            "eps": 0.06,
            "eps_growth_year": -80,
            "eps_4q": 0.11,
            "eps_4q_growth_year": -82.62,
            "roe": 0.44,
            "roe_4q": 0.7799999999999998,
            "gross_profit": 57534,
            "gross_margin": 9.54,
            "gross_margin_4q_avg": 9.57,
            "net_income": 5309,
            "revenue": 603294,
            "common_shares": 872386,
            "book_valuer_per_share": 13.82,
            "book_valuer_per_share_4q_avg": 14.37,
            "equity": 1205609,
            "current_ratio": 202.7,
            "debt_ratio": 37.96,
            "inventory_turnover_ratio": 2.36,
            "account_receivable_turnover_ratio": null,
            "reinvestment_rate": -28.33,
            "research_to_sale_ratio": null,
            "price_fair": 18.96,
            "eps_avg_yearly": 0.54,
            "eps_latest_yearly": 0.24,
            "eps_growth_yearly": 68.84
        },
        "20054": {
            "year_quarter": 20054,
            "year": 2005,
            "quarter": 4,
            "eps": 0.07,
            "eps_growth_year": null,
            "eps_4q": 0.29,
            "eps_4q_growth_year": -24.89,
            "roe": 0.46,
            "roe_4q": 1.9699999999999998,
            "gross_profit": 54696,
            "gross_margin": 8.02,
            "gross_margin_4q_avg": 9.3,
            "net_income": 5581,
            "revenue": 682308,
            "common_shares": 872386,
            "book_valuer_per_share": 13.86,
            "book_valuer_per_share_4q_avg": 14.08,
            "equity": 1208735,
            "current_ratio": 190.96,
            "debt_ratio": 40.49,
            "inventory_turnover_ratio": 2.79,
            "account_receivable_turnover_ratio": null,
            "reinvestment_rate": -112.54,
            "research_to_sale_ratio": null,
            "price_fair": 18.2,
            "eps_avg_yearly": 0.52,
            "eps_latest_yearly": 0.28,
            "eps_growth_yearly": 68.66
        },
        "20061": {
            "year_quarter": 20061,
            "year": 2006,
            "quarter": 1,
            "eps": 0.1,
            "eps_growth_year": 25,
            "eps_4q": 0.3,
            "eps_4q_growth_year": 37.39,
            "roe": 0.71,
            "roe_4q": 2.11,
            "gross_profit": 52487,
            "gross_margin": 8.6,
            "gross_margin_4q_avg": 8.97,
            "net_income": 8574,
            "revenue": 610334,
            "common_shares": 872386,
            "book_valuer_per_share": 13.95,
            "book_valuer_per_share_4q_avg": 13.95,
            "equity": 1217309,
            "current_ratio": 203.9,
            "debt_ratio": 36.13,
            "inventory_turnover_ratio": 2.54,
            "account_receivable_turnover_ratio": null,
            "reinvestment_rate": -28.69,
            "research_to_sale_ratio": null,
            "price_fair": 17.85,
            "eps_avg_yearly": 0.51,
            "eps_latest_yearly": 0.4,
            "eps_growth_yearly": 90.79
        },
        "20062": {
            "year_quarter": 20062,
            "year": 2006,
            "quarter": 2,
            "eps": -0.03,
            "eps_growth_year": -142.86,
            "eps_4q": 0.19,
            "eps_4q_growth_year": -38.35,
            "roe": -0.22,
            "roe_4q": 1.39,
            "gross_profit": 55492,
            "gross_margin": 8.85,
            "gross_margin_4q_avg": 8.75,
            "net_income": -2661,
            "revenue": 626986,
            "common_shares": 876111,
            "book_valuer_per_share": 13.87,
            "book_valuer_per_share_4q_avg": 13.88,
            "equity": 1215546,
            "current_ratio": 194.16,
            "debt_ratio": 38.85,
            "inventory_turnover_ratio": 3.03,
            "account_receivable_turnover_ratio": null,
            "reinvestment_rate": -32.74,
            "research_to_sale_ratio": null,
            "price_fair": 17.31,
            "eps_avg_yearly": 0.49,
            "eps_latest_yearly": 0.4,
            "eps_growth_yearly": 87.86
        },
        "20063": {
            "year_quarter": 20063,
            "year": 2006,
            "quarter": 3,
            "eps": -0.05,
            "eps_growth_year": -183.33,
            "eps_4q": 0.08,
            "eps_4q_growth_year": -29.49,
            "roe": -0.39,
            "roe_4q": 0.56,
            "gross_profit": 55585,
            "gross_margin": 8.77,
            "gross_margin_4q_avg": 8.56,
            "net_income": -4759,
            "revenue": 633498,
            "common_shares": 883083,
            "book_valuer_per_share": 13.84,
            "book_valuer_per_share_4q_avg": 13.88,
            "equity": 1222620,
            "current_ratio": 256.59,
            "debt_ratio": 35.27,
            "inventory_turnover_ratio": 3.09,
            "account_receivable_turnover_ratio": null,
            "reinvestment_rate": -40.54,
            "research_to_sale_ratio": null,
            "price_fair": 16.66,
            "eps_avg_yearly": 0.48,
            "eps_latest_yearly": 0.4,
            "eps_growth_yearly": 96.64
        },
        "20064": {
            "year_quarter": 20064,
            "year": 2006,
            "quarter": 4,
            "eps": 0.01,
            "eps_growth_year": -85.71,
            "eps_4q": 0.02,
            "eps_4q_growth_year": -93.17,
            "roe": 0.08,
            "roe_4q": 0.17999999999999994,
            "gross_profit": 65820,
            "gross_margin": 9.19,
            "gross_margin_4q_avg": 8.85,
            "net_income": 998,
            "revenue": 716149,
            "common_shares": 897987,
            "book_valuer_per_share": 13.76,
            "book_valuer_per_share_4q_avg": 13.86,
            "equity": 1236018,
            "current_ratio": 251.75,
            "debt_ratio": 35.16,
            "inventory_turnover_ratio": 3.48,
            "account_receivable_turnover_ratio": null,
            "reinvestment_rate": -119.23,
            "research_to_sale_ratio": null,
            "price_fair": 17.73,
            "eps_avg_yearly": 0.51,
            "eps_latest_yearly": 0.4,
            "eps_growth_yearly": 138.75
        },
        "20071": {
            "year_quarter": 20071,
            "year": 2007,
            "quarter": 1,
            "eps": 0.06,
            "eps_growth_year": -40,
            "eps_4q": -0.01,
            "eps_4q_growth_year": -104.63,
            "roe": 0.42,
            "roe_4q": -0.11000000000000001,
            "gross_profit": 58955,
            "gross_margin": 8.28,
            "gross_margin_4q_avg": 8.77,
            "net_income": 5227,
            "revenue": 712430,
            "common_shares": 902794,
            "book_valuer_per_share": 13.79,
            "book_valuer_per_share_4q_avg": 13.82,
            "equity": 1245244,
            "current_ratio": 310.6,
            "debt_ratio": 29.36,
            "inventory_turnover_ratio": 3.51,
            "account_receivable_turnover_ratio": null,
            "reinvestment_rate": -74.28,
            "research_to_sale_ratio": null,
            "price_fair": 17.58,
            "eps_avg_yearly": 0.5,
            "eps_latest_yearly": 0.24,
            "eps_growth_yearly": 343.2
        },
        "20072": {
            "year_quarter": 20072,
            "year": 2007,
            "quarter": 2,
            "eps": 0.1,
            "eps_growth_year": null,
            "eps_4q": 0.12,
            "eps_4q_growth_year": -39.18,
            "roe": 0.7,
            "roe_4q": 0.8099999999999999,
            "gross_profit": 66857,
            "gross_margin": 9.24,
            "gross_margin_4q_avg": 8.87,
            "net_income": 8803,
            "revenue": 723318,
            "common_shares": 902915,
            "book_valuer_per_share": 13.89,
            "book_valuer_per_share_4q_avg": 13.82,
            "equity": 1253954,
            "current_ratio": 293.37,
            "debt_ratio": 31.06,
            "inventory_turnover_ratio": 3.37,
            "account_receivable_turnover_ratio": null,
            "reinvestment_rate": -102.77,
            "research_to_sale_ratio": null,
            "price_fair": 17.27,
            "eps_avg_yearly": 0.49,
            "eps_latest_yearly": 0.4,
            "eps_growth_yearly": 341.08
        },
        "20073": {
            "year_quarter": 20073,
            "year": 2007,
            "quarter": 3,
            "eps": 0.04,
            "eps_growth_year": null,
            "eps_4q": 0.21,
            "eps_4q_growth_year": 170.84,
            "roe": 0.29,
            "roe_4q": 1.49,
            "gross_profit": 61096,
            "gross_margin": 8.51,
            "gross_margin_4q_avg": 8.81,
            "net_income": 3609,
            "revenue": 717668,
            "common_shares": 903515,
            "book_valuer_per_share": 14.05,
            "book_valuer_per_share_4q_avg": 13.87,
            "equity": 1269109,
            "current_ratio": 261.3,
            "debt_ratio": 28.69,
            "inventory_turnover_ratio": 3.6,
            "account_receivable_turnover_ratio": null,
            "reinvestment_rate": -118.12,
            "research_to_sale_ratio": null,
            "price_fair": 14,
            "eps_avg_yearly": 0.4,
            "eps_latest_yearly": 0.16,
            "eps_growth_yearly": 266.27
        },
        "20074": {
            "year_quarter": 20074,
            "year": 2007,
            "quarter": 4,
            "eps": 0.06,
            "eps_growth_year": 500,
            "eps_4q": 0.25,
            "eps_4q_growth_year": 1139.08,
            "roe": 0.44,
            "roe_4q": 1.8499999999999999,
            "gross_profit": 65024,
            "gross_margin": 7.61,
            "gross_margin_4q_avg": 8.41,
            "net_income": 5635,
            "revenue": 854274,
            "common_shares": 903516,
            "book_valuer_per_share": 14.11,
            "book_valuer_per_share_4q_avg": 13.96,
            "equity": 1274903,
            "current_ratio": 225.12,
            "debt_ratio": 33.76,
            "inventory_turnover_ratio": 4.62,
            "account_receivable_turnover_ratio": null,
            "reinvestment_rate": -130.49,
            "research_to_sale_ratio": null,
            "price_fair": 12.91,
            "eps_avg_yearly": 0.37,
            "eps_latest_yearly": 0.24,
            "eps_growth_yearly": 309.82
        },
        "20081": {
            "year_quarter": 20081,
            "year": 2008,
            "quarter": 1,
            "eps": 0.32,
            "eps_growth_year": 433.33,
            "eps_4q": 0.52,
            "eps_4q_growth_year": null,
            "roe": 2.18,
            "roe_4q": 3.6100000000000003,
            "gross_profit": 70354,
            "gross_margin": 8.06,
            "gross_margin_4q_avg": 8.36,
            "net_income": 28209,
            "revenue": 872563,
            "common_shares": 903515,
            "book_valuer_per_share": 14.5,
            "book_valuer_per_share_4q_avg": 14.14,
            "equity": 1310361,
            "current_ratio": 255.3,
            "debt_ratio": 29.16,
            "inventory_turnover_ratio": 4.44,
            "account_receivable_turnover_ratio": null,
            "reinvestment_rate": -114.24,
            "research_to_sale_ratio": null,
            "price_fair": 13.69,
            "eps_avg_yearly": 0.39,
            "eps_latest_yearly": 1.28,
            "eps_growth_yearly": 454.55
        },
        "20082": {
            "year_quarter": 20082,
            "year": 2008,
            "quarter": 2,
            "eps": 0.1,
            "eps_growth_year": 0,
            "eps_4q": 0.51,
            "eps_4q_growth_year": 336.73,
            "roe": 0.69,
            "roe_4q": 3.6,
            "gross_profit": 56308,
            "gross_margin": 6.85,
            "gross_margin_4q_avg": 7.76,
            "net_income": 9147,
            "revenue": 822182,
            "common_shares": 1007582,
            "book_valuer_per_share": 13.3,
            "book_valuer_per_share_4q_avg": 13.99,
            "equity": 1340443,
            "current_ratio": 275.78,
            "debt_ratio": 27.39,
            "inventory_turnover_ratio": 5.02,
            "account_receivable_turnover_ratio": null,
            "reinvestment_rate": -99.19,
            "research_to_sale_ratio": null,
            "price_fair": 13.72,
            "eps_avg_yearly": 0.39,
            "eps_latest_yearly": 0.4,
            "eps_growth_yearly": 381.6
        },
        "20083": {
            "year_quarter": 20083,
            "year": 2008,
            "quarter": 3,
            "eps": 0.1,
            "eps_growth_year": 150,
            "eps_4q": 0.56,
            "eps_4q_growth_year": 172.45,
            "roe": 0.7,
            "roe_4q": 4.010000000000001,
            "gross_profit": 62061,
            "gross_margin": 7.75,
            "gross_margin_4q_avg": 7.57,
            "net_income": 9290,
            "revenue": 800359,
            "common_shares": 1007582,
            "book_valuer_per_share": 13.03,
            "book_valuer_per_share_4q_avg": 13.74,
            "equity": 1312920,
            "current_ratio": 281.16,
            "debt_ratio": 27.2,
            "inventory_turnover_ratio": 5.9,
            "account_receivable_turnover_ratio": null,
            "reinvestment_rate": -34.71,
            "research_to_sale_ratio": null,
            "price_fair": 13.75,
            "eps_avg_yearly": 0.39,
            "eps_latest_yearly": 0.4,
            "eps_growth_yearly": 346.9
        },
        "20084": {
            "year_quarter": 20084,
            "year": 2008,
            "quarter": 4,
            "eps": 0.06,
            "eps_growth_year": 0,
            "eps_4q": 0.57,
            "eps_4q_growth_year": 130.49,
            "roe": 0.42,
            "roe_4q": 3.99,
            "gross_profit": 54690,
            "gross_margin": 7.53,
            "gross_margin_4q_avg": 7.55,
            "net_income": 5475,
            "revenue": 726660,
            "common_shares": 989962,
            "book_valuer_per_share": 13.1,
            "book_valuer_per_share_4q_avg": 13.48,
            "equity": 1297094,
            "current_ratio": 290.07,
            "debt_ratio": 26.44,
            "inventory_turnover_ratio": 5.29,
            "account_receivable_turnover_ratio": 2.84,
            "reinvestment_rate": -32.66,
            "research_to_sale_ratio": null,
            "price_fair": 13.3,
            "eps_avg_yearly": 0.38,
            "eps_latest_yearly": 0.24,
            "eps_growth_yearly": 304.66
        },
        "20091": {
            "year_quarter": 20091,
            "year": 2009,
            "quarter": 1,
            "eps": 0.15,
            "eps_growth_year": -53.12,
            "eps_4q": 0.4,
            "eps_4q_growth_year": -23.58,
            "roe": 1.09,
            "roe_4q": 2.9,
            "gross_profit": 54711,
            "gross_margin": 9.17,
            "gross_margin_4q_avg": 7.83,
            "net_income": 14289,
            "revenue": 596899,
            "common_shares": 989962,
            "book_valuer_per_share": 13.27,
            "book_valuer_per_share_4q_avg": 13.18,
            "equity": 1313626,
            "current_ratio": 338.12,
            "debt_ratio": 22.43,
            "inventory_turnover_ratio": 3.72,
            "account_receivable_turnover_ratio": 1.38,
            "reinvestment_rate": -32.76,
            "research_to_sale_ratio": null,
            "price_fair": 13.89,
            "eps_avg_yearly": 0.4,
            "eps_latest_yearly": 0.6,
            "eps_growth_yearly": 327.38
        },
        "20092": {
            "year_quarter": 20092,
            "year": 2009,
            "quarter": 2,
            "eps": 0.06,
            "eps_growth_year": -40,
            "eps_4q": 0.35,
            "eps_4q_growth_year": -31.16,
            "roe": 0.46,
            "roe_4q": 2.67,
            "gross_profit": 50444,
            "gross_margin": 7.86,
            "gross_margin_4q_avg": 8.08,
            "net_income": 5996,
            "revenue": 641670,
            "common_shares": 989962,
            "book_valuer_per_share": 12.81,
            "book_valuer_per_share_4q_avg": 13.05,
            "equity": 1268078,
            "current_ratio": 291.68,
            "debt_ratio": 26.07,
            "inventory_turnover_ratio": 4.47,
            "account_receivable_turnover_ratio": 1.65,
            "reinvestment_rate": -30.9,
            "research_to_sale_ratio": null,
            "price_fair": 13.78,
            "eps_avg_yearly": 0.39,
            "eps_latest_yearly": 0.24,
            "eps_growth_yearly": 312.77
        },
        "20093": {
            "year_quarter": 20093,
            "year": 2009,
            "quarter": 3,
            "eps": 0.21,
            "eps_growth_year": 110,
            "eps_4q": 0.48,
            "eps_4q_growth_year": -14.04,
            "roe": 1.53,
            "roe_4q": 3.5,
            "gross_profit": 66047,
            "gross_margin": 9.5,
            "gross_margin_4q_avg": 8.52,
            "net_income": 19761,
            "revenue": 695205,
            "common_shares": 989962,
            "book_valuer_per_share": 13.27,
            "book_valuer_per_share_4q_avg": 13.11,
            "equity": 1313347,
            "current_ratio": 303.83,
            "debt_ratio": 24.46,
            "inventory_turnover_ratio": 5.17,
            "account_receivable_turnover_ratio": 1.49,
            "reinvestment_rate": -25.39,
            "research_to_sale_ratio": null,
            "price_fair": 15.4,
            "eps_avg_yearly": 0.44,
            "eps_latest_yearly": 0.84,
            "eps_growth_yearly": 394.08
        },
        "20094": {
            "year_quarter": 20094,
            "year": 2009,
            "quarter": 4,
            "eps": 0.15,
            "eps_growth_year": 150,
            "eps_4q": 0.58,
            "eps_4q_growth_year": 0.98,
            "roe": 1.09,
            "roe_4q": 4.17,
            "gross_profit": 73694,
            "gross_margin": 8.76,
            "gross_margin_4q_avg": 8.82,
            "net_income": 14545,
            "revenue": 841413,
            "common_shares": 985072,
            "book_valuer_per_share": 14.43,
            "book_valuer_per_share_4q_avg": 13.45,
            "equity": 1366057,
            "current_ratio": 258.56,
            "debt_ratio": 29.3,
            "inventory_turnover_ratio": 4.71,
            "account_receivable_turnover_ratio": 2.73,
            "reinvestment_rate": 71.38,
            "research_to_sale_ratio": null,
            "price_fair": 16.26,
            "eps_avg_yearly": 0.46,
            "eps_latest_yearly": 0.6,
            "eps_growth_yearly": 380.16
        },
        "20101": {
            "year_quarter": 20101,
            "year": 2010,
            "quarter": 1,
            "eps": 0.16,
            "eps_growth_year": 6.67,
            "eps_4q": 0.59,
            "eps_4q_growth_year": 46.05,
            "roe": 1.1,
            "roe_4q": 4.180000000000001,
            "gross_profit": 65297,
            "gross_margin": 8.36,
            "gross_margin_4q_avg": 8.62,
            "net_income": 15131,
            "revenue": 781176,
            "common_shares": 985072,
            "book_valuer_per_share": 14.69,
            "book_valuer_per_share_4q_avg": 13.8,
            "equity": 1389964,
            "current_ratio": 265.03,
            "debt_ratio": 28.54,
            "inventory_turnover_ratio": 3.32,
            "account_receivable_turnover_ratio": 1.32,
            "reinvestment_rate": 138.61,
            "research_to_sale_ratio": 1.18,
            "price_fair": 16.91,
            "eps_avg_yearly": 0.48,
            "eps_latest_yearly": 0.64,
            "eps_growth_yearly": 369.03
        },
        "20102": {
            "year_quarter": 20102,
            "year": 2010,
            "quarter": 2,
            "eps": 0.16,
            "eps_growth_year": 165.33,
            "eps_4q": 0.68,
            "eps_4q_growth_year": 94.32,
            "roe": 1.11,
            "roe_4q": 4.83,
            "gross_profit": 68842,
            "gross_margin": 9.67,
            "gross_margin_4q_avg": 9.07,
            "net_income": 15067,
            "revenue": 711649,
            "common_shares": 985072,
            "book_valuer_per_share": 14.11,
            "book_valuer_per_share_4q_avg": 14.13,
            "equity": 1334977,
            "current_ratio": 248.08,
            "debt_ratio": 30.71,
            "inventory_turnover_ratio": 2.43,
            "account_receivable_turnover_ratio": 1.31,
            "reinvestment_rate": 116.81,
            "research_to_sale_ratio": 1.33,
            "price_fair": 17.3,
            "eps_avg_yearly": 0.49,
            "eps_latest_yearly": 0.64,
            "eps_growth_yearly": 342.67
        },
        "20103": {
            "year_quarter": 20103,
            "year": 2010,
            "quarter": 3,
            "eps": 0.26,
            "eps_growth_year": 22.75,
            "eps_4q": 0.73,
            "eps_4q_growth_year": 51.01,
            "roe": 1.81,
            "roe_4q": 5.109999999999999,
            "gross_profit": 71017,
            "gross_margin": 7.41,
            "gross_margin_4q_avg": 8.55,
            "net_income": 24397,
            "revenue": 958039,
            "common_shares": 985072,
            "book_valuer_per_share": 14.39,
            "book_valuer_per_share_4q_avg": 14.41,
            "equity": 1361662,
            "current_ratio": 253.04,
            "debt_ratio": 30.33,
            "inventory_turnover_ratio": 3.65,
            "account_receivable_turnover_ratio": 1.55,
            "reinvestment_rate": 100.36,
            "research_to_sale_ratio": 1,
            "price_fair": 18.57,
            "eps_avg_yearly": 0.53,
            "eps_latest_yearly": 1.04,
            "eps_growth_yearly": 336.49
        },
        "20104": {
            "year_quarter": 20104,
            "year": 2010,
            "quarter": 4,
            "eps": 0.23,
            "eps_growth_year": 51.93,
            "eps_4q": 0.8,
            "eps_4q_growth_year": 39.41,
            "roe": 1.58,
            "roe_4q": 5.6,
            "gross_profit": 77082,
            "gross_margin": 7.98,
            "gross_margin_4q_avg": 8.36,
            "net_income": 21592,
            "revenue": 966381,
            "common_shares": 966152,
            "book_valuer_per_share": 14.56,
            "book_valuer_per_share_4q_avg": 14.44,
            "equity": 1379212,
            "current_ratio": 239.46,
            "debt_ratio": 32.76,
            "inventory_turnover_ratio": 4.42,
            "account_receivable_turnover_ratio": 1.29,
            "reinvestment_rate": 91.8,
            "research_to_sale_ratio": 1.17,
            "price_fair": 19.43,
            "eps_avg_yearly": 0.56,
            "eps_latest_yearly": 0.92,
            "eps_growth_yearly": 312.58
        },
        "20111": {
            "year_quarter": 20111,
            "year": 2011,
            "quarter": 1,
            "eps": 0.14,
            "eps_growth_year": -12.5,
            "eps_4q": 0.78,
            "eps_4q_growth_year": 33.1,
            "roe": 0.92,
            "roe_4q": 5.420000000000001,
            "gross_profit": 69300,
            "gross_margin": 7.7,
            "gross_margin_4q_avg": 8.19,
            "net_income": 12805,
            "revenue": 899971,
            "common_shares": 947442,
            "book_valuer_per_share": 14.69,
            "book_valuer_per_share_4q_avg": 14.44,
            "equity": 1391697,
            "current_ratio": 232.56,
            "debt_ratio": 33.74,
            "inventory_turnover_ratio": 3.86,
            "account_receivable_turnover_ratio": 1.28,
            "reinvestment_rate": 94.41,
            "research_to_sale_ratio": 1.29,
            "price_fair": 20.13,
            "eps_avg_yearly": 0.58,
            "eps_latest_yearly": 0.56,
            "eps_growth_yearly": 177.79
        },
        "20112": {
            "year_quarter": 20112,
            "year": 2011,
            "quarter": 2,
            "eps": 0.1,
            "eps_growth_year": -34.5,
            "eps_4q": 0.72,
            "eps_4q_growth_year": 6.35,
            "roe": 0.73,
            "roe_4q": 5.04,
            "gross_profit": 71658,
            "gross_margin": 8.29,
            "gross_margin_4q_avg": 7.85,
            "net_income": 9879,
            "revenue": 864569,
            "common_shares": 947442,
            "book_valuer_per_share": 14.01,
            "book_valuer_per_share_4q_avg": 14.41,
            "equity": 1327662,
            "current_ratio": 210.14,
            "debt_ratio": 37.67,
            "inventory_turnover_ratio": 3.13,
            "account_receivable_turnover_ratio": 1.38,
            "reinvestment_rate": 91.03,
            "research_to_sale_ratio": 1.42,
            "price_fair": 20.13,
            "eps_avg_yearly": 0.58,
            "eps_latest_yearly": 0.4,
            "eps_growth_yearly": 153.98
        },
        "20113": {
            "year_quarter": 20113,
            "year": 2011,
            "quarter": 3,
            "eps": 0.11,
            "eps_growth_year": -58.3,
            "eps_4q": 0.57,
            "eps_4q_growth_year": -21.32,
            "roe": 0.77,
            "roe_4q": 4,
            "gross_profit": 77484,
            "gross_margin": 7.48,
            "gross_margin_4q_avg": 7.86,
            "net_income": 10184,
            "revenue": 1035916,
            "common_shares": 947442,
            "book_valuer_per_share": 13.9,
            "book_valuer_per_share_4q_avg": 14.29,
            "equity": 1316952,
            "current_ratio": 222.6,
            "debt_ratio": 35.7,
            "inventory_turnover_ratio": 3.71,
            "account_receivable_turnover_ratio": 1.45,
            "reinvestment_rate": 78.87,
            "research_to_sale_ratio": 1.01,
            "price_fair": 20.74,
            "eps_avg_yearly": 0.59,
            "eps_latest_yearly": 0.44,
            "eps_growth_yearly": 171.48
        },
        "20114": {
            "year_quarter": 20114,
            "year": 2011,
            "quarter": 4,
            "eps": 0.19,
            "eps_growth_year": -15.52,
            "eps_4q": 0.54,
            "eps_4q_growth_year": -32.92,
            "roe": 1.38,
            "roe_4q": 3.8,
            "gross_profit": 83697,
            "gross_margin": 7.78,
            "gross_margin_4q_avg": 7.81,
            "net_income": 18241,
            "revenue": 1075524,
            "common_shares": 947442,
            "book_valuer_per_share": 14.03,
            "book_valuer_per_share_4q_avg": 14.16,
            "equity": 1328899,
            "current_ratio": 190.89,
            "debt_ratio": 43.2,
            "inventory_turnover_ratio": 3.06,
            "account_receivable_turnover_ratio": 1.23,
            "reinvestment_rate": 72.37,
            "research_to_sale_ratio": 1.04,
            "price_fair": 21.88,
            "eps_avg_yearly": 0.63,
            "eps_latest_yearly": 0.76,
            "eps_growth_yearly": 177.17
        },
        "20121": {
            "year_quarter": 20121,
            "year": 2012,
            "quarter": 1,
            "eps": 0.31,
            "eps_growth_year": 121.43,
            "eps_4q": 0.71,
            "eps_4q_growth_year": -8.9,
            "roe": 2.15,
            "roe_4q": 5.029999999999999,
            "gross_profit": 83625,
            "gross_margin": 7.71,
            "gross_margin_4q_avg": 7.82,
            "net_income": 28985,
            "revenue": 1084928,
            "common_shares": 947442,
            "book_valuer_per_share": 0,
            "book_valuer_per_share_4q_avg": 10.49,
            "equity": 1369847,
            "current_ratio": 223.12,
            "debt_ratio": 36.13,
            "inventory_turnover_ratio": 2.93,
            "account_receivable_turnover_ratio": 1.16,
            "reinvestment_rate": 74.22,
            "research_to_sale_ratio": 1.04,
            "price_fair": 21.79,
            "eps_avg_yearly": 0.62,
            "eps_latest_yearly": 1.24,
            "eps_growth_yearly": 84.62
        },
        "20122": {
            "year_quarter": 20122,
            "year": 2012,
            "quarter": 2,
            "eps": 0.17,
            "eps_growth_year": 63.53,
            "eps_4q": 0.78,
            "eps_4q_growth_year": 7.12,
            "roe": 1.2,
            "roe_4q": 5.5,
            "gross_profit": 84624,
            "gross_margin": 9.45,
            "gross_margin_4q_avg": 8.11,
            "net_income": 16155,
            "revenue": 895441,
            "common_shares": 947442,
            "book_valuer_per_share": 13.87,
            "book_valuer_per_share_4q_avg": 10.45,
            "equity": 1314018,
            "current_ratio": 203.69,
            "debt_ratio": 39.47,
            "inventory_turnover_ratio": 2.89,
            "account_receivable_turnover_ratio": 1.02,
            "reinvestment_rate": 75.76,
            "research_to_sale_ratio": 1.06,
            "price_fair": 22.4,
            "eps_avg_yearly": 0.64,
            "eps_latest_yearly": 0.68,
            "eps_growth_yearly": 90.52
        },
        "20123": {
            "year_quarter": 20123,
            "year": 2012,
            "quarter": 3,
            "eps": 0.24,
            "eps_growth_year": 126.98,
            "eps_4q": 0.91,
            "eps_4q_growth_year": 58.83,
            "roe": 1.74,
            "roe_4q": 6.47,
            "gross_profit": 84924,
            "gross_margin": 10.07,
            "gross_margin_4q_avg": 8.75,
            "net_income": 23116,
            "revenue": 843157,
            "common_shares": 947442,
            "book_valuer_per_share": 14.18,
            "book_valuer_per_share_4q_avg": 10.52,
            "equity": 1343392,
            "current_ratio": 223.01,
            "debt_ratio": 35.65,
            "inventory_turnover_ratio": 2.65,
            "account_receivable_turnover_ratio": 1.04,
            "reinvestment_rate": 74.02,
            "research_to_sale_ratio": 0.98,
            "price_fair": 23.63,
            "eps_avg_yearly": 0.68,
            "eps_latest_yearly": 0.96,
            "eps_growth_yearly": 100.81
        },
        "20124": {
            "year_quarter": 20124,
            "year": 2012,
            "quarter": 4,
            "eps": 0.1,
            "eps_growth_year": -46.09,
            "eps_4q": 0.82,
            "eps_4q_growth_year": 52.79,
            "roe": 0.73,
            "roe_4q": 5.82,
            "gross_profit": 93685,
            "gross_margin": 8.27,
            "gross_margin_4q_avg": 8.88,
            "net_income": 9834,
            "revenue": 1133224,
            "common_shares": 947442,
            "book_valuer_per_share": 14.12,
            "book_valuer_per_share_4q_avg": 10.54,
            "equity": 1337975,
            "current_ratio": 185.58,
            "debt_ratio": 44.9,
            "inventory_turnover_ratio": 3.13,
            "account_receivable_turnover_ratio": 1.23,
            "reinvestment_rate": 65.53,
            "research_to_sale_ratio": 0.7,
            "price_fair": 23.98,
            "eps_avg_yearly": 0.69,
            "eps_latest_yearly": 0.4,
            "eps_growth_yearly": 96.23
        },
        "20131": {
            "year_quarter": 20131,
            "year": 2013,
            "quarter": 1,
            "eps": 0.05,
            "eps_growth_year": -83.87,
            "eps_4q": 0.57,
            "eps_4q_growth_year": -19.65,
            "roe": 0.37,
            "roe_4q": 4.04,
            "gross_profit": 89866,
            "gross_margin": 10.16,
            "gross_margin_4q_avg": 9.49,
            "net_income": 4962,
            "revenue": 884210,
            "common_shares": 947442,
            "book_valuer_per_share": 14.19,
            "book_valuer_per_share_4q_avg": 14.09,
            "equity": 1344333,
            "current_ratio": 193.57,
            "debt_ratio": 40.98,
            "inventory_turnover_ratio": 2.13,
            "account_receivable_turnover_ratio": 0.98,
            "reinvestment_rate": 93.24,
            "research_to_sale_ratio": 0.88,
            "price_fair": 23.1,
            "eps_avg_yearly": 0.66,
            "eps_latest_yearly": 0.2,
            "eps_growth_yearly": 46.23
        },
        "20132": {
            "year_quarter": 20132,
            "year": 2013,
            "quarter": 2,
            "eps": 0.22,
            "eps_growth_year": 29.02,
            "eps_4q": 0.62,
            "eps_4q_growth_year": -19.86,
            "roe": 1.6,
            "roe_4q": 4.44,
            "gross_profit": 89761,
            "gross_margin": 8.23,
            "gross_margin_4q_avg": 9.18,
            "net_income": 21028,
            "revenue": 1090342,
            "common_shares": 947442,
            "book_valuer_per_share": 13.58,
            "book_valuer_per_share_4q_avg": 14.02,
            "equity": 1287251,
            "current_ratio": 158.22,
            "debt_ratio": 51.64,
            "inventory_turnover_ratio": 2.8,
            "account_receivable_turnover_ratio": 1.2,
            "reinvestment_rate": 94.07,
            "research_to_sale_ratio": 0.68,
            "price_fair": 24.5,
            "eps_avg_yearly": 0.7,
            "eps_latest_yearly": 0.88,
            "eps_growth_yearly": 146.23
        },
        "20133": {
            "year_quarter": 20133,
            "year": 2013,
            "quarter": 3,
            "eps": 0.17,
            "eps_growth_year": -30.32,
            "eps_4q": 0.55,
            "eps_4q_growth_year": -39.67,
            "roe": 1.26,
            "roe_4q": 3.9600000000000004,
            "gross_profit": 84762,
            "gross_margin": 8.15,
            "gross_margin_4q_avg": 8.7,
            "net_income": 16249,
            "revenue": 1040150,
            "common_shares": 947442,
            "book_valuer_per_share": 13.73,
            "book_valuer_per_share_4q_avg": 13.91,
            "equity": 1301990,
            "current_ratio": 163.52,
            "debt_ratio": 49.65,
            "inventory_turnover_ratio": 2.49,
            "account_receivable_turnover_ratio": 1,
            "reinvestment_rate": 95.72,
            "research_to_sale_ratio": 1.01,
            "price_fair": 24.15,
            "eps_avg_yearly": 0.69,
            "eps_latest_yearly": 0.68,
            "eps_growth_yearly": 78.05
        },
        "20134": {
            "year_quarter": 20134,
            "year": 2013,
            "quarter": 4,
            "eps": 0.42,
            "eps_growth_year": 307.03,
            "eps_4q": 0.87,
            "eps_4q_growth_year": 5.49,
            "roe": 3.02,
            "roe_4q": 6.250000000000001,
            "gross_profit": 115233,
            "gross_margin": 8.92,
            "gross_margin_4q_avg": 8.87,
            "net_income": 39885,
            "revenue": 1292061,
            "common_shares": 947442,
            "book_valuer_per_share": 14.16,
            "book_valuer_per_share_4q_avg": 13.92,
            "equity": 1342732,
            "current_ratio": 154.12,
            "debt_ratio": 54.59,
            "inventory_turnover_ratio": 2.77,
            "account_receivable_turnover_ratio": 1.14,
            "reinvestment_rate": 40.1,
            "research_to_sale_ratio": 0.76,
            "price_fair": 26.51,
            "eps_avg_yearly": 0.76,
            "eps_latest_yearly": 1.68,
            "eps_growth_yearly": 121.96
        },
        "20141": {
            "year_quarter": 20141,
            "year": 2014,
            "quarter": 1,
            "eps": 0.19,
            "eps_growth_year": 280,
            "eps_4q": 1.01,
            "eps_4q_growth_year": 76.51,
            "roe": 1.32,
            "roe_4q": 7.199999999999999,
            "gross_profit": 88559,
            "gross_margin": 8.36,
            "gross_margin_4q_avg": 8.42,
            "net_income": 17747,
            "revenue": 1059540,
            "common_shares": 947442,
            "book_valuer_per_share": 14.3,
            "book_valuer_per_share_4q_avg": 13.94,
            "equity": 1355068,
            "current_ratio": 156.95,
            "debt_ratio": 50.55,
            "inventory_turnover_ratio": 2.32,
            "account_receivable_turnover_ratio": 0.96,
            "reinvestment_rate": 39.49,
            "research_to_sale_ratio": 0.67,
            "price_fair": 26.78,
            "eps_avg_yearly": 0.77,
            "eps_latest_yearly": 0.76,
            "eps_growth_yearly": 106.6
        },
        "20142": {
            "year_quarter": 20142,
            "year": 2014,
            "quarter": 2,
            "eps": 0.24,
            "eps_growth_year": 9.09,
            "eps_4q": 1.03,
            "eps_4q_growth_year": 64.78,
            "roe": 1.66,
            "roe_4q": 7.26,
            "gross_profit": 97796,
            "gross_margin": 9.3,
            "gross_margin_4q_avg": 8.68,
            "net_income": 22324,
            "revenue": 1052096,
            "common_shares": 947442,
            "book_valuer_per_share": 14.08,
            "book_valuer_per_share_4q_avg": 14.07,
            "equity": 1333948,
            "current_ratio": 221.81,
            "debt_ratio": 53.9,
            "inventory_turnover_ratio": 1.99,
            "account_receivable_turnover_ratio": 1.07,
            "reinvestment_rate": 2.64,
            "research_to_sale_ratio": 0.54,
            "price_fair": 27.48,
            "eps_avg_yearly": 0.79,
            "eps_latest_yearly": 0.96,
            "eps_growth_yearly": 113.18
        },
        "20143": {
            "year_quarter": 20143,
            "year": 2014,
            "quarter": 3,
            "eps": 0.27,
            "eps_growth_year": 58.82,
            "eps_4q": 1.12,
            "eps_4q_growth_year": 103.66,
            "roe": 1.89,
            "roe_4q": 7.890000000000001,
            "gross_profit": 108321,
            "gross_margin": 9.08,
            "gross_margin_4q_avg": 8.92,
            "net_income": 25401,
            "revenue": 1192353,
            "common_shares": 947442,
            "book_valuer_per_share": 14.3,
            "book_valuer_per_share_4q_avg": 14.21,
            "equity": 1357545,
            "current_ratio": 207.78,
            "debt_ratio": 55.72,
            "inventory_turnover_ratio": 1.86,
            "account_receivable_turnover_ratio": 1.16,
            "reinvestment_rate": 1.62,
            "research_to_sale_ratio": 0.34,
            "price_fair": 27.56,
            "eps_avg_yearly": 0.79,
            "eps_latest_yearly": 1.08,
            "eps_growth_yearly": 100.68
        },
        "20144": {
            "year_quarter": 20144,
            "year": 2014,
            "quarter": 4,
            "eps": 0.48,
            "eps_growth_year": 13.97,
            "eps_4q": 1.18,
            "eps_4q_growth_year": 35.8,
            "roe": 3.31,
            "roe_4q": 8.18,
            "gross_profit": 142364,
            "gross_margin": 8.54,
            "gross_margin_4q_avg": 8.82,
            "net_income": 45758,
            "revenue": 1666536,
            "common_shares": 947442,
            "book_valuer_per_share": 14.76,
            "book_valuer_per_share_4q_avg": 14.36,
            "equity": 1403912,
            "current_ratio": 187.11,
            "debt_ratio": 58.42,
            "inventory_turnover_ratio": 2.63,
            "account_receivable_turnover_ratio": 1.26,
            "reinvestment_rate": 3.75,
            "research_to_sale_ratio": 0.17,
            "price_fair": 29.75,
            "eps_avg_yearly": 0.85,
            "eps_latest_yearly": 1.92,
            "eps_growth_yearly": 123.01
        },
        "20151": {
            "year_quarter": 20151,
            "year": 2015,
            "quarter": 1,
            "eps": 0.54,
            "eps_growth_year": 184.21,
            "eps_4q": 1.53,
            "eps_4q_growth_year": 51.99,
            "roe": 3.57,
            "roe_4q": 10.43,
            "gross_profit": 132477,
            "gross_margin": 10.66,
            "gross_margin_4q_avg": 9.4,
            "net_income": 51029,
            "revenue": 1242871,
            "common_shares": 947442,
            "book_valuer_per_share": 15.32,
            "book_valuer_per_share_4q_avg": 14.62,
            "equity": 1456548,
            "current_ratio": 244.07,
            "debt_ratio": 49.06,
            "inventory_turnover_ratio": 2.26,
            "account_receivable_turnover_ratio": 0.91,
            "reinvestment_rate": 0.26,
            "research_to_sale_ratio": 0.15,
            "price_fair": 33.25,
            "eps_avg_yearly": 0.95,
            "eps_latest_yearly": 2.16,
            "eps_growth_yearly": 135.91
        },
        "20152": {
            "year_quarter": 20152,
            "year": 2015,
            "quarter": 2,
            "eps": 0.34,
            "eps_growth_year": 41.67,
            "eps_4q": 1.32,
            "eps_4q_growth_year": 28.79,
            "roe": 2.07,
            "roe_4q": 10.84,
            "gross_profit": 120935,
            "gross_margin": 9.41,
            "gross_margin_4q_avg": 9.42,
            "net_income": 33274,
            "revenue": 1285069,
            "common_shares": 1134771,
            "book_valuer_per_share": 15.49,
            "book_valuer_per_share_4q_avg": 14.97,
            "equity": 1762731,
            "current_ratio": 219.46,
            "debt_ratio": 41.71,
            "inventory_turnover_ratio": 2.45,
            "account_receivable_turnover_ratio": 1.08,
            "reinvestment_rate": -2.15,
            "research_to_sale_ratio": 0.17,
            "price_fair": 35.35,
            "eps_avg_yearly": 1.01,
            "eps_latest_yearly": 1.36,
            "eps_growth_yearly": 133.8
        },
        "20153": {
            "year_quarter": 20153,
            "year": 2015,
            "quarter": 3,
            "eps": 0.5,
            "eps_growth_year": 85.19,
            "eps_4q": 1.58,
            "eps_4q_growth_year": 40.42,
            "roe": 3.31,
            "roe_4q": 12.26,
            "gross_profit": 136796,
            "gross_margin": 10.17,
            "gross_margin_4q_avg": 9.7,
            "net_income": 60167,
            "revenue": 1345384,
            "common_shares": 1211933,
            "book_valuer_per_share": 15.37,
            "book_valuer_per_share_4q_avg": 15.24,
            "equity": 1867711,
            "current_ratio": 237.39,
            "debt_ratio": 37.04,
            "inventory_turnover_ratio": 2.45,
            "account_receivable_turnover_ratio": 1.05,
            "reinvestment_rate": 2.54,
            "research_to_sale_ratio": 0.16,
            "price_fair": 38.76,
            "eps_avg_yearly": 1.11,
            "eps_latest_yearly": 2,
            "eps_growth_yearly": 143.06
        },
        "20154": {
            "year_quarter": 20154,
            "year": 2015,
            "quarter": 4,
            "eps": 0.31,
            "eps_growth_year": -35.72,
            "eps_4q": 1.51,
            "eps_4q_growth_year": 27.67,
            "roe": 1.96,
            "roe_4q": 10.91,
            "gross_profit": 149020,
            "gross_margin": 9.73,
            "gross_margin_4q_avg": 9.99,
            "net_income": 36876,
            "revenue": 1530917,
            "common_shares": 1212655,
            "book_valuer_per_share": 15.67,
            "book_valuer_per_share_4q_avg": 15.46,
            "equity": 1904211,
            "current_ratio": 217.57,
            "debt_ratio": 41.07,
            "inventory_turnover_ratio": 3.14,
            "account_receivable_turnover_ratio": 1.11,
            "reinvestment_rate": 3.47,
            "research_to_sale_ratio": 0.17,
            "price_fair": 39.81,
            "eps_avg_yearly": 1.14,
            "eps_latest_yearly": 1.24,
            "eps_growth_yearly": 115.38
        },
        "20161": {
            "year_quarter": 20161,
            "year": 2016,
            "quarter": 1,
            "eps": 0.21,
            "eps_growth_year": -61.11,
            "eps_4q": 1.29,
            "eps_4q_growth_year": -15.46,
            "roe": 1.35,
            "roe_4q": 8.69,
            "gross_profit": 109274,
            "gross_margin": 8.42,
            "gross_margin_4q_avg": 9.43,
            "net_income": 25921,
            "revenue": 1298414,
            "common_shares": 1212655,
            "book_valuer_per_share": 15.93,
            "book_valuer_per_share_4q_avg": 15.62,
            "equity": 1935959,
            "current_ratio": 244.13,
            "debt_ratio": 37.06,
            "inventory_turnover_ratio": 2.94,
            "account_receivable_turnover_ratio": 1.01,
            "reinvestment_rate": -6.67,
            "research_to_sale_ratio": 0.18,
            "price_fair": 38.94,
            "eps_avg_yearly": 1.11,
            "eps_latest_yearly": 0.84,
            "eps_growth_yearly": 91.53
        },
        "20162": {
            "year_quarter": 20162,
            "year": 2016,
            "quarter": 2,
            "eps": 0.41,
            "eps_growth_year": 20.59,
            "eps_4q": 1.43,
            "eps_4q_growth_year": 8.18,
            "roe": 2.65,
            "roe_4q": 9.27,
            "gross_profit": 148448,
            "gross_margin": 10.64,
            "gross_margin_4q_avg": 9.74,
            "net_income": 50225,
            "revenue": 1395740,
            "common_shares": 1212655,
            "book_valuer_per_share": 15.29,
            "book_valuer_per_share_4q_avg": 15.57,
            "equity": 1858858,
            "current_ratio": 217.02,
            "debt_ratio": 41.74,
            "inventory_turnover_ratio": 3.11,
            "account_receivable_turnover_ratio": 1.13,
            "reinvestment_rate": -9.16,
            "research_to_sale_ratio": 0.19,
            "price_fair": 41.04,
            "eps_avg_yearly": 1.17,
            "eps_latest_yearly": 1.64,
            "eps_growth_yearly": 126.63
        },
        "20163": {
            "year_quarter": 20163,
            "year": 2016,
            "quarter": 3,
            "eps": 0.67,
            "eps_growth_year": 34,
            "eps_4q": 1.61,
            "eps_4q_growth_year": 1.97,
            "roe": 4.28,
            "roe_4q": 10.239999999999998,
            "gross_profit": 157943,
            "gross_margin": 9.73,
            "gross_margin_4q_avg": 9.63,
            "net_income": 81566,
            "revenue": 1622783,
            "common_shares": 1212655,
            "book_valuer_per_share": 16.03,
            "book_valuer_per_share_4q_avg": 15.73,
            "equity": 1951689,
            "current_ratio": 227.92,
            "debt_ratio": 38.89,
            "inventory_turnover_ratio": 3.48,
            "account_receivable_turnover_ratio": 1.13,
            "reinvestment_rate": -7.37,
            "research_to_sale_ratio": 0.17,
            "price_fair": 44.8,
            "eps_avg_yearly": 1.28,
            "eps_latest_yearly": 2.68,
            "eps_growth_yearly": 132.19
        },
        "20164": {
            "year_quarter": 20164,
            "year": 2016,
            "quarter": 4,
            "eps": 0.55,
            "eps_growth_year": 78.09,
            "eps_4q": 1.85,
            "eps_4q_growth_year": 22.58,
            "roe": 3.41,
            "roe_4q": 11.69,
            "gross_profit": 163603,
            "gross_margin": 10.13,
            "gross_margin_4q_avg": 9.73,
            "net_income": 67632,
            "revenue": 1615422,
            "common_shares": 1212655,
            "book_valuer_per_share": 16.57,
            "book_valuer_per_share_4q_avg": 15.96,
            "equity": 2017078,
            "current_ratio": 216.56,
            "debt_ratio": 41.61,
            "inventory_turnover_ratio": 3.31,
            "account_receivable_turnover_ratio": 1.01,
            "reinvestment_rate": -5.35,
            "research_to_sale_ratio": 0.22,
            "price_fair": 48.74,
            "eps_avg_yearly": 1.39,
            "eps_latest_yearly": 2.2,
            "eps_growth_yearly": 142.29
        },
        "20171": {
            "year_quarter": 20171,
            "year": 2017,
            "quarter": 1,
            "eps": 0.13,
            "eps_growth_year": -38.1,
            "eps_4q": 1.76,
            "eps_4q_growth_year": 35.76,
            "roe": 0.77,
            "roe_4q": 11.110000000000001,
            "gross_profit": 119780,
            "gross_margin": 8.5,
            "gross_margin_4q_avg": 9.75,
            "net_income": 15629,
            "revenue": 1408480,
            "common_shares": 1222420,
            "book_valuer_per_share": 16.69,
            "book_valuer_per_share_4q_avg": 16.15,
            "equity": 2047463,
            "current_ratio": 231.24,
            "debt_ratio": 38.59,
            "inventory_turnover_ratio": 2.86,
            "account_receivable_turnover_ratio": 0.97,
            "reinvestment_rate": -13.03,
            "research_to_sale_ratio": 0.24,
            "price_fair": 49.44,
            "eps_avg_yearly": 1.41,
            "eps_latest_yearly": 0.52,
            "eps_growth_yearly": 135.7
        },
        "20172": {
            "year_quarter": 20172,
            "year": 2017,
            "quarter": 2,
            "eps": 0.39,
            "eps_growth_year": -4.88,
            "eps_4q": 1.73,
            "eps_4q_growth_year": 21.33,
            "roe": 2.35,
            "roe_4q": 10.81,
            "gross_profit": 170874,
            "gross_margin": 11.77,
            "gross_margin_4q_avg": 10.03,
            "net_income": 46916,
            "revenue": 1452104,
            "common_shares": 1222596,
            "book_valuer_per_share": 15.87,
            "book_valuer_per_share_4q_avg": 16.29,
            "equity": 1947218,
            "current_ratio": 206.65,
            "debt_ratio": 43.29,
            "inventory_turnover_ratio": 3.12,
            "account_receivable_turnover_ratio": 1.11,
            "reinvestment_rate": -14.68,
            "research_to_sale_ratio": 0.21,
            "price_fair": 50.93,
            "eps_avg_yearly": 1.46,
            "eps_latest_yearly": 1.56,
            "eps_growth_yearly": 100.7
        },
        "20173": {
            "year_quarter": 20173,
            "year": 2017,
            "quarter": 3,
            "eps": 0.68,
            "eps_growth_year": 1.49,
            "eps_4q": 1.75,
            "eps_4q_growth_year": 8.67,
            "roe": 4.18,
            "roe_4q": 10.709999999999999,
            "gross_profit": 154037,
            "gross_margin": 9.18,
            "gross_margin_4q_avg": 9.9,
            "net_income": 83388,
            "revenue": 1677462,
            "common_shares": 1223866,
            "book_valuer_per_share": 16.6,
            "book_valuer_per_share_4q_avg": 16.43,
            "equity": 2040575,
            "current_ratio": 218.76,
            "debt_ratio": 40.57,
            "inventory_turnover_ratio": 4.16,
            "account_receivable_turnover_ratio": 1.11,
            "reinvestment_rate": -9.85,
            "research_to_sale_ratio": 0.12,
            "price_fair": 55.39,
            "eps_avg_yearly": 1.58,
            "eps_latest_yearly": 2.72,
            "eps_growth_yearly": 124.97
        },
        "20174": {
            "year_quarter": 20174,
            "year": 2017,
            "quarter": 4,
            "eps": 0.4,
            "eps_growth_year": -27.1,
            "eps_4q": 1.6,
            "eps_4q_growth_year": -13.41,
            "roe": 2.37,
            "roe_4q": 9.67,
            "gross_profit": 143600,
            "gross_margin": 10.05,
            "gross_margin_4q_avg": 9.88,
            "net_income": 48973,
            "revenue": 1429543,
            "common_shares": 1224804,
            "book_valuer_per_share": 17.01,
            "book_valuer_per_share_4q_avg": 16.54,
            "equity": 2093167,
            "current_ratio": 211.43,
            "debt_ratio": 42.16,
            "inventory_turnover_ratio": 3,
            "account_receivable_turnover_ratio": 0.87,
            "reinvestment_rate": -6.63,
            "research_to_sale_ratio": 0.15,
            "price_fair": 55.21,
            "eps_avg_yearly": 1.58,
            "eps_latest_yearly": 1.6,
            "eps_growth_yearly": 77.91
        },
        "20181": {
            "year_quarter": 20181,
            "year": 2018,
            "quarter": 1,
            "eps": 0.51,
            "eps_growth_year": 292.31,
            "eps_4q": 1.97,
            "eps_4q_growth_year": 12.37,
            "roe": 2.89,
            "roe_4q": 11.79,
            "gross_profit": 155496,
            "gross_margin": 10.32,
            "gross_margin_4q_avg": 10.33,
            "net_income": 61754,
            "revenue": 1506970,
            "common_shares": 1226804,
            "book_valuer_per_share": 17.69,
            "book_valuer_per_share_4q_avg": 16.79,
            "equity": 2178632,
            "current_ratio": 233.07,
            "debt_ratio": 37.79,
            "inventory_turnover_ratio": 3.1,
            "account_receivable_turnover_ratio": 1.04,
            "reinvestment_rate": -27.12,
            "research_to_sale_ratio": 0.14,
            "price_fair": 58.01,
            "eps_avg_yearly": 1.66,
            "eps_latest_yearly": 2.04,
            "eps_growth_yearly": 98.48
        },
        "20182": {
            "year_quarter": 20182,
            "year": 2018,
            "quarter": 2,
            "eps": 0.46,
            "eps_growth_year": 17.95,
            "eps_4q": 2.05,
            "eps_4q_growth_year": 18.32,
            "roe": 2.66,
            "roe_4q": 12.100000000000001,
            "gross_profit": 153536,
            "gross_margin": 9.84,
            "gross_margin_4q_avg": 9.85,
            "net_income": 56628,
            "revenue": 1560144,
            "common_shares": 1227081,
            "book_valuer_per_share": 16.87,
            "book_valuer_per_share_4q_avg": 17.04,
            "equity": 2079365,
            "current_ratio": 186.7,
            "debt_ratio": 47.16,
            "inventory_turnover_ratio": 3.16,
            "account_receivable_turnover_ratio": 1.1,
            "reinvestment_rate": -10.24,
            "research_to_sale_ratio": 0.13,
            "price_fair": 59.94,
            "eps_avg_yearly": 1.71,
            "eps_latest_yearly": 1.84,
            "eps_growth_yearly": 89.45
        },
        "20183": {
            "year_quarter": 20183,
            "year": 2018,
            "quarter": 3,
            "eps": 0.54,
            "eps_growth_year": -20.59,
            "eps_4q": 1.9,
            "eps_4q_growth_year": 9.07,
            "roe": 3.09,
            "roe_4q": 11.010000000000002,
            "gross_profit": 175532,
            "gross_margin": 9.6,
            "gross_margin_4q_avg": 9.95,
            "net_income": 65146,
            "revenue": 1827890,
            "common_shares": 1227390,
            "book_valuer_per_share": 17.33,
            "book_valuer_per_share_4q_avg": 17.23,
            "equity": 2135695,
            "current_ratio": 195.66,
            "debt_ratio": 43.88,
            "inventory_turnover_ratio": 3.29,
            "account_receivable_turnover_ratio": 1.04,
            "reinvestment_rate": -9.74,
            "research_to_sale_ratio": 0.11,
            "price_fair": 62.3,
            "eps_avg_yearly": 1.78,
            "eps_latest_yearly": 2.16,
            "eps_growth_yearly": 90.67
        },
        "20184": {
            "year_quarter": 20184,
            "year": 2018,
            "quarter": 4,
            "eps": 0.56,
            "eps_growth_year": 38.73,
            "eps_4q": 2.06,
            "eps_4q_growth_year": 28.62,
            "roe": 3.16,
            "roe_4q": 11.8,
            "gross_profit": 197180,
            "gross_margin": 11.25,
            "gross_margin_4q_avg": 10.25,
            "net_income": 68509,
            "revenue": 1752348,
            "common_shares": 1228965,
            "book_valuer_per_share": 17.87,
            "book_valuer_per_share_4q_avg": 17.44,
            "equity": 2204590,
            "current_ratio": 174.47,
            "debt_ratio": 49.83,
            "inventory_turnover_ratio": 2.17,
            "account_receivable_turnover_ratio": 0.92,
            "reinvestment_rate": -10.45,
            "research_to_sale_ratio": 0.12,
            "price_fair": 63,
            "eps_avg_yearly": 1.8,
            "eps_latest_yearly": 2.24,
            "eps_growth_yearly": 72.15
        },
        "20191": {
            "year_quarter": 20191,
            "year": 2019,
            "quarter": 1,
            "eps": 0.7,
            "eps_growth_year": 37.25,
            "eps_4q": 2.25,
            "eps_4q_growth_year": 13.72,
            "roe": 3.79,
            "roe_4q": 12.7,
            "gross_profit": 214590,
            "gross_margin": 10.23,
            "gross_margin_4q_avg": 10.23,
            "net_income": 85522,
            "revenue": 2097480,
            "common_shares": 1233092,
            "book_valuer_per_share": 18.64,
            "book_valuer_per_share_4q_avg": 17.68,
            "equity": 2305849,
            "current_ratio": 191.57,
            "debt_ratio": 45.03,
            "inventory_turnover_ratio": 2.16,
            "account_receivable_turnover_ratio": 1.09,
            "reinvestment_rate": -9.88,
            "research_to_sale_ratio": 0.07,
            "price_fair": 64.4,
            "eps_avg_yearly": 1.84,
            "eps_latest_yearly": 2.8,
            "eps_growth_yearly": 75.28
        },
        "20192": {
            "year_quarter": 20192,
            "year": 2019,
            "quarter": 2,
            "eps": 0.8,
            "eps_growth_year": 73.91,
            "eps_4q": 2.57,
            "eps_4q_growth_year": 25.35,
            "roe": 4.34,
            "roe_4q": 14.379999999999999,
            "gross_profit": 213274,
            "gross_margin": 10.66,
            "gross_margin_4q_avg": 10.44,
            "net_income": 98324,
            "revenue": 2000262,
            "common_shares": 1240092,
            "book_valuer_per_share": 17.86,
            "book_valuer_per_share_4q_avg": 17.93,
            "equity": 2222156,
            "current_ratio": 173.08,
            "debt_ratio": 50.45,
            "inventory_turnover_ratio": 2.06,
            "account_receivable_turnover_ratio": 1.07,
            "reinvestment_rate": -8.25,
            "research_to_sale_ratio": 0.07,
            "price_fair": 68.43,
            "eps_avg_yearly": 1.96,
            "eps_latest_yearly": 3.2,
            "eps_growth_yearly": 88.11
        },
        "20193": {
            "year_quarter": 20193,
            "year": 2019,
            "quarter": 3,
            "eps": 0.42,
            "eps_growth_year": -22.22,
            "eps_4q": 2.46,
            "eps_4q_growth_year": 29.18,
            "roe": 2.3,
            "roe_4q": 13.59,
            "gross_profit": 207283,
            "gross_margin": 8.7,
            "gross_margin_4q_avg": 10.21,
            "net_income": 51768,
            "revenue": 2382849,
            "common_shares": 1242672,
            "book_valuer_per_share": 18.33,
            "book_valuer_per_share_4q_avg": 18.18,
            "equity": 2284578,
            "current_ratio": 166.01,
            "debt_ratio": 52.4,
            "inventory_turnover_ratio": 2.59,
            "account_receivable_turnover_ratio": 1.21,
            "reinvestment_rate": -8.6,
            "research_to_sale_ratio": 0.06,
            "price_fair": 67.73,
            "eps_avg_yearly": 1.94,
            "eps_latest_yearly": 1.68,
            "eps_growth_yearly": 64.47
        },
        "20194": {
            "year_quarter": 20194,
            "year": 2019,
            "quarter": 4,
            "eps": 0.92,
            "eps_growth_year": 64.43,
            "eps_4q": 2.82,
            "eps_4q_growth_year": 36.95,
            "roe": 4.82,
            "roe_4q": 15.25,
            "gross_profit": 261011,
            "gross_margin": 10.72,
            "gross_margin_4q_avg": 10.08,
            "net_income": 113541,
            "revenue": 2434579,
            "common_shares": 1246352,
            "book_valuer_per_share": 19.42,
            "book_valuer_per_share_4q_avg": 18.56,
            "equity": 2426189,
            "current_ratio": 162,
            "debt_ratio": 53.57,
            "inventory_turnover_ratio": 2.1,
            "account_receivable_turnover_ratio": 1.17,
            "reinvestment_rate": -7.39,
            "research_to_sale_ratio": 0.1,
            "price_fair": 73.06,
            "eps_avg_yearly": 2.09,
            "eps_latest_yearly": 3.68,
            "eps_growth_yearly": 103.73
        },
        "20201": {
            "year_quarter": 20201,
            "year": 2020,
            "quarter": 1,
            "eps": 0.75,
            "eps_growth_year": 7.14,
            "eps_4q": 2.87,
            "eps_4q_growth_year": 27.71,
            "roe": 3.72,
            "roe_4q": 15.18,
            "gross_profit": 235871,
            "gross_margin": 9.32,
            "gross_margin_4q_avg": 9.85,
            "net_income": 91709,
            "revenue": 2531807,
            "common_shares": 1248462,
            "book_valuer_per_share": 20.01,
            "book_valuer_per_share_4q_avg": 18.91,
            "equity": 2505984,
            "current_ratio": 161.78,
            "debt_ratio": 53.97,
            "inventory_turnover_ratio": 1.87,
            "account_receivable_turnover_ratio": 1.23,
            "reinvestment_rate": -3.43,
            "research_to_sale_ratio": 0.06,
            "price_fair": 77.79,
            "eps_avg_yearly": 2.22,
            "eps_latest_yearly": 3,
            "eps_growth_yearly": 107.18
        },
        "20202": {
            "year_quarter": 20202,
            "year": 2020,
            "quarter": 2,
            "eps": 1.15,
            "eps_growth_year": 43.75,
            "eps_4q": 3.21,
            "eps_4q_growth_year": 24.96,
            "roe": 5.74,
            "roe_4q": 16.580000000000002,
            "gross_profit": 302496,
            "gross_margin": 11.64,
            "gross_margin_4q_avg": 10.1,
            "net_income": 141956,
            "revenue": 2599718,
            "common_shares": 1249632,
            "book_valuer_per_share": 19.43,
            "book_valuer_per_share_4q_avg": 19.3,
            "equity": 2437212,
            "current_ratio": 162.04,
            "debt_ratio": 52.96,
            "inventory_turnover_ratio": 2.24,
            "account_receivable_turnover_ratio": 1.23,
            "reinvestment_rate": -2.58,
            "research_to_sale_ratio": 0.05,
            "price_fair": 84.26,
            "eps_avg_yearly": 2.41,
            "eps_latest_yearly": 4.6,
            "eps_growth_yearly": 96.7
        },
        "20203": {
            "year_quarter": 20203,
            "year": 2020,
            "quarter": 3,
            "eps": 0.92,
            "eps_growth_year": 119.05,
            "eps_4q": 3.71,
            "eps_4q_growth_year": 50.7,
            "roe": 4.6,
            "roe_4q": 18.880000000000003,
            "gross_profit": 260050,
            "gross_margin": 10.54,
            "gross_margin_4q_avg": 10.56,
            "net_income": 114632,
            "revenue": 2467016,
            "common_shares": 1252722,
            "book_valuer_per_share": 20.24,
            "book_valuer_per_share_4q_avg": 19.78,
            "equity": 2547019,
            "current_ratio": 179.15,
            "debt_ratio": 46.93,
            "inventory_turnover_ratio": 2.4,
            "account_receivable_turnover_ratio": 1.18,
            "reinvestment_rate": -3.01,
            "research_to_sale_ratio": 0.08,
            "price_fair": 86.45,
            "eps_avg_yearly": 2.47,
            "eps_latest_yearly": 3.68,
            "eps_growth_yearly": 75.85
        },
        "20204": {
            "year_quarter": 20204,
            "year": 2020,
            "quarter": 4,
            "eps": 0.73,
            "eps_growth_year": -20.42,
            "eps_4q": 3.51,
            "eps_4q_growth_year": 24.7,
            "roe": 3.53,
            "roe_4q": 17.59,
            "gross_profit": 247709,
            "gross_margin": 11.08,
            "gross_margin_4q_avg": 10.65,
            "net_income": 92101,
            "revenue": 2235777,
            "common_shares": 1256402,
            "book_valuer_per_share": 21.15,
            "book_valuer_per_share_4q_avg": 20.21,
            "equity": 2669412,
            "current_ratio": 167.54,
            "debt_ratio": 51.21,
            "inventory_turnover_ratio": 1.84,
            "account_receivable_turnover_ratio": 1.07,
            "reinvestment_rate": -1.88,
            "research_to_sale_ratio": 0.12,
            "price_fair": 88.03,
            "eps_avg_yearly": 2.52,
            "eps_latest_yearly": 2.92,
            "eps_growth_yearly": 75.16
        },
        "20211": {
            "year_quarter": 20211,
            "year": 2021,
            "quarter": 1,
            "eps": 0.92,
            "eps_growth_year": 22.67,
            "eps_4q": 3.68,
            "eps_4q_growth_year": 28.25,
            "roe": 4.48,
            "roe_4q": 18.35,
            "gross_profit": 279734,
            "gross_margin": 9.66,
            "gross_margin_4q_avg": 10.73,
            "net_income": 115331,
            "revenue": 2895489,
            "common_shares": 1263292,
            "book_valuer_per_share": 19.55,
            "book_valuer_per_share_4q_avg": 20.09,
            "equity": 2481977,
            "current_ratio": 148.29,
            "debt_ratio": 57.56,
            "inventory_turnover_ratio": 2.29,
            "account_receivable_turnover_ratio": 1.26,
            "reinvestment_rate": -2.66,
            "research_to_sale_ratio": 0.05,
            "price_fair": 94.94,
            "eps_avg_yearly": 2.71,
            "eps_latest_yearly": 3.68,
            "eps_growth_yearly": 100.76
        },
        "20212": {
            "year_quarter": 20212,
            "year": 2021,
            "quarter": 2,
            "eps": 0.93,
            "eps_growth_year": -19.13,
            "eps_4q": 3.48,
            "eps_4q_growth_year": 8.21,
            "roe": 4.62,
            "roe_4q": 17.23,
            "gross_profit": 284618,
            "gross_margin": 10.65,
            "gross_margin_4q_avg": 10.48,
            "net_income": 116526,
            "revenue": 2672217,
            "common_shares": 1264182,
            "book_valuer_per_share": 20.17,
            "book_valuer_per_share_4q_avg": 20.28,
            "equity": 2561406,
            "current_ratio": 151.75,
            "debt_ratio": 56.85,
            "inventory_turnover_ratio": 1.92,
            "account_receivable_turnover_ratio": 1.08,
            "reinvestment_rate": -2.66,
            "research_to_sale_ratio": 0.06,
            "price_fair": 99.66,
            "eps_avg_yearly": 2.85,
            "eps_latest_yearly": 3.72,
            "eps_growth_yearly": 51.03
        },
        "20213": {
            "year_quarter": 20213,
            "year": 2021,
            "quarter": 3,
            "eps": 1.42,
            "eps_growth_year": 54.35,
            "eps_4q": 3.97,
            "eps_4q_growth_year": 7.16,
            "roe": 6.75,
            "roe_4q": 19.380000000000003,
            "gross_profit": 360192,
            "gross_margin": 8.43,
            "gross_margin_4q_avg": 9.96,
            "net_income": 179204,
            "revenue": 4272343,
            "common_shares": 1268742,
            "book_valuer_per_share": 21.59,
            "book_valuer_per_share_4q_avg": 20.62,
            "equity": 2749595,
            "current_ratio": 147.11,
            "debt_ratio": 60.21,
            "inventory_turnover_ratio": 2.54,
            "account_receivable_turnover_ratio": 1.49,
            "reinvestment_rate": -3.12,
            "research_to_sale_ratio": 0.09,
            "price_fair": 106.14,
            "eps_avg_yearly": 3.03,
            "eps_latest_yearly": 5.68,
            "eps_growth_yearly": 45.61
        },
        "20214": {
            "year_quarter": 20214,
            "year": 2021,
            "quarter": 4,
            "eps": 0.82,
            "eps_growth_year": 12.91,
            "eps_4q": 3.54,
            "eps_4q_growth_year": 0.6,
            "roe": 3.74,
            "roe_4q": 19.59,
            "gross_profit": 370967,
            "gross_margin": 12.21,
            "gross_margin_4q_avg": 10.24,
            "net_income": 125061,
            "revenue": 3038128,
            "common_shares": 1519707,
            "book_valuer_per_share": 25.72,
            "book_valuer_per_share_4q_avg": 21.76,
            "equity": 3943986,
            "current_ratio": 184.2,
            "debt_ratio": 48.62,
            "inventory_turnover_ratio": 1.63,
            "account_receivable_turnover_ratio": 0.99,
            "reinvestment_rate": -3.14,
            "research_to_sale_ratio": 0.1,
            "price_fair": 109.81,
            "eps_avg_yearly": 3.14,
            "eps_latest_yearly": 3.28,
            "eps_growth_yearly": 45.34
        },
        "20221": {
            "year_quarter": 20221,
            "year": 2022,
            "quarter": 1,
            "eps": 0.97,
            "eps_growth_year": 5.43,
            "eps_4q": 3.73,
            "eps_4q_growth_year": 1.39,
            "roe": 3.9,
            "roe_4q": 19.01,
            "gross_profit": 359078,
            "gross_margin": 11.68,
            "gross_margin_4q_avg": 10.74,
            "net_income": 146176,
            "revenue": 3072976,
            "common_shares": 1524007,
            "book_valuer_per_share": 23.04,
            "book_valuer_per_share_4q_avg": 22.63,
            "equity": 3546728,
            "current_ratio": 165.31,
            "debt_ratio": 53.89,
            "inventory_turnover_ratio": 1.81,
            "account_receivable_turnover_ratio": 1.07,
            "reinvestment_rate": 0.69,
            "research_to_sale_ratio": 0.1,
            "price_fair": 113.84,
            "eps_avg_yearly": 3.25,
            "eps_latest_yearly": 3.88,
            "eps_growth_yearly": 43.04
        },
        "20222": {
            "year_quarter": 20222,
            "year": 2022,
            "quarter": 2,
            "eps": 0.92,
            "eps_growth_year": -1.08,
            "eps_4q": 3.88,
            "eps_4q_growth_year": 11.51,
            "roe": 3.92,
            "roe_4q": 18.310000000000002,
            "gross_profit": 360036,
            "gross_margin": 12.13,
            "gross_margin_4q_avg": 11.11,
            "net_income": 141634,
            "revenue": 2967967,
            "common_shares": 1526477,
            "book_valuer_per_share": 23.81,
            "book_valuer_per_share_4q_avg": 23.54,
            "equity": 3671457,
            "current_ratio": 176.01,
            "debt_ratio": 50.51,
            "inventory_turnover_ratio": 1.78,
            "account_receivable_turnover_ratio": 1.05,
            "reinvestment_rate": 1.34,
            "research_to_sale_ratio": 0.11,
            "price_fair": 117.86,
            "eps_avg_yearly": 3.37,
            "eps_latest_yearly": 3.68,
            "eps_growth_yearly": 44.2
        },
        "20223": {
            "year_quarter": 20223,
            "year": 2022,
            "quarter": 3,
            "eps": 1.25,
            "eps_growth_year": -11.97,
            "eps_4q": 3.94,
            "eps_4q_growth_year": -0.77,
            "roe": 5.05,
            "roe_4q": 16.61,
            "gross_profit": 381301,
            "gross_margin": 10.15,
            "gross_margin_4q_avg": 11.54,
            "net_income": 189806,
            "revenue": 3755382,
            "common_shares": 1528997,
            "book_valuer_per_share": 24.92,
            "book_valuer_per_share_4q_avg": 24.37,
            "equity": 3846275,
            "current_ratio": 178.07,
            "debt_ratio": 50.05,
            "inventory_turnover_ratio": 2.28,
            "account_receivable_turnover_ratio": 1.16,
            "reinvestment_rate": 1.35,
            "research_to_sale_ratio": 0.1,
            "price_fair": 124.08,
            "eps_avg_yearly": 3.55,
            "eps_latest_yearly": 5,
            "eps_growth_yearly": 48.82
        },
        "20224": {
            "year_quarter": 20224,
            "year": 2022,
            "quarter": 4,
            "eps": 0.89,
            "eps_growth_year": 8.07,
            "eps_4q": 4.01,
            "eps_4q_growth_year": 13.39,
            "roe": 3.44,
            "roe_4q": 16.31,
            "gross_profit": 387646,
            "gross_margin": 13.19,
            "gross_margin_4q_avg": 11.79,
            "net_income": 134786,
            "revenue": 2938058,
            "common_shares": 1530317,
            "book_valuer_per_share": 25.8,
            "book_valuer_per_share_4q_avg": 24.39,
            "equity": 3983378,
            "current_ratio": 177.42,
            "debt_ratio": 50.3,
            "inventory_turnover_ratio": 1.52,
            "account_receivable_turnover_ratio": 0.9,
            "reinvestment_rate": 0.98,
            "research_to_sale_ratio": 0.13,
            "price_fair": 126.96,
            "eps_avg_yearly": 3.63,
            "eps_latest_yearly": 3.56,
            "eps_growth_yearly": 40.7
        },
        "20231": {
            "year_quarter": 20231,
            "year": 2023,
            "quarter": 1,
            "eps": 1.17,
            "eps_growth_year": 20.62,
            "eps_4q": 4.21,
            "eps_4q_growth_year": 12.92,
            "roe": 4.68,
            "roe_4q": 17.089999999999996,
            "gross_profit": 411104,
            "gross_margin": 11.05,
            "gross_margin_4q_avg": 11.63,
            "net_income": 177984,
            "revenue": 3720158,
            "common_shares": 1533147,
            "book_valuer_per_share": 23.43,
            "book_valuer_per_share_4q_avg": 24.49,
            "equity": 3626470,
            "current_ratio": 166.04,
            "debt_ratio": 53.27,
            "inventory_turnover_ratio": 2.07,
            "account_receivable_turnover_ratio": 1.22,
            "reinvestment_rate": 0.93,
            "research_to_sale_ratio": 0.13,
            "price_fair": 131.08,
            "eps_avg_yearly": 3.75,
            "eps_latest_yearly": 4.68,
            "eps_growth_yearly": 42.31
        },
        "20232": {
            "year_quarter": 20232,
            "year": 2023,
            "quarter": 2,
            "eps": 0.98,
            "eps_growth_year": 6.52,
            "eps_4q": 4.27,
            "eps_4q_growth_year": 10.2,
            "roe": 4.11,
            "roe_4q": 17.279999999999998,
            "gross_profit": 382750,
            "gross_margin": 12.07,
            "gross_margin_4q_avg": 11.62,
            "net_income": 153197,
            "revenue": 3171231,
            "common_shares": 1535797,
            "book_valuer_per_share": 24.64,
            "book_valuer_per_share_4q_avg": 24.7,
            "equity": 3824904,
            "current_ratio": 167.91,
            "debt_ratio": 50.69,
            "inventory_turnover_ratio": 1.98,
            "account_receivable_turnover_ratio": 1.03,
            "reinvestment_rate": 13.44,
            "research_to_sale_ratio": 0.18,
            "price_fair": 132.65,
            "eps_avg_yearly": 3.79,
            "eps_latest_yearly": 3.92,
            "eps_growth_yearly": 34.68
        }
    },
    "months": {
        "2002-08": {
            "month": "2002-08",
            "price": "16.60",
            "revenue": 170788
        },
        "2002-09": {
            "month": "2002-09",
            "price": "15.28",
            "revenue": 192319
        },
        "2002-10": {
            "month": "2002-10",
            "price": "13.97",
            "revenue": 189269
        },
        "2002-11": {
            "month": "2002-11",
            "price": "14.42",
            "revenue": 225015
        },
        "2002-12": {
            "month": "2002-12",
            "price": "13.56",
            "revenue": 286484
        },
        "2003-01": {
            "month": "2003-01",
            "price": "13.06",
            "revenue": 275672
        },
        "2003-02": {
            "month": "2003-02",
            "price": "12.85",
            "revenue": 143002
        },
        "2003-03": {
            "month": "2003-03",
            "price": "13.85",
            "revenue": 182500
        },
        "2003-04": {
            "month": "2003-04",
            "price": "13.51",
            "revenue": 197353
        },
        "2003-05": {
            "month": "2003-05",
            "price": "12.61",
            "revenue": 169786
        },
        "2003-06": {
            "month": "2003-06",
            "price": "13.55",
            "revenue": 211548
        },
        "2003-07": {
            "month": "2003-07",
            "price": "14.00",
            "revenue": 216872
        },
        "2003-08": {
            "month": "2003-08",
            "price": "13.17",
            "revenue": 188839
        },
        "2003-09": {
            "month": "2003-09",
            "price": "11.93",
            "revenue": 245809
        },
        "2003-10": {
            "month": "2003-10",
            "price": "12.00",
            "revenue": 243444
        },
        "2003-11": {
            "month": "2003-11",
            "price": "12.19",
            "revenue": 227806
        },
        "2003-12": {
            "month": "2003-12",
            "price": "13.24",
            "revenue": 356816
        },
        "2004-01": {
            "month": "2004-01",
            "price": "13.81",
            "revenue": 201870
        },
        "2004-02": {
            "month": "2004-02",
            "price": "14.13",
            "revenue": 218321
        },
        "2004-03": {
            "month": "2004-03",
            "price": "16.48",
            "revenue": 218641
        },
        "2004-04": {
            "month": "2004-04",
            "price": "17.75",
            "revenue": 247985
        },
        "2004-05": {
            "month": "2004-05",
            "price": "15.91",
            "revenue": 195744
        },
        "2004-06": {
            "month": "2004-06",
            "price": "13.76",
            "revenue": 240953
        },
        "2004-07": {
            "month": "2004-07",
            "price": "9.97",
            "revenue": 214681
        },
        "2004-08": {
            "month": "2004-08",
            "price": "9.73",
            "revenue": 167022
        },
        "2004-09": {
            "month": "2004-09",
            "price": "9.44",
            "revenue": 189096
        },
        "2004-10": {
            "month": "2004-10",
            "price": "8.20",
            "revenue": 182689
        },
        "2004-11": {
            "month": "2004-11",
            "price": "8.18",
            "revenue": 178377
        },
        "2004-12": {
            "month": "2004-12",
            "price": "8.20",
            "revenue": 297071
        },
        "2005-01": {
            "month": "2005-01",
            "price": "7.99",
            "revenue": 202317
        },
        "2005-02": {
            "month": "2005-02",
            "price": "10.87",
            "revenue": 137773
        },
        "2005-03": {
            "month": "2005-03",
            "price": "11.83",
            "revenue": 259448
        },
        "2005-04": {
            "month": "2005-04",
            "price": "11.79",
            "revenue": 202171
        },
        "2005-05": {
            "month": "2005-05",
            "price": "11.64",
            "revenue": 200594
        },
        "2005-06": {
            "month": "2005-06",
            "price": "13.19",
            "revenue": 222323
        },
        "2005-07": {
            "month": "2005-07",
            "price": "13.24",
            "revenue": 234150
        },
        "2005-08": {
            "month": "2005-08",
            "price": "12.07",
            "revenue": 168659
        },
        "2005-09": {
            "month": "2005-09",
            "price": "10.90",
            "revenue": 200485
        },
        "2005-10": {
            "month": "2005-10",
            "price": "8.71",
            "revenue": 173337
        },
        "2005-11": {
            "month": "2005-11",
            "price": "8.20",
            "revenue": 227762
        },
        "2005-12": {
            "month": "2005-12",
            "price": "9.91",
            "revenue": 281209
        },
        "2006-01": {
            "month": "2006-01",
            "price": "10.44",
            "revenue": 191399
        },
        "2006-02": {
            "month": "2006-02",
            "price": "9.52",
            "revenue": 188889
        },
        "2006-03": {
            "month": "2006-03",
            "price": "9.20",
            "revenue": 230046
        },
        "2006-04": {
            "month": "2006-04",
            "price": "8.68",
            "revenue": 220612
        },
        "2006-05": {
            "month": "2006-05",
            "price": "9.17",
            "revenue": 187429
        },
        "2006-06": {
            "month": "2006-06",
            "price": "10.85",
            "revenue": 218944
        },
        "2006-07": {
            "month": "2006-07",
            "price": "9.74",
            "revenue": 221812
        },
        "2006-08": {
            "month": "2006-08",
            "price": "9.15",
            "revenue": 195204
        },
        "2006-09": {
            "month": "2006-09",
            "price": "9.44",
            "revenue": 216483
        },
        "2006-10": {
            "month": "2006-10",
            "price": "9.44",
            "revenue": 187712
        },
        "2006-11": {
            "month": "2006-11",
            "price": "9.65",
            "revenue": 237941
        },
        "2006-12": {
            "month": "2006-12",
            "price": "11.12",
            "revenue": 290495
        },
        "2007-01": {
            "month": "2007-01",
            "price": "11.59",
            "revenue": 254681
        },
        "2007-02": {
            "month": "2007-02",
            "price": "10.71",
            "revenue": 190467
        },
        "2007-03": {
            "month": "2007-03",
            "price": "10.39",
            "revenue": 267282
        },
        "2007-04": {
            "month": "2007-04",
            "price": "11.66",
            "revenue": 257694
        },
        "2007-05": {
            "month": "2007-05",
            "price": "10.81",
            "revenue": 235761
        },
        "2007-06": {
            "month": "2007-06",
            "price": "13.71",
            "revenue": 229864
        },
        "2007-07": {
            "month": "2007-07",
            "price": "14.54",
            "revenue": 264883
        },
        "2007-08": {
            "month": "2007-08",
            "price": "12.25",
            "revenue": 263900
        },
        "2007-09": {
            "month": "2007-09",
            "price": "11.94",
            "revenue": 188885
        },
        "2007-10": {
            "month": "2007-10",
            "price": "12.12",
            "revenue": 229057
        },
        "2007-11": {
            "month": "2007-11",
            "price": "10.16",
            "revenue": 294819
        },
        "2007-12": {
            "month": "2007-12",
            "price": "9.05",
            "revenue": 330397
        },
        "2008-01": {
            "month": "2008-01",
            "price": "8.73",
            "revenue": 300779
        },
        "2008-02": {
            "month": "2008-02",
            "price": "8.70",
            "revenue": 282075
        },
        "2008-03": {
            "month": "2008-03",
            "price": "9.61",
            "revenue": 289709
        },
        "2008-04": {
            "month": "2008-04",
            "price": "10.64",
            "revenue": 271315
        },
        "2008-05": {
            "month": "2008-05",
            "price": "12.21",
            "revenue": 284354
        },
        "2008-06": {
            "month": "2008-06",
            "price": "11.38",
            "revenue": 266512
        },
        "2008-07": {
            "month": "2008-07",
            "price": "9.02",
            "revenue": 326057
        },
        "2008-08": {
            "month": "2008-08",
            "price": "9.69",
            "revenue": 248496
        },
        "2008-09": {
            "month": "2008-09",
            "price": "7.95",
            "revenue": 225806
        },
        "2008-10": {
            "month": "2008-10",
            "price": "6.90",
            "revenue": 231651
        },
        "2008-11": {
            "month": "2008-11",
            "price": "6.14",
            "revenue": 258695
        },
        "2008-12": {
            "month": "2008-12",
            "price": "6.21",
            "revenue": 236314
        },
        "2009-01": {
            "month": "2009-01",
            "price": "6.56",
            "revenue": 191229
        },
        "2009-02": {
            "month": "2009-02",
            "price": "6.48",
            "revenue": 201592
        },
        "2009-03": {
            "month": "2009-03",
            "price": "6.47",
            "revenue": 204076
        },
        "2009-04": {
            "month": "2009-04",
            "price": "7.72",
            "revenue": 272319
        },
        "2009-05": {
            "month": "2009-05",
            "price": "8.53",
            "revenue": 164548
        },
        "2009-06": {
            "month": "2009-06",
            "price": "8.42",
            "revenue": 204803
        },
        "2009-07": {
            "month": "2009-07",
            "price": "8.06",
            "revenue": 210245
        },
        "2009-08": {
            "month": "2009-08",
            "price": "8.92",
            "revenue": 247408
        },
        "2009-09": {
            "month": "2009-09",
            "price": "9.56",
            "revenue": 237550
        },
        "2009-10": {
            "month": "2009-10",
            "price": "11.48",
            "revenue": 237911
        },
        "2009-11": {
            "month": "2009-11",
            "price": "16.18",
            "revenue": 295174
        },
        "2009-12": {
            "month": "2009-12",
            "price": "22.12",
            "revenue": 308328
        },
        "2010-01": {
            "month": "2010-01",
            "price": "24.33",
            "revenue": 255155
        },
        "2010-02": {
            "month": "2010-02",
            "price": "25.46",
            "revenue": 244244
        },
        "2010-03": {
            "month": "2010-03",
            "price": "34.67",
            "revenue": 281776
        },
        "2010-04": {
            "month": "2010-04",
            "price": "39.26",
            "revenue": 256244
        },
        "2010-05": {
            "month": "2010-05",
            "price": "32.45",
            "revenue": 206851
        },
        "2010-06": {
            "month": "2010-06",
            "price": "33.05",
            "revenue": 248554
        },
        "2010-07": {
            "month": "2010-07",
            "price": "34.64",
            "revenue": 362649
        },
        "2010-08": {
            "month": "2010-08",
            "price": "32.55",
            "revenue": 328186
        },
        "2010-09": {
            "month": "2010-09",
            "price": "30.47",
            "revenue": 267204
        },
        "2010-10": {
            "month": "2010-10",
            "price": "30.89",
            "revenue": 246494
        },
        "2010-11": {
            "month": "2010-11",
            "price": "27.85",
            "revenue": 342822
        },
        "2010-12": {
            "month": "2010-12",
            "price": "28.95",
            "revenue": 377065
        },
        "2011-01": {
            "month": "2011-01",
            "price": "27.78",
            "revenue": 384956
        },
        "2011-02": {
            "month": "2011-02",
            "price": "26.53",
            "revenue": 184492
        },
        "2011-03": {
            "month": "2011-03",
            "price": "24.54",
            "revenue": 330522
        },
        "2011-04": {
            "month": "2011-04",
            "price": "23.34",
            "revenue": 282196
        },
        "2011-05": {
            "month": "2011-05",
            "price": "22.42",
            "revenue": 228945
        },
        "2011-06": {
            "month": "2011-06",
            "price": "26.07",
            "revenue": 353427
        },
        "2011-07": {
            "month": "2011-07",
            "price": "25.31",
            "revenue": 370877
        },
        "2011-08": {
            "month": "2011-08",
            "price": "20.67",
            "revenue": 307807
        },
        "2011-09": {
            "month": "2011-09",
            "price": "16.93",
            "revenue": 357231
        },
        "2011-10": {
            "month": "2011-10",
            "price": "19.08",
            "revenue": 332043
        },
        "2011-11": {
            "month": "2011-11",
            "price": "18.52",
            "revenue": 320948
        },
        "2011-12": {
            "month": "2011-12",
            "price": "14.90",
            "revenue": 425818
        },
        "2012-01": {
            "month": "2012-01",
            "price": "15.15",
            "revenue": 363789
        },
        "2012-02": {
            "month": "2012-02",
            "price": "21.37",
            "revenue": 343642
        },
        "2012-03": {
            "month": "2012-03",
            "price": "20.75",
            "revenue": 377496
        },
        "2012-04": {
            "month": "2012-04",
            "price": "17.83",
            "revenue": 255359
        },
        "2012-05": {
            "month": "2012-05",
            "price": "17.02",
            "revenue": 289051
        },
        "2012-06": {
            "month": "2012-06",
            "price": "15.98",
            "revenue": 342148
        },
        "2012-07": {
            "month": "2012-07",
            "price": "16.12",
            "revenue": 330204
        },
        "2012-08": {
            "month": "2012-08",
            "price": "16.11",
            "revenue": 286423
        },
        "2012-09": {
            "month": "2012-09",
            "price": "16.56",
            "revenue": 216833
        },
        "2012-10": {
            "month": "2012-10",
            "price": "14.72",
            "revenue": 311293
        },
        "2012-11": {
            "month": "2012-11",
            "price": "12.53",
            "revenue": 366072
        },
        "2012-12": {
            "month": "2012-12",
            "price": "13.66",
            "revenue": 442290
        },
        "2013-01": {
            "month": "2013-01",
            "price": "14.34",
            "revenue": 349577
        },
        "2013-02": {
            "month": "2013-02",
            "price": "14.08",
            "revenue": 218523
        },
        "2013-03": {
            "month": "2013-03",
            "price": "14.27",
            "revenue": 316392
        },
        "2013-04": {
            "month": "2013-04",
            "price": "13.90",
            "revenue": 314594
        },
        "2013-05": {
            "month": "2013-05",
            "price": "14.29",
            "revenue": 347348
        },
        "2013-06": {
            "month": "2013-06",
            "price": "14.06",
            "revenue": 428399
        },
        "2013-07": {
            "month": "2013-07",
            "price": "13.38",
            "revenue": 314338
        },
        "2013-08": {
            "month": "2013-08",
            "price": "15.06",
            "revenue": 317222
        },
        "2013-09": {
            "month": "2013-09",
            "price": "14.57",
            "revenue": 408589
        },
        "2013-10": {
            "month": "2013-10",
            "price": "16.27",
            "revenue": 322122
        },
        "2013-11": {
            "month": "2013-11",
            "price": "16.36",
            "revenue": 502716
        },
        "2013-12": {
            "month": "2013-12",
            "price": "18.19",
            "revenue": 467224
        },
        "2014-01": {
            "month": "2014-01",
            "price": "18.92",
            "revenue": 344352
        },
        "2014-02": {
            "month": "2014-02",
            "price": "18.10",
            "revenue": 404020
        },
        "2014-03": {
            "month": "2014-03",
            "price": "19.55",
            "revenue": 311172
        },
        "2014-04": {
            "month": "2014-04",
            "price": "19.10",
            "revenue": 341324
        },
        "2014-05": {
            "month": "2014-05",
            "price": "17.95",
            "revenue": 361189
        },
        "2014-06": {
            "month": "2014-06",
            "price": "18.21",
            "revenue": 349583
        },
        "2014-07": {
            "month": "2014-07",
            "price": "17.40",
            "revenue": 411761
        },
        "2014-08": {
            "month": "2014-08",
            "price": "16.03",
            "revenue": 374857
        },
        "2014-09": {
            "month": "2014-09",
            "price": "16.30",
            "revenue": 405449
        },
        "2014-10": {
            "month": "2014-10",
            "price": "14.72",
            "revenue": 423759
        },
        "2014-11": {
            "month": "2014-11",
            "price": "14.36",
            "revenue": 493509
        },
        "2014-12": {
            "month": "2014-12",
            "price": "15.06",
            "revenue": 749325
        },
        "2015-01": {
            "month": "2015-01",
            "price": "17.19",
            "revenue": 454841
        },
        "2015-02": {
            "month": "2015-02",
            "price": "16.87",
            "revenue": 277555
        },
        "2015-03": {
            "month": "2015-03",
            "price": "16.78",
            "revenue": 509304
        },
        "2015-04": {
            "month": "2015-04",
            "price": "19.26",
            "revenue": 378544
        },
        "2015-05": {
            "month": "2015-05",
            "price": "18.64",
            "revenue": 422588
        },
        "2015-06": {
            "month": "2015-06",
            "price": "22.76",
            "revenue": 485061
        },
        "2015-07": {
            "month": "2015-07",
            "price": "25.23",
            "revenue": 492448
        },
        "2015-08": {
            "month": "2015-08",
            "price": "18.28",
            "revenue": 416096
        },
        "2015-09": {
            "month": "2015-09",
            "price": "17.96",
            "revenue": 436931
        },
        "2015-10": {
            "month": "2015-10",
            "price": "20.41",
            "revenue": 382353
        },
        "2015-11": {
            "month": "2015-11",
            "price": "19.50",
            "revenue": 481672
        },
        "2015-12": {
            "month": "2015-12",
            "price": "18.16",
            "revenue": 665361
        },
        "2016-01": {
            "month": "2016-01",
            "price": "16.48",
            "revenue": 465109
        },
        "2016-02": {
            "month": "2016-02",
            "price": "17.53",
            "revenue": 292211
        },
        "2016-03": {
            "month": "2016-03",
            "price": "18.59",
            "revenue": 541094
        },
        "2016-04": {
            "month": "2016-04",
            "price": "17.74",
            "revenue": 398127
        },
        "2016-05": {
            "month": "2016-05",
            "price": "16.21",
            "revenue": 457347
        },
        "2016-06": {
            "month": "2016-06",
            "price": "16.62",
            "revenue": 540267
        },
        "2016-07": {
            "month": "2016-07",
            "price": "17.53",
            "revenue": 555350
        },
        "2016-08": {
            "month": "2016-08",
            "price": "17.73",
            "revenue": 613769
        },
        "2016-09": {
            "month": "2016-09",
            "price": "17.08",
            "revenue": 453616
        },
        "2016-10": {
            "month": "2016-10",
            "price": "16.74",
            "revenue": 493319
        },
        "2016-11": {
            "month": "2016-11",
            "price": "17.90",
            "revenue": 422614
        },
        "2016-12": {
            "month": "2016-12",
            "price": "17.96",
            "revenue": 699537
        },
        "2017-01": {
            "month": "2017-01",
            "price": "18.31",
            "revenue": 471301
        },
        "2017-02": {
            "month": "2017-02",
            "price": "18.85",
            "revenue": 437976
        },
        "2017-03": {
            "month": "2017-03",
            "price": "19.71",
            "revenue": 499203
        },
        "2017-04": {
            "month": "2017-04",
            "price": "18.63",
            "revenue": 370494
        },
        "2017-05": {
            "month": "2017-05",
            "price": "17.67",
            "revenue": 407100
        },
        "2017-06": {
            "month": "2017-06",
            "price": "17.64",
            "revenue": 674511
        },
        "2017-07": {
            "month": "2017-07",
            "price": "19.31",
            "revenue": 532663
        },
        "2017-08": {
            "month": "2017-08",
            "price": "19.42",
            "revenue": 495735
        },
        "2017-09": {
            "month": "2017-09",
            "price": "19.19",
            "revenue": 650718
        },
        "2017-10": {
            "month": "2017-10",
            "price": "19.81",
            "revenue": 469717
        },
        "2017-11": {
            "month": "2017-11",
            "price": "19.65",
            "revenue": 461760
        },
        "2017-12": {
            "month": "2017-12",
            "price": "19.04",
            "revenue": 496411
        },
        "2018-01": {
            "month": "2018-01",
            "price": "19.41",
            "revenue": 631703
        },
        "2018-02": {
            "month": "2018-02",
            "price": "19.12",
            "revenue": 421295
        },
        "2018-03": {
            "month": "2018-03",
            "price": "21.97",
            "revenue": 453190
        },
        "2018-04": {
            "month": "2018-04",
            "price": "20.10",
            "revenue": 403071
        },
        "2018-05": {
            "month": "2018-05",
            "price": "21.72",
            "revenue": 470383
        },
        "2018-06": {
            "month": "2018-06",
            "price": "23.59",
            "revenue": 687467
        },
        "2018-07": {
            "month": "2018-07",
            "price": "23.06",
            "revenue": 598858
        },
        "2018-08": {
            "month": "2018-08",
            "price": "22.34",
            "revenue": 575596
        },
        "2018-09": {
            "month": "2018-09",
            "price": "20.03",
            "revenue": 653431
        },
        "2018-10": {
            "month": "2018-10",
            "price": "18.80",
            "revenue": 569441
        },
        "2018-11": {
            "month": "2018-11",
            "price": "19.87",
            "revenue": 580378
        },
        "2018-12": {
            "month": "2018-12",
            "price": "19.97",
            "revenue": 602538
        },
        "2019-01": {
            "month": "2019-01",
            "price": "20.08",
            "revenue": 740073
        },
        "2019-02": {
            "month": "2019-02",
            "price": "21.85",
            "revenue": 546013
        },
        "2019-03": {
            "month": "2019-03",
            "price": "24.34",
            "revenue": 811287
        },
        "2019-04": {
            "month": "2019-04",
            "price": "27.28",
            "revenue": 734396
        },
        "2019-05": {
            "month": "2019-05",
            "price": "28.19",
            "revenue": 624713
        },
        "2019-06": {
            "month": "2019-06",
            "price": "28.37",
            "revenue": 641260
        },
        "2019-07": {
            "month": "2019-07",
            "price": "30.01",
            "revenue": 837802
        },
        "2019-08": {
            "month": "2019-08",
            "price": "32.57",
            "revenue": 750599
        },
        "2019-09": {
            "month": "2019-09",
            "price": "34.02",
            "revenue": 794447
        },
        "2019-10": {
            "month": "2019-10",
            "price": "34.13",
            "revenue": 997883
        },
        "2019-11": {
            "month": "2019-11",
            "price": "31.67",
            "revenue": 638138
        },
        "2019-12": {
            "month": "2019-12",
            "price": "30.23",
            "revenue": 798559
        },
        "2020-01": {
            "month": "2020-01",
            "price": "30.23",
            "revenue": 798891
        },
        "2020-02": {
            "month": "2020-02",
            "price": "29.03",
            "revenue": 822998
        },
        "2020-03": {
            "month": "2020-03",
            "price": "29.15",
            "revenue": 909921
        },
        "2020-04": {
            "month": "2020-04",
            "price": "31.40",
            "revenue": 727407
        },
        "2020-05": {
            "month": "2020-05",
            "price": "33.02",
            "revenue": 924526
        },
        "2020-06": {
            "month": "2020-06",
            "price": "37.28",
            "revenue": 947824
        },
        "2020-07": {
            "month": "2020-07",
            "price": "40.13",
            "revenue": 835614
        },
        "2020-08": {
            "month": "2020-08",
            "price": "44.09",
            "revenue": 844575
        },
        "2020-09": {
            "month": "2020-09",
            "price": "40.55",
            "revenue": 786785
        },
        "2020-10": {
            "month": "2020-10",
            "price": "37.78",
            "revenue": 813292
        },
        "2020-11": {
            "month": "2020-11",
            "price": "38.20",
            "revenue": 676229
        },
        "2020-12": {
            "month": "2020-12",
            "price": "38.77",
            "revenue": 746255
        },
        "2021-01": {
            "month": "2021-01",
            "price": "38.80",
            "revenue": 997415
        },
        "2021-02": {
            "month": "2021-02",
            "price": "39.59",
            "revenue": 771428
        },
        "2021-03": {
            "month": "2021-03",
            "price": "45.30",
            "revenue": 1126647
        },
        "2021-04": {
            "month": "2021-04",
            "price": "48.51",
            "revenue": 919411
        },
        "2021-05": {
            "month": "2021-05",
            "price": "46.18",
            "revenue": 847155
        },
        "2021-06": {
            "month": "2021-06",
            "price": "46.08",
            "revenue": 905640
        },
        "2021-07": {
            "month": "2021-07",
            "price": "46.56",
            "revenue": 925685
        },
        "2021-08": {
            "month": "2021-08",
            "price": "42.84",
            "revenue": 1740407
        },
        "2021-09": {
            "month": "2021-09",
            "price": "46.02",
            "revenue": 1606262
        },
        "2021-10": {
            "month": "2021-10",
            "price": "44.50",
            "revenue": 1139924
        },
        "2021-11": {
            "month": "2021-11",
            "price": "45.50",
            "revenue": 941908
        },
        "2021-12": {
            "month": "2021-12",
            "price": "43.46",
            "revenue": 956296
        },
        "2022-01": {
            "month": "2022-01",
            "price": "43.56",
            "revenue": 901481
        },
        "2022-02": {
            "month": "2022-02",
            "price": "44.46",
            "revenue": 1060013
        },
        "2022-03": {
            "month": "2022-03",
            "price": "46.74",
            "revenue": 1111482
        },
        "2022-04": {
            "month": "2022-04",
            "price": "43.00",
            "revenue": 927163
        },
        "2022-05": {
            "month": "2022-05",
            "price": "41.54",
            "revenue": 966806
        },
        "2022-06": {
            "month": "2022-06",
            "price": "40.53",
            "revenue": 1073998
        },
        "2022-07": {
            "month": "2022-07",
            "price": "38.76",
            "revenue": 952558
        },
        "2022-08": {
            "month": "2022-08",
            "price": "41.26",
            "revenue": 1623480
        },
        "2022-09": {
            "month": "2022-09",
            "price": "40.72",
            "revenue": 1179344
        },
        "2022-10": {
            "month": "2022-10",
            "price": "38.32",
            "revenue": 965334
        },
        "2022-11": {
            "month": "2022-11",
            "price": "39.18",
            "revenue": 999932
        },
        "2022-12": {
            "month": "2022-12",
            "price": "40.34",
            "revenue": 972792
        },
        "2023-01": {
            "month": "2023-01",
            "price": "41.13",
            "revenue": 1237076
        },
        "2023-02": {
            "month": "2023-02",
            "price": "46.08",
            "revenue": 1335291
        },
        "2023-03": {
            "month": "2023-03",
            "price": "54.71",
            "revenue": 1147791
        },
        "2023-04": {
            "month": "2023-04",
            "price": "56.64",
            "revenue": 1094107
        },
        "2023-05": {
            "month": "2023-05",
            "price": "62.50",
            "revenue": 1010530
        },
        "2023-06": {
            "month": "2023-06",
            "price": "62.70",
            "revenue": 1066594
        },
        "2023-07": {
            "month": "2023-07",
            "price": "61.85",
            "revenue": 1053873
        },
        "2023-08": {
            "month": "2023-08",
            "price": "63.05",
            "revenue": 1416733
        }
    }
}
