{
    "summary": {
        "stock_name": "德律",
        "stock_id": "3030",
        "category": "其他電子",
        "main_business": "組裝電路板自動檢測設備暨相關治具<br>自動檢測設備",
        "website_url": "http://www.tri.com.tw",
        "ceo": "陳玠源",
        "pe_ratio": 9,
        "report_year_from": 2001,
        "report_year_to": 2023,
        "age": 22,
        "eps_negative_percentage": 0,
        "eps_growth_avg": {
            "last_all": 13.28,
            "last_2y": 29.04,
            "last_4y": 30.96,
            "last_8y": 18.97,
            "last_12y": 20.5,
            "last_16y": 12.78,
            "last_20y": 13.28,
            "at_2006_last_3y": 24.15,
            "at_2007_last_3y": 30.82,
            "at_2008_last_3y": -5.98,
            "at_2009_last_3y": -12.33,
            "at_2010_last_3y": -1.28,
            "at_2011_last_3y": -2.75,
            "at_2012_last_3y": 19.61,
            "at_2013_last_3y": 23.95,
            "at_2014_last_3y": 12.76,
            "at_2015_last_3y": 7.45,
            "at_2016_last_3y": -17.4,
            "at_2017_last_3y": 3.98,
            "at_2018_last_3y": 10.09,
            "at_2019_last_3y": 12.29,
            "at_2020_last_3y": 30.75,
            "at_2021_last_3y": 23.13,
            "at_2022_last_3y": 18.78,
            "at_2023_last_3y": 18.78,
            "at_2006_last_all": 23.48,
            "at_2007_last_all": 20.61,
            "at_2008_last_all": 10.92,
            "at_2009_last_all": 1.53,
            "at_2010_last_all": 12.47,
            "at_2011_last_all": 11.27,
            "at_2012_last_all": 14.08,
            "at_2013_last_all": 9,
            "at_2014_last_all": 12.56,
            "at_2015_last_all": 10.18,
            "at_2016_last_all": 5.69,
            "at_2017_last_all": 7.75,
            "at_2018_last_all": 11.98,
            "at_2019_last_all": 10.65,
            "at_2020_last_all": 10.96,
            "at_2021_last_all": 10.83,
            "at_2022_last_all": 13.28,
            "at_2023_last_all": 13.28
        },
        "latest_eps": 6.78,
        "latest_price": 63.9,
        "latest_roe": 22.47,
        "latest_gross_margin": 60.82,
        "latest_equity": 7541370,
        "latest_revenue": 1166911,
        "latest_gross_profit": 709674,
        "latest_net_income": 271034,
        "latest_debt_ratio": 18.13,
        "latest_current_ratio": 417.25,
        "latest_account_receivable_turnover_ratio": 0.78,
        "latest_inventory_turnover_ratio": 0.31,
        "latest_reinvestment_rate": 21.93,
        "latest_research_to_sale_ratio": 9.43
    },
    "eps_dividends": {
        "2000": {
            "cash": 0,
            "stock": 2,
            "eps": 0
        },
        "2001": {
            "cash": 0,
            "stock": 3,
            "eps": 2.6
        },
        "2002": {
            "cash": 0,
            "stock": 2,
            "eps": 3.14
        },
        "2003": {
            "cash": 0.3,
            "stock": 2,
            "eps": 2.5
        },
        "2004": {
            "cash": 0.2,
            "stock": 1.5,
            "eps": 5.33
        },
        "2005": {
            "cash": 1,
            "stock": 2,
            "eps": 3.26
        },
        "2006": {
            "cash": 1,
            "stock": 1.5,
            "eps": 5.08
        },
        "2007": {
            "cash": 1.2,
            "stock": 1.8,
            "eps": 5.4
        },
        "2008": {
            "cash": 1.2,
            "stock": 1.8,
            "eps": 2.85
        },
        "2009": {
            "cash": 1,
            "stock": 0.2,
            "eps": 1.02
        },
        "2010": {
            "cash": 0.5,
            "stock": 0.5,
            "eps": 4.53
        },
        "2011": {
            "cash": 5,
            "stock": 1,
            "eps": 4.55
        },
        "2012": {
            "cash": 0,
            "stock": 0,
            "eps": 6.47
        },
        "2013": {
            "cash": 3.7,
            "stock": 0.6,
            "eps": 3.44
        },
        "2014": {
            "cash": 3.3,
            "stock": 0,
            "eps": 5.34
        },
        "2015": {
            "cash": 4.3,
            "stock": 0,
            "eps": 4.23
        },
        "2016": {
            "cash": 4,
            "stock": 0,
            "eps": 1.81
        },
        "2017": {
            "cash": 3,
            "stock": 0,
            "eps": 2.51
        },
        "2018": {
            "cash": 3,
            "stock": 0,
            "eps": 4.51
        },
        "2019": {
            "cash": 3.7,
            "stock": 0,
            "eps": 3.97
        },
        "2020": {
            "cash": 3.3,
            "stock": 0,
            "eps": 4.63
        },
        "2021": {
            "cash": 3.3,
            "stock": 0,
            "eps": 5.01
        },
        "2022": {
            "cash": 3.3,
            "stock": 0,
            "eps": 8.13
        },
        "2023": {
            "cash": 4.5,
            "stock": 0,
            "eps": 1.15
        }
    },
    "dividends": {
        "2000-06-03": {
            "cash": 0,
            "stock": 2
        },
        "2001-04-28": {
            "cash": 0,
            "stock": 3
        },
        "2002-05-04": {
            "cash": 0,
            "stock": 2
        },
        "2003-04-28": {
            "cash": 0.3,
            "stock": 2
        },
        "2004-04-26": {
            "cash": 0.2,
            "stock": 1.5
        },
        "2005-04-25": {
            "cash": 1,
            "stock": 2
        },
        "2006-03-13": {
            "cash": 1,
            "stock": 1.5
        },
        "2007-04-23": {
            "cash": 1.2,
            "stock": 1.8
        },
        "2008-04-21": {
            "cash": 1.2,
            "stock": 1.8
        },
        "2009-04-24": {
            "cash": 1,
            "stock": 0.2
        },
        "2010-04-23": {
            "cash": 0.5,
            "stock": 0.5
        },
        "2011-01-01": {
            "cash": 2.7,
            "stock": 0.3
        },
        "2011-04-22": {
            "cash": 2.3,
            "stock": 0.7
        },
        "2013-03-01": {
            "cash": 3.7,
            "stock": 0.6
        },
        "2014-06-06": {
            "cash": 3.3,
            "stock": 0
        },
        "2015-07-15": {
            "cash": 4.3,
            "stock": 0
        },
        "2016-07-15": {
            "cash": 4,
            "stock": 0
        },
        "2017-07-13": {
            "cash": 3,
            "stock": 0
        },
        "2018-07-11": {
            "cash": 3,
            "stock": 0
        },
        "2019-07-05": {
            "cash": 3.7,
            "stock": 0
        },
        "2020-07-03": {
            "cash": 3.3,
            "stock": 0
        },
        "2021-08-10": {
            "cash": 3.3,
            "stock": 0
        },
        "2022-07-01": {
            "cash": 3.3,
            "stock": 0
        },
        "2023-02-22": {
            "cash": 4.5,
            "stock": 0
        }
    },
    "prices": {
        "200101": "無",
        "200102": "無",
        "200103": "無",
        "200104": "無",
        "200105": "無",
        "200106": "無",
        "200107": "無",
        "200108": "無",
        "200109": "無",
        "200110": "無",
        "200111": "無",
        "200112": "無",
        "200201": "無",
        "200202": "無",
        "200203": "無",
        "200204": "無",
        "200205": "無",
        "200206": "無",
        "200207": "無",
        "200208": "無",
        "200209": "無",
        "200210": "31.73",
        "200211": "32.01",
        "200212": "30.61",
        "200301": "29.82",
        "200302": "27.06",
        "200303": "26.03",
        "200304": "26.78",
        "200305": "31.71",
        "200306": "35.72",
        "200307": "36.45",
        "200308": "35.60",
        "200309": "32.17",
        "200310": "29.19",
        "200311": "29.74",
        "200312": "29.60",
        "200401": "28.35",
        "200402": "33.85",
        "200403": "31.30",
        "200404": "35.69",
        "200405": "35.52",
        "200406": "37.99",
        "200407": "38.47",
        "200408": "39.20",
        "200409": "47.71",
        "200410": "40.20",
        "200411": "40.35",
        "200412": "38.03",
        "200501": "32.63",
        "200502": "33.98",
        "200503": "35.19",
        "200504": "34.39",
        "200505": "26.70",
        "200506": "27.24",
        "200507": "34.13",
        "200508": "31.87",
        "200509": "26.71",
        "200510": "25.22",
        "200511": "25.00",
        "200512": "28.93",
        "200601": "35.15",
        "200602": "37.06",
        "200603": "36.61",
        "200604": "40.14",
        "200605": "40.03",
        "200606": "38.56",
        "200607": "40.54",
        "200608": "44.02",
        "200609": "42.05",
        "200610": "39.68",
        "200611": "39.15",
        "200612": "40.54",
        "200701": "43.61",
        "200702": "44.48",
        "200703": "42.43",
        "200704": "41.32",
        "200705": "40.01",
        "200706": "44.39",
        "200707": "56.36",
        "200708": "68.67",
        "200709": "68.56",
        "200710": "59.22",
        "200711": "47.52",
        "200712": "46.75",
        "200801": "39.93",
        "200802": "36.39",
        "200803": "42.37",
        "200804": "47.97",
        "200805": "49.87",
        "200806": "49.24",
        "200807": "41.18",
        "200808": "31.07",
        "200809": "25.63",
        "200810": "18.33",
        "200811": "15.02",
        "200812": "14.30",
        "200901": "14.05",
        "200902": "15.11",
        "200903": "16.76",
        "200904": "20.42",
        "200905": "20.21",
        "200906": "20.66",
        "200907": "23.11",
        "200908": "24.18",
        "200909": "25.89",
        "200910": "25.62",
        "200911": "27.88",
        "200912": "34.49",
        "201001": "36.90",
        "201002": "36.21",
        "201003": "43.20",
        "201004": "45.07",
        "201005": "46.39",
        "201006": "46.78",
        "201007": "46.27",
        "201008": "41.97",
        "201009": "43.57",
        "201010": "40.27",
        "201011": "40.92",
        "201012": "44.01",
        "201101": "47.55",
        "201102": "48.65",
        "201103": "48.35",
        "201104": "54.51",
        "201105": "54.10",
        "201106": "46.67",
        "201107": "46.22",
        "201108": "37.78",
        "201109": "37.05",
        "201110": "37.03",
        "201111": "34.94",
        "201112": "28.66",
        "201201": "31.27",
        "201202": "38.52",
        "201203": "41.82",
        "201204": "38.63",
        "201205": "38.77",
        "201206": "43.84",
        "201207": "45.42",
        "201208": "48.01",
        "201209": "48.27",
        "201210": "47.50",
        "201211": "49.32",
        "201212": "53.07",
        "201301": "52.82",
        "201302": "52.02",
        "201303": "53.41",
        "201304": "49.82",
        "201305": "46.76",
        "201306": "42.31",
        "201307": "43.15",
        "201308": "37.84",
        "201309": "41.31",
        "201310": "40.49",
        "201311": "41.10",
        "201312": "41.49",
        "201401": "44.78",
        "201402": "48.24",
        "201403": "49.35",
        "201404": "49.73",
        "201405": "49.64",
        "201406": "50.38",
        "201407": "50.00",
        "201408": "51.48",
        "201409": "52.84",
        "201410": "50.57",
        "201411": "48.49",
        "201412": "50.59",
        "201501": "50.46",
        "201502": "51.96",
        "201503": "54.35",
        "201504": "60.54",
        "201505": "63.30",
        "201506": "69.16",
        "201507": "60.65",
        "201508": "51.02",
        "201509": "52.76",
        "201510": "57.54",
        "201511": "54.05",
        "201512": "50.21",
        "201601": "45.21",
        "201602": "44.93",
        "201603": "48.95",
        "201604": "46.76",
        "201605": "45.13",
        "201606": "45.01",
        "201607": "42.58",
        "201608": "40.01",
        "201609": "40.21",
        "201610": "40.40",
        "201611": "39.95",
        "201612": "38.64",
        "201701": "37.59",
        "201702": "38.78",
        "201703": "43.13",
        "201704": "40.78",
        "201705": "39.32",
        "201706": "39.39",
        "201707": "36.96",
        "201708": "37.56",
        "201709": "41.66",
        "201710": "41.96",
        "201711": "40.62",
        "201712": "42.08",
        "201801": "45.23",
        "201802": "53.85",
        "201803": "53.43",
        "201804": "54.26",
        "201805": "56.90",
        "201806": "69.28",
        "201807": "59.02",
        "201808": "53.90",
        "201809": "48.21",
        "201810": "45.28",
        "201811": "44.77",
        "201812": "46.46",
        "201901": "47.46",
        "201902": "50.52",
        "201903": "54.94",
        "201904": "54.77",
        "201905": "53.57",
        "201906": "50.06",
        "201907": "48.84",
        "201908": "47.63",
        "201909": "49.86",
        "201910": "50.11",
        "201911": "51.73",
        "201912": "51.80",
        "202001": "54.91",
        "202002": "51.98",
        "202003": "46.86",
        "202004": "49.36",
        "202005": "53.90",
        "202006": "55.97",
        "202007": "54.87",
        "202008": "56.60",
        "202009": "59.36",
        "202010": "56.71",
        "202011": "55.83",
        "202012": "57.31",
        "202101": "56.32",
        "202102": "57.83",
        "202103": "58.34",
        "202104": "60.62",
        "202105": "57.50",
        "202106": "58.34",
        "202107": "59.63",
        "202108": "56.55",
        "202109": "56.26",
        "202110": "55.32",
        "202111": "57.50",
        "202112": "57.14",
        "202201": "58.70",
        "202202": "63.09",
        "202203": "65.05",
        "202204": "70.02",
        "202205": "64.65",
        "202206": "63.08",
        "202207": "60.84",
        "202208": "59.65",
        "202209": "62.31",
        "202210": "60.52",
        "202211": "64.05",
        "202212": "64.80",
        "202301": "62.96",
        "202302": "63.04",
        "202303": "63.36",
        "202304": "64.41",
        "202305": "63.45"
    },
    "quarters": {
        "20011": {
            "year_quarter": 20011,
            "year": 2001,
            "quarter": 1,
            "eps": 0.46,
            "eps_growth_year": -40.26,
            "eps_4q": 3.5,
            "eps_4q_growth_year": null,
            "roe": 2.99,
            "roe_4q": 2.99,
            "gross_profit": 54194,
            "gross_margin": 56.09,
            "gross_margin_4q_avg": 56.09,
            "net_income": 17314,
            "revenue": 96617,
            "common_shares": 373800,
            "book_valuer_per_share": 15.74,
            "book_valuer_per_share_4q_avg": 15.74,
            "equity": 588413,
            "current_ratio": 338.63,
            "debt_ratio": 21.67,
            "inventory_turnover_ratio": 0.42,
            "account_receivable_turnover_ratio": null,
            "reinvestment_rate": null,
            "research_to_sale_ratio": null,
            "price_fair": 0,
            "eps_avg_yearly": 0,
            "eps_latest_yearly": 0,
            "eps_growth_yearly": 0
        },
        "20012": {
            "year_quarter": 20012,
            "year": 2001,
            "quarter": 2,
            "eps": 0.35,
            "eps_growth_year": -72.87,
            "eps_4q": 2,
            "eps_4q_growth_year": null,
            "roe": 2.96,
            "roe_4q": 5.95,
            "gross_profit": 70023,
            "gross_margin": 61.36,
            "gross_margin_4q_avg": 58.73,
            "net_income": 17712,
            "revenue": 114123,
            "common_shares": 373800,
            "book_valuer_per_share": 16.23,
            "book_valuer_per_share_4q_avg": 15.99,
            "equity": 606505,
            "current_ratio": 368.82,
            "debt_ratio": 27.41,
            "inventory_turnover_ratio": 0.48,
            "account_receivable_turnover_ratio": null,
            "reinvestment_rate": null,
            "research_to_sale_ratio": null,
            "price_fair": 0,
            "eps_avg_yearly": 0,
            "eps_latest_yearly": 0,
            "eps_growth_yearly": 0
        },
        "20013": {
            "year_quarter": 20013,
            "year": 2001,
            "quarter": 3,
            "eps": 1.07,
            "eps_growth_year": 12.63,
            "eps_4q": 2.37,
            "eps_4q_growth_year": null,
            "roe": 8.48,
            "roe_4q": 14.430000000000001,
            "gross_profit": 115562,
            "gross_margin": 61.65,
            "gross_margin_4q_avg": 59.7,
            "net_income": 53716,
            "revenue": 187434,
            "common_shares": 373800,
            "book_valuer_per_share": 17.66,
            "book_valuer_per_share_4q_avg": 16.54,
            "equity": 660240,
            "current_ratio": 186.12,
            "debt_ratio": 34.25,
            "inventory_turnover_ratio": 0.72,
            "account_receivable_turnover_ratio": null,
            "reinvestment_rate": null,
            "research_to_sale_ratio": null,
            "price_fair": 0,
            "eps_avg_yearly": 0,
            "eps_latest_yearly": 0,
            "eps_growth_yearly": 0
        },
        "20014": {
            "year_quarter": 20014,
            "year": 2001,
            "quarter": 4,
            "eps": 0.72,
            "eps_growth_year": -11.11,
            "eps_4q": 2.49,
            "eps_4q_growth_year": -32.29,
            "roe": 5.34,
            "roe_4q": 19.770000000000003,
            "gross_profit": 84722,
            "gross_margin": 55.8,
            "gross_margin_4q_avg": 58.73,
            "net_income": 36032,
            "revenue": 151842,
            "common_shares": 502000,
            "book_valuer_per_share": 13.58,
            "book_valuer_per_share_4q_avg": 15.8,
            "equity": 688523,
            "current_ratio": 182.78,
            "debt_ratio": 36.53,
            "inventory_turnover_ratio": 0.54,
            "account_receivable_turnover_ratio": null,
            "reinvestment_rate": null,
            "research_to_sale_ratio": null,
            "price_fair": 0,
            "eps_avg_yearly": 0,
            "eps_latest_yearly": 0,
            "eps_growth_yearly": 0
        },
        "20021": {
            "year_quarter": 20021,
            "year": 2002,
            "quarter": 1,
            "eps": 0.6,
            "eps_growth_year": 30.43,
            "eps_4q": 2.77,
            "eps_4q_growth_year": -20.8,
            "roe": 4.25,
            "roe_4q": 21.03,
            "gross_profit": 86166,
            "gross_margin": 60.82,
            "gross_margin_4q_avg": 59.91,
            "net_income": 29712,
            "revenue": 141679,
            "common_shares": 502000,
            "book_valuer_per_share": 14.17,
            "book_valuer_per_share_4q_avg": 15.41,
            "equity": 711274,
            "current_ratio": 176.02,
            "debt_ratio": 34.3,
            "inventory_turnover_ratio": 0.4,
            "account_receivable_turnover_ratio": null,
            "reinvestment_rate": null,
            "research_to_sale_ratio": null,
            "price_fair": 7.2,
            "eps_avg_yearly": 2.4,
            "eps_latest_yearly": 2.4,
            "eps_growth_yearly": -66.67
        },
        "20022": {
            "year_quarter": 20022,
            "year": 2002,
            "quarter": 2,
            "eps": 1.17,
            "eps_growth_year": 234.29,
            "eps_4q": 3.13,
            "eps_4q_growth_year": 57,
            "roe": 9.56,
            "roe_4q": 27.63,
            "gross_profit": 141946,
            "gross_margin": 59.6,
            "gross_margin_4q_avg": 59.47,
            "net_income": 71216,
            "revenue": 238183,
            "common_shares": 615724,
            "book_valuer_per_share": 12.65,
            "book_valuer_per_share_4q_avg": 14.52,
            "equity": 778729,
            "current_ratio": 186.19,
            "debt_ratio": 36.71,
            "inventory_turnover_ratio": 0.73,
            "account_receivable_turnover_ratio": null,
            "reinvestment_rate": null,
            "research_to_sale_ratio": null,
            "price_fair": 123.9,
            "eps_avg_yearly": 3.54,
            "eps_latest_yearly": 4.68,
            "eps_growth_yearly": 156.67
        },
        "20023": {
            "year_quarter": 20023,
            "year": 2002,
            "quarter": 3,
            "eps": 0.68,
            "eps_growth_year": -36.45,
            "eps_4q": 2.91,
            "eps_4q_growth_year": 22.75,
            "roe": 5.21,
            "roe_4q": 24.36,
            "gross_profit": 93436,
            "gross_margin": 53.09,
            "gross_margin_4q_avg": 57.33,
            "net_income": 41742,
            "revenue": 175993,
            "common_shares": 615724,
            "book_valuer_per_share": 13.37,
            "book_valuer_per_share_4q_avg": 13.44,
            "equity": 823213,
            "current_ratio": 220.76,
            "debt_ratio": 31.73,
            "inventory_turnover_ratio": 0.64,
            "account_receivable_turnover_ratio": null,
            "reinvestment_rate": null,
            "research_to_sale_ratio": null,
            "price_fair": 114.33,
            "eps_avg_yearly": 3.27,
            "eps_latest_yearly": 2.72,
            "eps_growth_yearly": 48.6
        },
        "20024": {
            "year_quarter": 20024,
            "year": 2002,
            "quarter": 4,
            "eps": 0.69,
            "eps_growth_year": -4.17,
            "eps_4q": 3.02,
            "eps_4q_growth_year": 21.07,
            "roe": 5.01,
            "roe_4q": 24.03,
            "gross_profit": 106639,
            "gross_margin": 58.62,
            "gross_margin_4q_avg": 58.03,
            "net_income": 42276,
            "revenue": 181903,
            "common_shares": 615724,
            "book_valuer_per_share": 14.05,
            "book_valuer_per_share_4q_avg": 13.56,
            "equity": 865055,
            "current_ratio": 218.12,
            "debt_ratio": 30.86,
            "inventory_turnover_ratio": 0.59,
            "account_receivable_turnover_ratio": null,
            "reinvestment_rate": null,
            "research_to_sale_ratio": null,
            "price_fair": 109.9,
            "eps_avg_yearly": 3.14,
            "eps_latest_yearly": 2.76,
            "eps_growth_yearly": 37.92
        },
        "20031": {
            "year_quarter": 20031,
            "year": 2003,
            "quarter": 1,
            "eps": 0.81,
            "eps_growth_year": 35,
            "eps_4q": 3.35,
            "eps_4q_growth_year": 21.04,
            "roe": 5.56,
            "roe_4q": 25.340000000000003,
            "gross_profit": 111771,
            "gross_margin": 60.49,
            "gross_margin_4q_avg": 57.95,
            "net_income": 49450,
            "revenue": 184763,
            "common_shares": 615724,
            "book_valuer_per_share": 14.85,
            "book_valuer_per_share_4q_avg": 13.73,
            "equity": 914495,
            "current_ratio": 226.04,
            "debt_ratio": 28.87,
            "inventory_turnover_ratio": 0.58,
            "account_receivable_turnover_ratio": null,
            "reinvestment_rate": null,
            "research_to_sale_ratio": null,
            "price_fair": 110.6,
            "eps_avg_yearly": 3.16,
            "eps_latest_yearly": 3.24,
            "eps_growth_yearly": 44.25
        },
        "20032": {
            "year_quarter": 20032,
            "year": 2003,
            "quarter": 2,
            "eps": 0.92,
            "eps_growth_year": -21.37,
            "eps_4q": 3.1,
            "eps_4q_growth_year": -0.91,
            "roe": 5.99,
            "roe_4q": 21.770000000000003,
            "gross_profit": 116303,
            "gross_margin": 53.25,
            "gross_margin_4q_avg": 56.36,
            "net_income": 56221,
            "revenue": 218415,
            "common_shares": 615724,
            "book_valuer_per_share": 15.64,
            "book_valuer_per_share_4q_avg": 14.48,
            "equity": 962834,
            "current_ratio": 214.26,
            "debt_ratio": 28.87,
            "inventory_turnover_ratio": 0.71,
            "account_receivable_turnover_ratio": null,
            "reinvestment_rate": null,
            "research_to_sale_ratio": null,
            "price_fair": 113.63,
            "eps_avg_yearly": 3.25,
            "eps_latest_yearly": 3.68,
            "eps_growth_yearly": 45.93
        },
        "20033": {
            "year_quarter": 20033,
            "year": 2003,
            "quarter": 3,
            "eps": 0.81,
            "eps_growth_year": 19.12,
            "eps_4q": 2.76,
            "eps_4q_growth_year": -5.27,
            "roe": 6.2,
            "roe_4q": 22.759999999999998,
            "gross_profit": 143371,
            "gross_margin": 56.18,
            "gross_margin_4q_avg": 57.14,
            "net_income": 61526,
            "revenue": 255208,
            "common_shares": 757479,
            "book_valuer_per_share": 13.49,
            "book_valuer_per_share_4q_avg": 14.51,
            "equity": 1021899,
            "current_ratio": 194.91,
            "debt_ratio": 32.59,
            "inventory_turnover_ratio": 0.63,
            "account_receivable_turnover_ratio": null,
            "reinvestment_rate": null,
            "research_to_sale_ratio": null,
            "price_fair": 113.6,
            "eps_avg_yearly": 3.25,
            "eps_latest_yearly": 3.24,
            "eps_growth_yearly": 32.54
        },
        "20034": {
            "year_quarter": 20034,
            "year": 2003,
            "quarter": 4,
            "eps": -0.04,
            "eps_growth_year": -105.8,
            "eps_4q": 2.17,
            "eps_4q_growth_year": -28.11,
            "roe": -0.31,
            "roe_4q": 17.44,
            "gross_profit": 99446,
            "gross_margin": 51.71,
            "gross_margin_4q_avg": 55.41,
            "net_income": -3140,
            "revenue": 192329,
            "common_shares": 757479,
            "book_valuer_per_share": 13.46,
            "book_valuer_per_share_4q_avg": 14.36,
            "equity": 1019369,
            "current_ratio": 206.2,
            "debt_ratio": 30.83,
            "inventory_turnover_ratio": 0.44,
            "account_receivable_turnover_ratio": null,
            "reinvestment_rate": 75.36,
            "research_to_sale_ratio": null,
            "price_fair": 113.6,
            "eps_avg_yearly": 3.25,
            "eps_latest_yearly": 3.24,
            "eps_growth_yearly": 32.54
        },
        "20041": {
            "year_quarter": 20041,
            "year": 2004,
            "quarter": 1,
            "eps": 0.78,
            "eps_growth_year": -3.7,
            "eps_4q": 2.29,
            "eps_4q_growth_year": -31.82,
            "roe": 5.67,
            "roe_4q": 17.55,
            "gross_profit": 137176,
            "gross_margin": 57.09,
            "gross_margin_4q_avg": 54.56,
            "net_income": 59367,
            "revenue": 240295,
            "common_shares": 757479,
            "book_valuer_per_share": 14.2,
            "book_valuer_per_share_4q_avg": 14.2,
            "equity": 1075471,
            "current_ratio": 212.56,
            "debt_ratio": 29.52,
            "inventory_turnover_ratio": 0.47,
            "account_receivable_turnover_ratio": null,
            "reinvestment_rate": 62,
            "research_to_sale_ratio": null,
            "price_fair": 113.6,
            "eps_avg_yearly": 3.25,
            "eps_latest_yearly": 3.24,
            "eps_growth_yearly": 32.54
        },
        "20042": {
            "year_quarter": 20042,
            "year": 2004,
            "quarter": 2,
            "eps": 2.31,
            "eps_growth_year": 151.09,
            "eps_4q": 3.87,
            "eps_4q_growth_year": 24.6,
            "roe": 15.12,
            "roe_4q": 26.68,
            "gross_profit": 267314,
            "gross_margin": 57.86,
            "gross_margin_4q_avg": 55.71,
            "net_income": 174624,
            "revenue": 462025,
            "common_shares": 757479,
            "book_valuer_per_share": 16.29,
            "book_valuer_per_share_4q_avg": 14.36,
            "equity": 1233628,
            "current_ratio": 182.48,
            "debt_ratio": 36.68,
            "inventory_turnover_ratio": 0.76,
            "account_receivable_turnover_ratio": null,
            "reinvestment_rate": 54.55,
            "research_to_sale_ratio": null,
            "price_fair": 139.83,
            "eps_avg_yearly": 4,
            "eps_latest_yearly": 9.24,
            "eps_growth_yearly": 126.55
        },
        "20043": {
            "year_quarter": 20043,
            "year": 2004,
            "quarter": 3,
            "eps": 2.09,
            "eps_growth_year": 158.02,
            "eps_4q": 4.69,
            "eps_4q_growth_year": 70.09,
            "roe": 13.98,
            "roe_4q": 34.46,
            "gross_profit": 277079,
            "gross_margin": 58.59,
            "gross_margin_4q_avg": 56.31,
            "net_income": 185525,
            "revenue": 472949,
            "common_shares": 888271,
            "book_valuer_per_share": 15.99,
            "book_valuer_per_share_4q_avg": 14.99,
            "equity": 1420397,
            "current_ratio": 235.74,
            "debt_ratio": 31.78,
            "inventory_turnover_ratio": 0.67,
            "account_receivable_turnover_ratio": null,
            "reinvestment_rate": 54.27,
            "research_to_sale_ratio": null,
            "price_fair": 156.8,
            "eps_avg_yearly": 4.48,
            "eps_latest_yearly": 8.36,
            "eps_growth_yearly": 108.25
        },
        "20044": {
            "year_quarter": 20044,
            "year": 2004,
            "quarter": 4,
            "eps": 0.15,
            "eps_growth_year": null,
            "eps_4q": 4.97,
            "eps_4q_growth_year": 128.89,
            "roe": 0.92,
            "roe_4q": 35.69,
            "gross_profit": 145197,
            "gross_margin": 53.15,
            "gross_margin_4q_avg": 56.67,
            "net_income": 13064,
            "revenue": 273174,
            "common_shares": 888271,
            "book_valuer_per_share": 16.03,
            "book_valuer_per_share_4q_avg": 15.63,
            "equity": 1423625,
            "current_ratio": 266.41,
            "debt_ratio": 24.39,
            "inventory_turnover_ratio": 0.44,
            "account_receivable_turnover_ratio": null,
            "reinvestment_rate": 60.03,
            "research_to_sale_ratio": null,
            "price_fair": 143.22,
            "eps_avg_yearly": 4.09,
            "eps_latest_yearly": 0.6,
            "eps_growth_yearly": 60.3
        },
        "20051": {
            "year_quarter": 20051,
            "year": 2005,
            "quarter": 1,
            "eps": 0.15,
            "eps_growth_year": -80.77,
            "eps_4q": 4.41,
            "eps_4q_growth_year": 92.91,
            "roe": 0.92,
            "roe_4q": 30.939999999999998,
            "gross_profit": 100295,
            "gross_margin": 46.23,
            "gross_margin_4q_avg": 53.96,
            "net_income": 13143,
            "revenue": 216950,
            "common_shares": 888271,
            "book_valuer_per_share": 16.16,
            "book_valuer_per_share_4q_avg": 16.12,
            "equity": 1435742,
            "current_ratio": 327.24,
            "debt_ratio": 20.3,
            "inventory_turnover_ratio": 0.41,
            "account_receivable_turnover_ratio": null,
            "reinvestment_rate": 46.13,
            "research_to_sale_ratio": null,
            "price_fair": 132.11,
            "eps_avg_yearly": 3.77,
            "eps_latest_yearly": 0.6,
            "eps_growth_yearly": 54.82
        },
        "20052": {
            "year_quarter": 20052,
            "year": 2005,
            "quarter": 2,
            "eps": 0.21,
            "eps_growth_year": -90.91,
            "eps_4q": 2.59,
            "eps_4q_growth_year": -33.13,
            "roe": 1.34,
            "roe_4q": 17.16,
            "gross_profit": 126959,
            "gross_margin": 47.15,
            "gross_margin_4q_avg": 51.28,
            "net_income": 18710,
            "revenue": 269266,
            "common_shares": 888271,
            "book_valuer_per_share": 15.2,
            "book_valuer_per_share_4q_avg": 15.85,
            "equity": 1350408,
            "current_ratio": 226.34,
            "debt_ratio": 25.17,
            "inventory_turnover_ratio": 0.51,
            "account_receivable_turnover_ratio": null,
            "reinvestment_rate": 37.97,
            "research_to_sale_ratio": null,
            "price_fair": 123.55,
            "eps_avg_yearly": 3.53,
            "eps_latest_yearly": 0.84,
            "eps_growth_yearly": 63.58
        },
        "20053": {
            "year_quarter": 20053,
            "year": 2005,
            "quarter": 3,
            "eps": 1.66,
            "eps_growth_year": -20.57,
            "eps_4q": 2.07,
            "eps_4q_growth_year": -55.81,
            "roe": 12.49,
            "roe_4q": 15.67,
            "gross_profit": 254839,
            "gross_margin": 54.57,
            "gross_margin_4q_avg": 50.28,
            "net_income": 180651,
            "revenue": 466965,
            "common_shares": 1090425,
            "book_valuer_per_share": 14.14,
            "book_valuer_per_share_4q_avg": 15.38,
            "equity": 1541412,
            "current_ratio": 239.55,
            "debt_ratio": 25.47,
            "inventory_turnover_ratio": 0.78,
            "account_receivable_turnover_ratio": null,
            "reinvestment_rate": 31.59,
            "research_to_sale_ratio": null,
            "price_fair": 131.92,
            "eps_avg_yearly": 3.77,
            "eps_latest_yearly": 6.64,
            "eps_growth_yearly": 271.15
        },
        "20054": {
            "year_quarter": 20054,
            "year": 2005,
            "quarter": 4,
            "eps": 1.24,
            "eps_growth_year": 726.67,
            "eps_4q": 3.19,
            "eps_4q_growth_year": -35.8,
            "roe": 8.41,
            "roe_4q": 23.16,
            "gross_profit": 223662,
            "gross_margin": 53.44,
            "gross_margin_4q_avg": 50.35,
            "net_income": 135213,
            "revenue": 418524,
            "common_shares": 1090425,
            "book_valuer_per_share": 15.36,
            "book_valuer_per_share_4q_avg": 15.22,
            "equity": 1675150,
            "current_ratio": 303.72,
            "debt_ratio": 20.44,
            "inventory_turnover_ratio": 0.74,
            "account_receivable_turnover_ratio": null,
            "reinvestment_rate": 37.05,
            "research_to_sale_ratio": null,
            "price_fair": 134.9,
            "eps_avg_yearly": 3.85,
            "eps_latest_yearly": 4.96,
            "eps_growth_yearly": 244.55
        },
        "20061": {
            "year_quarter": 20061,
            "year": 2006,
            "quarter": 1,
            "eps": 1.24,
            "eps_growth_year": 726.67,
            "eps_4q": 4.32,
            "eps_4q_growth_year": -2.1,
            "roe": 7.74,
            "roe_4q": 29.98,
            "gross_profit": 235306,
            "gross_margin": 55.04,
            "gross_margin_4q_avg": 52.55,
            "net_income": 134836,
            "revenue": 427513,
            "common_shares": 1090425,
            "book_valuer_per_share": 16.59,
            "book_valuer_per_share_4q_avg": 15.32,
            "equity": 1808722,
            "current_ratio": 312.8,
            "debt_ratio": 20.42,
            "inventory_turnover_ratio": 0.67,
            "account_receivable_turnover_ratio": null,
            "reinvestment_rate": 26.14,
            "research_to_sale_ratio": null,
            "price_fair": 141.3,
            "eps_avg_yearly": 4.04,
            "eps_latest_yearly": 4.96,
            "eps_growth_yearly": 249.31
        },
        "20062": {
            "year_quarter": 20062,
            "year": 2006,
            "quarter": 2,
            "eps": 1.55,
            "eps_growth_year": 638.1,
            "eps_4q": 5.69,
            "eps_4q_growth_year": 119.9,
            "roe": 9.23,
            "roe_4q": 37.87,
            "gross_profit": 279426,
            "gross_margin": 55.32,
            "gross_margin_4q_avg": 54.59,
            "net_income": 168841,
            "revenue": 505092,
            "common_shares": 1090425,
            "book_valuer_per_share": 16.98,
            "book_valuer_per_share_4q_avg": 15.77,
            "equity": 1851285,
            "current_ratio": 239.75,
            "debt_ratio": 26.51,
            "inventory_turnover_ratio": 0.62,
            "account_receivable_turnover_ratio": null,
            "reinvestment_rate": 14.74,
            "research_to_sale_ratio": null,
            "price_fair": 145.1,
            "eps_avg_yearly": 4.15,
            "eps_latest_yearly": 6.2,
            "eps_growth_yearly": 229.31
        },
        "20063": {
            "year_quarter": 20063,
            "year": 2006,
            "quarter": 3,
            "eps": 1.79,
            "eps_growth_year": 7.83,
            "eps_4q": 5.22,
            "eps_4q_growth_year": 151.76,
            "roe": 11.64,
            "roe_4q": 37.019999999999996,
            "gross_profit": 343118,
            "gross_margin": 56.42,
            "gross_margin_4q_avg": 55.06,
            "net_income": 229148,
            "revenue": 608179,
            "common_shares": 1276600,
            "book_valuer_per_share": 16.33,
            "book_valuer_per_share_4q_avg": 16.32,
            "equity": 2085017,
            "current_ratio": 341.79,
            "debt_ratio": 19.67,
            "inventory_turnover_ratio": 0.63,
            "account_receivable_turnover_ratio": null,
            "reinvestment_rate": 10.01,
            "research_to_sale_ratio": null,
            "price_fair": 156.2,
            "eps_avg_yearly": 4.46,
            "eps_latest_yearly": 7.16,
            "eps_growth_yearly": 245.7
        },
        "20064": {
            "year_quarter": 20064,
            "year": 2006,
            "quarter": 4,
            "eps": 0.5,
            "eps_growth_year": -59.68,
            "eps_4q": 4.71,
            "eps_4q_growth_year": 47.73,
            "roe": 2.99,
            "roe_4q": 31.6,
            "gross_profit": 195848,
            "gross_margin": 54.68,
            "gross_margin_4q_avg": 55.37,
            "net_income": 63270,
            "revenue": 358176,
            "common_shares": 1276600,
            "book_valuer_per_share": 16.83,
            "book_valuer_per_share_4q_avg": 16.68,
            "equity": 2148944,
            "current_ratio": 259.97,
            "debt_ratio": 22.8,
            "inventory_turnover_ratio": 0.38,
            "account_receivable_turnover_ratio": null,
            "reinvestment_rate": 47.87,
            "research_to_sale_ratio": null,
            "price_fair": 154.3,
            "eps_avg_yearly": 4.41,
            "eps_latest_yearly": 2,
            "eps_growth_yearly": 224.69
        },
        "20071": {
            "year_quarter": 20071,
            "year": 2007,
            "quarter": 1,
            "eps": 0.5,
            "eps_growth_year": -59.68,
            "eps_4q": 4.15,
            "eps_4q_growth_year": -3.95,
            "roe": 2.9,
            "roe_4q": 26.76,
            "gross_profit": 171586,
            "gross_margin": 51.07,
            "gross_margin_4q_avg": 54.37,
            "net_income": 63252,
            "revenue": 336003,
            "common_shares": 1276600,
            "book_valuer_per_share": 17.38,
            "book_valuer_per_share_4q_avg": 16.88,
            "equity": 2218591,
            "current_ratio": 325.37,
            "debt_ratio": 19.04,
            "inventory_turnover_ratio": 0.39,
            "account_receivable_turnover_ratio": null,
            "reinvestment_rate": 41.43,
            "research_to_sale_ratio": null,
            "price_fair": 151.2,
            "eps_avg_yearly": 4.32,
            "eps_latest_yearly": 2,
            "eps_growth_yearly": 219.72
        },
        "20072": {
            "year_quarter": 20072,
            "year": 2007,
            "quarter": 2,
            "eps": 1.71,
            "eps_growth_year": 10.32,
            "eps_4q": 4.49,
            "eps_4q_growth_year": -21.02,
            "roe": 9.76,
            "roe_4q": 27.29,
            "gross_profit": 341275,
            "gross_margin": 54.21,
            "gross_margin_4q_avg": 54.1,
            "net_income": 218595,
            "revenue": 629587,
            "common_shares": 1276600,
            "book_valuer_per_share": 17.71,
            "book_valuer_per_share_4q_avg": 17.06,
            "equity": 2261049,
            "current_ratio": 218.04,
            "debt_ratio": 26.92,
            "inventory_turnover_ratio": 0.64,
            "account_receivable_turnover_ratio": null,
            "reinvestment_rate": 38.45,
            "research_to_sale_ratio": null,
            "price_fair": 159.1,
            "eps_avg_yearly": 4.55,
            "eps_latest_yearly": 6.84,
            "eps_growth_yearly": 284.98
        },
        "20073": {
            "year_quarter": 20073,
            "year": 2007,
            "quarter": 3,
            "eps": 2.63,
            "eps_growth_year": 46.93,
            "eps_4q": 4.87,
            "eps_4q_growth_year": -6.68,
            "roe": 16.44,
            "roe_4q": 32.09,
            "gross_profit": 579673,
            "gross_margin": 59.06,
            "gross_margin_4q_avg": 54.76,
            "net_income": 405259,
            "revenue": 981570,
            "common_shares": 1538000,
            "book_valuer_per_share": 17.36,
            "book_valuer_per_share_4q_avg": 17.32,
            "equity": 2670590,
            "current_ratio": 247.76,
            "debt_ratio": 27.56,
            "inventory_turnover_ratio": 0.85,
            "account_receivable_turnover_ratio": null,
            "reinvestment_rate": 38.75,
            "research_to_sale_ratio": null,
            "price_fair": 177.3,
            "eps_avg_yearly": 5.07,
            "eps_latest_yearly": 10.52,
            "eps_growth_yearly": 303.77
        },
        "20074": {
            "year_quarter": 20074,
            "year": 2007,
            "quarter": 4,
            "eps": 0.56,
            "eps_growth_year": 12,
            "eps_4q": 5.01,
            "eps_4q_growth_year": 6.3,
            "roe": 3.19,
            "roe_4q": 32.29,
            "gross_profit": 210428,
            "gross_margin": 54.01,
            "gross_margin_4q_avg": 54.59,
            "net_income": 86516,
            "revenue": 389585,
            "common_shares": 1538000,
            "book_valuer_per_share": 17.94,
            "book_valuer_per_share_4q_avg": 17.6,
            "equity": 2759015,
            "current_ratio": 288.45,
            "debt_ratio": 16.49,
            "inventory_turnover_ratio": 0.37,
            "account_receivable_turnover_ratio": null,
            "reinvestment_rate": 45.79,
            "research_to_sale_ratio": null,
            "price_fair": 170.71,
            "eps_avg_yearly": 4.88,
            "eps_latest_yearly": 2.24,
            "eps_growth_yearly": 262.53
        },
        "20081": {
            "year_quarter": 20081,
            "year": 2008,
            "quarter": 1,
            "eps": 0.37,
            "eps_growth_year": -26,
            "eps_4q": 5.01,
            "eps_4q_growth_year": 20.74,
            "roe": 2.03,
            "roe_4q": 31.42,
            "gross_profit": 236650,
            "gross_margin": 57.1,
            "gross_margin_4q_avg": 56.1,
            "net_income": 56692,
            "revenue": 414414,
            "common_shares": 1538000,
            "book_valuer_per_share": 18.3,
            "book_valuer_per_share_4q_avg": 17.83,
            "equity": 2814259,
            "current_ratio": 251.7,
            "debt_ratio": 15.36,
            "inventory_turnover_ratio": 0.36,
            "account_receivable_turnover_ratio": null,
            "reinvestment_rate": 62.44,
            "research_to_sale_ratio": null,
            "price_fair": 163.28,
            "eps_avg_yearly": 4.67,
            "eps_latest_yearly": 1.48,
            "eps_growth_yearly": 237.64
        },
        "20082": {
            "year_quarter": 20082,
            "year": 2008,
            "quarter": 2,
            "eps": 1.47,
            "eps_growth_year": -14.04,
            "eps_4q": 5.04,
            "eps_4q_growth_year": 12.08,
            "roe": 8.01,
            "roe_4q": 29.67,
            "gross_profit": 438551,
            "gross_margin": 53.33,
            "gross_margin_4q_avg": 55.88,
            "net_income": 226150,
            "revenue": 822273,
            "common_shares": 1538000,
            "book_valuer_per_share": 18.39,
            "book_valuer_per_share_4q_avg": 18,
            "equity": 2828991,
            "current_ratio": 140.53,
            "debt_ratio": 30.28,
            "inventory_turnover_ratio": 0.76,
            "account_receivable_turnover_ratio": null,
            "reinvestment_rate": 70.31,
            "research_to_sale_ratio": null,
            "price_fair": 155.93,
            "eps_avg_yearly": 4.46,
            "eps_latest_yearly": 5.88,
            "eps_growth_yearly": 262.93
        },
        "20083": {
            "year_quarter": 20083,
            "year": 2008,
            "quarter": 3,
            "eps": 1.03,
            "eps_growth_year": -60.84,
            "eps_4q": 3.03,
            "eps_4q_growth_year": -37.85,
            "roe": 6.5,
            "roe_4q": 19.73,
            "gross_profit": 360603,
            "gross_margin": 55.6,
            "gross_margin_4q_avg": 55.01,
            "net_income": 190567,
            "revenue": 648508,
            "common_shares": 1853000,
            "book_valuer_per_share": 16.38,
            "book_valuer_per_share_4q_avg": 17.75,
            "equity": 3034678,
            "current_ratio": 167.63,
            "debt_ratio": 26.08,
            "inventory_turnover_ratio": 0.56,
            "account_receivable_turnover_ratio": null,
            "reinvestment_rate": 67.04,
            "research_to_sale_ratio": null,
            "price_fair": 146.65,
            "eps_avg_yearly": 4.19,
            "eps_latest_yearly": 4.12,
            "eps_growth_yearly": 257.82
        },
        "20084": {
            "year_quarter": 20084,
            "year": 2008,
            "quarter": 4,
            "eps": -0.02,
            "eps_growth_year": -103.57,
            "eps_4q": 2.53,
            "eps_4q_growth_year": -49.48,
            "roe": -0.12,
            "roe_4q": 16.42,
            "gross_profit": 102351,
            "gross_margin": 50.54,
            "gross_margin_4q_avg": 54.14,
            "net_income": -3686,
            "revenue": 202522,
            "common_shares": 1853000,
            "book_valuer_per_share": 16.4,
            "book_valuer_per_share_4q_avg": 17.37,
            "equity": 3039525,
            "current_ratio": 254.66,
            "debt_ratio": 13.34,
            "inventory_turnover_ratio": 0.19,
            "account_receivable_turnover_ratio": 1.04,
            "reinvestment_rate": 65.6,
            "research_to_sale_ratio": null,
            "price_fair": 155.03,
            "eps_avg_yearly": 4.43,
            "eps_latest_yearly": 4.12,
            "eps_growth_yearly": 299.77
        },
        "20091": {
            "year_quarter": 20091,
            "year": 2009,
            "quarter": 1,
            "eps": -0.12,
            "eps_growth_year": -132.43,
            "eps_4q": 2.11,
            "eps_4q_growth_year": -57.82,
            "roe": -0.72,
            "roe_4q": 13.67,
            "gross_profit": 103492,
            "gross_margin": 49.58,
            "gross_margin_4q_avg": 52.26,
            "net_income": -21704,
            "revenue": 208744,
            "common_shares": 1853000,
            "book_valuer_per_share": 16.33,
            "book_valuer_per_share_4q_avg": 16.88,
            "equity": 3026608,
            "current_ratio": 353.08,
            "debt_ratio": 8.86,
            "inventory_turnover_ratio": 0.22,
            "account_receivable_turnover_ratio": 0.62,
            "reinvestment_rate": 68.69,
            "research_to_sale_ratio": null,
            "price_fair": 164.6,
            "eps_avg_yearly": 4.7,
            "eps_latest_yearly": 4.12,
            "eps_growth_yearly": 321.18
        },
        "20092": {
            "year_quarter": 20092,
            "year": 2009,
            "quarter": 2,
            "eps": 0.23,
            "eps_growth_year": -84.35,
            "eps_4q": 1.11,
            "eps_4q_growth_year": -77.96,
            "roe": 1.45,
            "roe_4q": 7.11,
            "gross_profit": 218460,
            "gross_margin": 52.18,
            "gross_margin_4q_avg": 51.98,
            "net_income": 43176,
            "revenue": 418695,
            "common_shares": 1853000,
            "book_valuer_per_share": 15.85,
            "book_valuer_per_share_4q_avg": 16.24,
            "equity": 2937085,
            "current_ratio": 239.92,
            "debt_ratio": 13.52,
            "inventory_turnover_ratio": 0.49,
            "account_receivable_turnover_ratio": 1.1,
            "reinvestment_rate": 67.61,
            "research_to_sale_ratio": null,
            "price_fair": 175,
            "eps_avg_yearly": 5,
            "eps_latest_yearly": 4.12,
            "eps_growth_yearly": 333.58
        },
        "20093": {
            "year_quarter": 20093,
            "year": 2009,
            "quarter": 3,
            "eps": 0.45,
            "eps_growth_year": -56.31,
            "eps_4q": 0.54,
            "eps_4q_growth_year": -82.05,
            "roe": 2.88,
            "roe_4q": 3.49,
            "gross_profit": 294605,
            "gross_margin": 54.14,
            "gross_margin_4q_avg": 51.61,
            "net_income": 85874,
            "revenue": 544110,
            "common_shares": 1925734,
            "book_valuer_per_share": 15.69,
            "book_valuer_per_share_4q_avg": 16.07,
            "equity": 3021325,
            "current_ratio": 223.18,
            "debt_ratio": 16.57,
            "inventory_turnover_ratio": 0.72,
            "account_receivable_turnover_ratio": 1.03,
            "reinvestment_rate": 69.93,
            "research_to_sale_ratio": null,
            "price_fair": 161.97,
            "eps_avg_yearly": 4.63,
            "eps_latest_yearly": 1.8,
            "eps_growth_yearly": 150.55
        },
        "20094": {
            "year_quarter": 20094,
            "year": 2009,
            "quarter": 4,
            "eps": 0.46,
            "eps_growth_year": null,
            "eps_4q": 1.02,
            "eps_4q_growth_year": -59.79,
            "roe": 2.89,
            "roe_4q": 6.5,
            "gross_profit": 287334,
            "gross_margin": 53.31,
            "gross_margin_4q_avg": 52.3,
            "net_income": 88575,
            "revenue": 539036,
            "common_shares": 1925734,
            "book_valuer_per_share": 16.13,
            "book_valuer_per_share_4q_avg": 16,
            "equity": 3106236,
            "current_ratio": 234.06,
            "debt_ratio": 16.74,
            "inventory_turnover_ratio": 0.66,
            "account_receivable_turnover_ratio": 0.99,
            "reinvestment_rate": 81.61,
            "research_to_sale_ratio": null,
            "price_fair": 153.57,
            "eps_avg_yearly": 4.39,
            "eps_latest_yearly": 1.84,
            "eps_growth_yearly": 159.02
        },
        "20101": {
            "year_quarter": 20101,
            "year": 2010,
            "quarter": 1,
            "eps": 1,
            "eps_growth_year": null,
            "eps_4q": 2.13,
            "eps_4q_growth_year": 0.71,
            "roe": 6,
            "roe_4q": 13.219999999999999,
            "gross_profit": 441853,
            "gross_margin": 54.35,
            "gross_margin_4q_avg": 53.5,
            "net_income": 191949,
            "revenue": 812969,
            "common_shares": 1925734,
            "book_valuer_per_share": 17.1,
            "book_valuer_per_share_4q_avg": 16.19,
            "equity": 3293285,
            "current_ratio": 205.38,
            "debt_ratio": 23.15,
            "inventory_turnover_ratio": 0.66,
            "account_receivable_turnover_ratio": 0.62,
            "reinvestment_rate": 84.44,
            "research_to_sale_ratio": 6.8,
            "price_fair": 150.98,
            "eps_avg_yearly": 4.31,
            "eps_latest_yearly": 4,
            "eps_growth_yearly": 195.14
        },
        "20102": {
            "year_quarter": 20102,
            "year": 2010,
            "quarter": 2,
            "eps": 1.8,
            "eps_growth_year": 682.6,
            "eps_4q": 3.61,
            "eps_4q_growth_year": 225.43,
            "roe": 10.61,
            "roe_4q": 22.38,
            "gross_profit": 671730,
            "gross_margin": 53.32,
            "gross_margin_4q_avg": 53.78,
            "net_income": 363958,
            "revenue": 1259835,
            "common_shares": 1925734,
            "book_valuer_per_share": 18.51,
            "book_valuer_per_share_4q_avg": 16.86,
            "equity": 3564625,
            "current_ratio": 201.33,
            "debt_ratio": 27.24,
            "inventory_turnover_ratio": 0.83,
            "account_receivable_turnover_ratio": 0.6,
            "reinvestment_rate": 80.13,
            "research_to_sale_ratio": 4.74,
            "price_fair": 153.68,
            "eps_avg_yearly": 4.39,
            "eps_latest_yearly": 7.2,
            "eps_growth_yearly": 212.07
        },
        "20103": {
            "year_quarter": 20103,
            "year": 2010,
            "quarter": 3,
            "eps": 1.46,
            "eps_growth_year": 224.59,
            "eps_4q": 4.65,
            "eps_4q_growth_year": 755.66,
            "roe": 7.96,
            "roe_4q": 27.46,
            "gross_profit": 635759,
            "gross_margin": 57.62,
            "gross_margin_4q_avg": 54.65,
            "net_income": 295351,
            "revenue": 1103362,
            "common_shares": 2022020,
            "book_valuer_per_share": 19.08,
            "book_valuer_per_share_4q_avg": 17.71,
            "equity": 3858369,
            "current_ratio": 251.04,
            "debt_ratio": 22.41,
            "inventory_turnover_ratio": 0.66,
            "account_receivable_turnover_ratio": 0.42,
            "reinvestment_rate": 82.08,
            "research_to_sale_ratio": 5.39,
            "price_fair": 150.12,
            "eps_avg_yearly": 4.29,
            "eps_latest_yearly": 5.84,
            "eps_growth_yearly": 201.49
        },
        "20104": {
            "year_quarter": 20104,
            "year": 2010,
            "quarter": 4,
            "eps": 0.27,
            "eps_growth_year": -41.02,
            "eps_4q": 4.48,
            "eps_4q_growth_year": 340.47,
            "roe": 1.42,
            "roe_4q": 25.99,
            "gross_profit": 323213,
            "gross_margin": 55.7,
            "gross_margin_4q_avg": 55.25,
            "net_income": 54863,
            "revenue": 580265,
            "common_shares": 2022020,
            "book_valuer_per_share": 19.24,
            "book_valuer_per_share_4q_avg": 18.48,
            "equity": 3890242,
            "current_ratio": 375.51,
            "debt_ratio": 14.12,
            "inventory_turnover_ratio": 0.37,
            "account_receivable_turnover_ratio": 0.29,
            "reinvestment_rate": 54.1,
            "research_to_sale_ratio": 7.62,
            "price_fair": 147.65,
            "eps_avg_yearly": 4.22,
            "eps_latest_yearly": 1.08,
            "eps_growth_yearly": 198.58
        },
        "20111": {
            "year_quarter": 20111,
            "year": 2011,
            "quarter": 1,
            "eps": 1.56,
            "eps_growth_year": 56,
            "eps_4q": 5.09,
            "eps_4q_growth_year": 139.22,
            "roe": 7.77,
            "roe_4q": 27.759999999999998,
            "gross_profit": 643099,
            "gross_margin": 55.64,
            "gross_margin_4q_avg": 55.57,
            "net_income": 314619,
            "revenue": 1155723,
            "common_shares": 2022020,
            "book_valuer_per_share": 20.79,
            "book_valuer_per_share_4q_avg": 19.41,
            "equity": 4204511,
            "current_ratio": 289.65,
            "debt_ratio": 20.79,
            "inventory_turnover_ratio": 0.67,
            "account_receivable_turnover_ratio": 0.7,
            "reinvestment_rate": 56.52,
            "research_to_sale_ratio": 5.1,
            "price_fair": 159.06,
            "eps_avg_yearly": 4.54,
            "eps_latest_yearly": 6.24,
            "eps_growth_yearly": 345.59
        },
        "20112": {
            "year_quarter": 20112,
            "year": 2011,
            "quarter": 2,
            "eps": 1.04,
            "eps_growth_year": -41.96,
            "eps_4q": 4.12,
            "eps_4q_growth_year": 14,
            "roe": 5.54,
            "roe_4q": 22.689999999999998,
            "gross_profit": 557259,
            "gross_margin": 53.92,
            "gross_margin_4q_avg": 55.72,
            "net_income": 226036,
            "revenue": 1033509,
            "common_shares": 2022020,
            "book_valuer_per_share": 19.58,
            "book_valuer_per_share_4q_avg": 19.67,
            "equity": 3959219,
            "current_ratio": 211.66,
            "debt_ratio": 29.06,
            "inventory_turnover_ratio": 0.56,
            "account_receivable_turnover_ratio": 0.52,
            "reinvestment_rate": 55.87,
            "research_to_sale_ratio": 5.67,
            "price_fair": 151.85,
            "eps_avg_yearly": 4.34,
            "eps_latest_yearly": 4.16,
            "eps_growth_yearly": 260.88
        },
        "20113": {
            "year_quarter": 20113,
            "year": 2011,
            "quarter": 3,
            "eps": 1.69,
            "eps_growth_year": 15.93,
            "eps_4q": 4.45,
            "eps_4q_growth_year": -4.35,
            "roe": 8.82,
            "roe_4q": 23.549999999999997,
            "gross_profit": 640567,
            "gross_margin": 53.7,
            "gross_margin_4q_avg": 54.74,
            "net_income": 366372,
            "revenue": 1192942,
            "common_shares": 2163560,
            "book_valuer_per_share": 20.12,
            "book_valuer_per_share_4q_avg": 19.93,
            "equity": 4352124,
            "current_ratio": 309.64,
            "debt_ratio": 19.7,
            "inventory_turnover_ratio": 0.65,
            "account_receivable_turnover_ratio": 0.51,
            "reinvestment_rate": 53.25,
            "research_to_sale_ratio": 5.75,
            "price_fair": 141.72,
            "eps_avg_yearly": 4.05,
            "eps_latest_yearly": 6.76,
            "eps_growth_yearly": 263.55
        },
        "20114": {
            "year_quarter": 20114,
            "year": 2011,
            "quarter": 4,
            "eps": 0.26,
            "eps_growth_year": -3.43,
            "eps_4q": 4.45,
            "eps_4q_growth_year": -0.6,
            "roe": 1.29,
            "roe_4q": 23.419999999999998,
            "gross_profit": 279744,
            "gross_margin": 54.27,
            "gross_margin_4q_avg": 54.38,
            "net_income": 56692,
            "revenue": 515498,
            "common_shares": 2163560,
            "book_valuer_per_share": 20.43,
            "book_valuer_per_share_4q_avg": 20.23,
            "equity": 4420871,
            "current_ratio": 428.04,
            "debt_ratio": 14.05,
            "inventory_turnover_ratio": 0.3,
            "account_receivable_turnover_ratio": 0.25,
            "reinvestment_rate": 46.17,
            "research_to_sale_ratio": 10.34,
            "price_fair": 138.49,
            "eps_avg_yearly": 3.96,
            "eps_latest_yearly": 1.04,
            "eps_growth_yearly": 261.73
        },
        "20121": {
            "year_quarter": 20121,
            "year": 2012,
            "quarter": 1,
            "eps": 1.07,
            "eps_growth_year": -31.41,
            "eps_4q": 4.07,
            "eps_4q_growth_year": -20.09,
            "roe": 5.09,
            "roe_4q": 20.74,
            "gross_profit": 546118,
            "gross_margin": 52.96,
            "gross_margin_4q_avg": 53.71,
            "net_income": 230545,
            "revenue": 1031263,
            "common_shares": 2163560,
            "book_valuer_per_share": 21.44,
            "book_valuer_per_share_4q_avg": 20.39,
            "equity": 4639475,
            "current_ratio": 376.2,
            "debt_ratio": 16.88,
            "inventory_turnover_ratio": 0.64,
            "account_receivable_turnover_ratio": 0.7,
            "reinvestment_rate": 33.78,
            "research_to_sale_ratio": 6.26,
            "price_fair": 146.03,
            "eps_avg_yearly": 4.17,
            "eps_latest_yearly": 4.28,
            "eps_growth_yearly": 368.03
        },
        "20122": {
            "year_quarter": 20122,
            "year": 2012,
            "quarter": 2,
            "eps": 1.49,
            "eps_growth_year": 42.69,
            "eps_4q": 4.42,
            "eps_4q_growth_year": 7.44,
            "roe": 7.36,
            "roe_4q": 22.56,
            "gross_profit": 720150,
            "gross_margin": 51.52,
            "gross_margin_4q_avg": 53.11,
            "net_income": 332215,
            "revenue": 1397678,
            "common_shares": 2163560,
            "book_valuer_per_share": 20.3,
            "book_valuer_per_share_4q_avg": 20.57,
            "equity": 4392577,
            "current_ratio": 214.58,
            "debt_ratio": 30.98,
            "inventory_turnover_ratio": 0.83,
            "account_receivable_turnover_ratio": 0.68,
            "reinvestment_rate": 26.22,
            "research_to_sale_ratio": 5.57,
            "price_fair": 146.25,
            "eps_avg_yearly": 4.18,
            "eps_latest_yearly": 5.96,
            "eps_growth_yearly": 288.63
        },
        "20123": {
            "year_quarter": 20123,
            "year": 2012,
            "quarter": 3,
            "eps": 2.9,
            "eps_growth_year": 70.96,
            "eps_4q": 5.67,
            "eps_4q_growth_year": 27.64,
            "roe": 13.7,
            "roe_4q": 27.439999999999998,
            "gross_profit": 1219575,
            "gross_margin": 57.14,
            "gross_margin_4q_avg": 53.97,
            "net_income": 645157,
            "revenue": 2134355,
            "common_shares": 2228460,
            "book_valuer_per_share": 22.54,
            "book_valuer_per_share_4q_avg": 21.18,
            "equity": 5023400,
            "current_ratio": 269.39,
            "debt_ratio": 25.76,
            "inventory_turnover_ratio": 1.06,
            "account_receivable_turnover_ratio": 0.71,
            "reinvestment_rate": 22.21,
            "research_to_sale_ratio": 5.1,
            "price_fair": 166.38,
            "eps_avg_yearly": 4.75,
            "eps_latest_yearly": 11.6,
            "eps_growth_yearly": 326.96
        },
        "20124": {
            "year_quarter": 20124,
            "year": 2012,
            "quarter": 4,
            "eps": 1.01,
            "eps_growth_year": 285.62,
            "eps_4q": 6.43,
            "eps_4q_growth_year": 44.37,
            "roe": 4.38,
            "roe_4q": 30.529999999999998,
            "gross_profit": 564008,
            "gross_margin": 57.84,
            "gross_margin_4q_avg": 54.87,
            "net_income": 225174,
            "revenue": 975092,
            "common_shares": 2228460,
            "book_valuer_per_share": 23.55,
            "book_valuer_per_share_4q_avg": 21.96,
            "equity": 5248612,
            "current_ratio": 344.91,
            "debt_ratio": 20.2,
            "inventory_turnover_ratio": 0.5,
            "account_receivable_turnover_ratio": 0.33,
            "reinvestment_rate": 20.72,
            "research_to_sale_ratio": 7.71,
            "price_fair": 164.6,
            "eps_avg_yearly": 4.7,
            "eps_latest_yearly": 4.04,
            "eps_growth_yearly": 284.99
        },
        "20131": {
            "year_quarter": 20131,
            "year": 2013,
            "quarter": 1,
            "eps": 0.45,
            "eps_growth_year": -57.94,
            "eps_4q": 5.85,
            "eps_4q_growth_year": 43.89,
            "roe": 1.91,
            "roe_4q": 27.349999999999998,
            "gross_profit": 371132,
            "gross_margin": 56.62,
            "gross_margin_4q_avg": 55.78,
            "net_income": 101151,
            "revenue": 655500,
            "common_shares": 2228460,
            "book_valuer_per_share": 23.89,
            "book_valuer_per_share_4q_avg": 22.57,
            "equity": 5324829,
            "current_ratio": 486.66,
            "debt_ratio": 15.34,
            "inventory_turnover_ratio": 0.38,
            "account_receivable_turnover_ratio": 0.37,
            "reinvestment_rate": -1.39,
            "research_to_sale_ratio": 10.99,
            "price_fair": 157.83,
            "eps_avg_yearly": 4.51,
            "eps_latest_yearly": 1.8,
            "eps_growth_yearly": 251.2
        },
        "20132": {
            "year_quarter": 20132,
            "year": 2013,
            "quarter": 2,
            "eps": 0.75,
            "eps_growth_year": -49.69,
            "eps_4q": 4.86,
            "eps_4q_growth_year": 9.86,
            "roe": 3.52,
            "roe_4q": 23.509999999999998,
            "gross_profit": 469181,
            "gross_margin": 51.64,
            "gross_margin_4q_avg": 55.81,
            "net_income": 176473,
            "revenue": 908627,
            "common_shares": 2228460,
            "book_valuer_per_share": 21.04,
            "book_valuer_per_share_4q_avg": 22.76,
            "equity": 4688329,
            "current_ratio": 248.3,
            "debt_ratio": 28.22,
            "inventory_turnover_ratio": 0.62,
            "account_receivable_turnover_ratio": 0.73,
            "reinvestment_rate": -1,
            "research_to_sale_ratio": 8.66,
            "price_fair": 154.53,
            "eps_avg_yearly": 4.42,
            "eps_latest_yearly": 3,
            "eps_growth_yearly": 252.17
        },
        "20133": {
            "year_quarter": 20133,
            "year": 2013,
            "quarter": 3,
            "eps": 1.68,
            "eps_growth_year": -41.97,
            "eps_4q": 3.81,
            "eps_4q_growth_year": -32.94,
            "roe": 8.11,
            "roe_4q": 17.919999999999998,
            "gross_profit": 774270,
            "gross_margin": 47.64,
            "gross_margin_4q_avg": 53.44,
            "net_income": 396090,
            "revenue": 1625214,
            "common_shares": 2362160,
            "book_valuer_per_share": 21.49,
            "book_valuer_per_share_4q_avg": 22.49,
            "equity": 5076250,
            "current_ratio": 361.38,
            "debt_ratio": 19.83,
            "inventory_turnover_ratio": 1.27,
            "account_receivable_turnover_ratio": 1.06,
            "reinvestment_rate": -0.78,
            "research_to_sale_ratio": 5.75,
            "price_fair": 165.29,
            "eps_avg_yearly": 4.72,
            "eps_latest_yearly": 6.72,
            "eps_growth_yearly": 259.25
        },
        "20134": {
            "year_quarter": 20134,
            "year": 2013,
            "quarter": 4,
            "eps": 0.56,
            "eps_growth_year": -44.45,
            "eps_4q": 3.41,
            "eps_4q_growth_year": -46.92,
            "roe": 2.58,
            "roe_4q": 16.119999999999997,
            "gross_profit": 441293,
            "gross_margin": 49.33,
            "gross_margin_4q_avg": 51.31,
            "net_income": 132586,
            "revenue": 894519,
            "common_shares": 2362160,
            "book_valuer_per_share": 22.1,
            "book_valuer_per_share_4q_avg": 22.13,
            "equity": 5221225,
            "current_ratio": 456.82,
            "debt_ratio": 15.9,
            "inventory_turnover_ratio": 0.73,
            "account_receivable_turnover_ratio": 0.65,
            "reinvestment_rate": -8.66,
            "research_to_sale_ratio": 10.91,
            "price_fair": 166.16,
            "eps_avg_yearly": 4.75,
            "eps_latest_yearly": 2.24,
            "eps_growth_yearly": 242.03
        },
        "20141": {
            "year_quarter": 20141,
            "year": 2014,
            "quarter": 1,
            "eps": 0.39,
            "eps_growth_year": -13.33,
            "eps_4q": 3.37,
            "eps_4q_growth_year": -42.38,
            "roe": 1.73,
            "roe_4q": 15.94,
            "gross_profit": 333934,
            "gross_margin": 51.56,
            "gross_margin_4q_avg": 50.04,
            "net_income": 91094,
            "revenue": 647674,
            "common_shares": 2362160,
            "book_valuer_per_share": 22.49,
            "book_valuer_per_share_4q_avg": 21.78,
            "equity": 5311558,
            "current_ratio": 669.62,
            "debt_ratio": 11.34,
            "inventory_turnover_ratio": 0.53,
            "account_receivable_turnover_ratio": 0.63,
            "reinvestment_rate": -8.84,
            "research_to_sale_ratio": 10.24,
            "price_fair": 160.83,
            "eps_avg_yearly": 4.6,
            "eps_latest_yearly": 1.56,
            "eps_growth_yearly": 205.09
        },
        "20142": {
            "year_quarter": 20142,
            "year": 2014,
            "quarter": 2,
            "eps": 0.89,
            "eps_growth_year": 18.67,
            "eps_4q": 3.52,
            "eps_4q_growth_year": -27.66,
            "roe": 4.19,
            "roe_4q": 16.61,
            "gross_profit": 563891,
            "gross_margin": 46.68,
            "gross_margin_4q_avg": 48.8,
            "net_income": 210608,
            "revenue": 1207912,
            "common_shares": 2362160,
            "book_valuer_per_share": 20.04,
            "book_valuer_per_share_4q_avg": 21.53,
            "equity": 4733829,
            "current_ratio": 239.39,
            "debt_ratio": 29.26,
            "inventory_turnover_ratio": 0.98,
            "account_receivable_turnover_ratio": 0.95,
            "reinvestment_rate": -11.24,
            "research_to_sale_ratio": 7.78,
            "price_fair": 152.86,
            "eps_avg_yearly": 4.37,
            "eps_latest_yearly": 3.56,
            "eps_growth_yearly": 217.15
        },
        "20143": {
            "year_quarter": 20143,
            "year": 2014,
            "quarter": 3,
            "eps": 3.27,
            "eps_growth_year": 94.64,
            "eps_4q": 5.11,
            "eps_4q_growth_year": 34.29,
            "roe": 15.08,
            "roe_4q": 23.58,
            "gross_profit": 1291642,
            "gross_margin": 41.66,
            "gross_margin_4q_avg": 47.31,
            "net_income": 772847,
            "revenue": 3100686,
            "common_shares": 2362160,
            "book_valuer_per_share": 23.35,
            "book_valuer_per_share_4q_avg": 22,
            "equity": 5516769,
            "current_ratio": 271.74,
            "debt_ratio": 27.51,
            "inventory_turnover_ratio": 2.41,
            "account_receivable_turnover_ratio": 1.51,
            "reinvestment_rate": -11.99,
            "research_to_sale_ratio": 4.29,
            "price_fair": 168.7,
            "eps_avg_yearly": 4.82,
            "eps_latest_yearly": 13.08,
            "eps_growth_yearly": 288.72
        },
        "20144": {
            "year_quarter": 20144,
            "year": 2014,
            "quarter": 4,
            "eps": 0.79,
            "eps_growth_year": 40.17,
            "eps_4q": 5.34,
            "eps_4q_growth_year": 56.32,
            "roe": 3.31,
            "roe_4q": 24.310000000000002,
            "gross_profit": 501430,
            "gross_margin": 54.9,
            "gross_margin_4q_avg": 48.7,
            "net_income": 185847,
            "revenue": 913277,
            "common_shares": 2362160,
            "book_valuer_per_share": 24.21,
            "book_valuer_per_share_4q_avg": 22.52,
            "equity": 5718469,
            "current_ratio": 475.62,
            "debt_ratio": 15.96,
            "inventory_turnover_ratio": 0.55,
            "account_receivable_turnover_ratio": 0.49,
            "reinvestment_rate": -10.91,
            "research_to_sale_ratio": 9.31,
            "price_fair": 173.25,
            "eps_avg_yearly": 4.95,
            "eps_latest_yearly": 3.16,
            "eps_growth_yearly": 290.14
        },
        "20151": {
            "year_quarter": 20151,
            "year": 2015,
            "quarter": 1,
            "eps": 1.2,
            "eps_growth_year": 207.69,
            "eps_4q": 6.15,
            "eps_4q_growth_year": 82.33,
            "roe": 4.82,
            "roe_4q": 27.400000000000002,
            "gross_profit": 632457,
            "gross_margin": 54.89,
            "gross_margin_4q_avg": 49.53,
            "net_income": 282481,
            "revenue": 1152139,
            "common_shares": 2362160,
            "book_valuer_per_share": 25.37,
            "book_valuer_per_share_4q_avg": 23.24,
            "equity": 5993620,
            "current_ratio": 488.39,
            "debt_ratio": 15.79,
            "inventory_turnover_ratio": 0.72,
            "account_receivable_turnover_ratio": 0.94,
            "reinvestment_rate": -13.4,
            "research_to_sale_ratio": 6.59,
            "price_fair": 170.1,
            "eps_avg_yearly": 4.86,
            "eps_latest_yearly": 4.8,
            "eps_growth_yearly": 183.67
        },
        "20152": {
            "year_quarter": 20152,
            "year": 2015,
            "quarter": 2,
            "eps": 1.08,
            "eps_growth_year": 21.35,
            "eps_4q": 6.34,
            "eps_4q_growth_year": 80.24,
            "roe": 4.55,
            "roe_4q": 27.76,
            "gross_profit": 695121,
            "gross_margin": 53.14,
            "gross_margin_4q_avg": 51.15,
            "net_income": 255478,
            "revenue": 1308187,
            "common_shares": 2362160,
            "book_valuer_per_share": 22.12,
            "book_valuer_per_share_4q_avg": 23.76,
            "equity": 5225954,
            "current_ratio": 240.25,
            "debt_ratio": 30.76,
            "inventory_turnover_ratio": 0.86,
            "account_receivable_turnover_ratio": 0.91,
            "reinvestment_rate": -13.74,
            "research_to_sale_ratio": 7.56,
            "price_fair": 170.45,
            "eps_avg_yearly": 4.87,
            "eps_latest_yearly": 4.32,
            "eps_growth_yearly": 189.5
        },
        "20153": {
            "year_quarter": 20153,
            "year": 2015,
            "quarter": 3,
            "eps": 1.81,
            "eps_growth_year": -44.65,
            "eps_4q": 4.88,
            "eps_4q_growth_year": -4.6,
            "roe": 7.85,
            "roe_4q": 20.529999999999998,
            "gross_profit": 811723,
            "gross_margin": 51.13,
            "gross_margin_4q_avg": 53.52,
            "net_income": 427851,
            "revenue": 1587565,
            "common_shares": 2362160,
            "book_valuer_per_share": 24.03,
            "book_valuer_per_share_4q_avg": 23.93,
            "equity": 5676491,
            "current_ratio": 377.93,
            "debt_ratio": 20.14,
            "inventory_turnover_ratio": 1.08,
            "account_receivable_turnover_ratio": 0.84,
            "reinvestment_rate": -14.78,
            "research_to_sale_ratio": 6.95,
            "price_fair": 171.5,
            "eps_avg_yearly": 4.9,
            "eps_latest_yearly": 7.24,
            "eps_growth_yearly": 190.78
        },
        "20154": {
            "year_quarter": 20154,
            "year": 2015,
            "quarter": 4,
            "eps": 0.14,
            "eps_growth_year": -82.19,
            "eps_4q": 4.23,
            "eps_4q_growth_year": -20.75,
            "roe": 0.58,
            "roe_4q": 17.8,
            "gross_profit": 395407,
            "gross_margin": 55.97,
            "gross_margin_4q_avg": 53.78,
            "net_income": 33093,
            "revenue": 706498,
            "common_shares": 2362160,
            "book_valuer_per_share": 24.07,
            "book_valuer_per_share_4q_avg": 23.9,
            "equity": 5685246,
            "current_ratio": 528.47,
            "debt_ratio": 14.5,
            "inventory_turnover_ratio": 0.46,
            "account_receivable_turnover_ratio": 0.38,
            "reinvestment_rate": -15.8,
            "research_to_sale_ratio": 13.34,
            "price_fair": 170.45,
            "eps_avg_yearly": 4.87,
            "eps_latest_yearly": 0.56,
            "eps_growth_yearly": 188.86
        },
        "20161": {
            "year_quarter": 20161,
            "year": 2016,
            "quarter": 1,
            "eps": 0.44,
            "eps_growth_year": -63.33,
            "eps_4q": 3.48,
            "eps_4q_growth_year": -43.44,
            "roe": 1.83,
            "roe_4q": 14.809999999999999,
            "gross_profit": 404742,
            "gross_margin": 56.23,
            "gross_margin_4q_avg": 54.12,
            "net_income": 104765,
            "revenue": 719859,
            "common_shares": 2362160,
            "book_valuer_per_share": 24.51,
            "book_valuer_per_share_4q_avg": 23.68,
            "equity": 5789238,
            "current_ratio": 658.84,
            "debt_ratio": 11.82,
            "inventory_turnover_ratio": 0.51,
            "account_receivable_turnover_ratio": 0.52,
            "reinvestment_rate": -17.57,
            "research_to_sale_ratio": 11.34,
            "price_fair": 164.94,
            "eps_avg_yearly": 4.71,
            "eps_latest_yearly": 1.76,
            "eps_growth_yearly": 164.55
        },
        "20162": {
            "year_quarter": 20162,
            "year": 2016,
            "quarter": 2,
            "eps": 0.79,
            "eps_growth_year": -26.85,
            "eps_4q": 3.18,
            "eps_4q_growth_year": -49.76,
            "roe": 3.45,
            "roe_4q": 13.71,
            "gross_profit": 549092,
            "gross_margin": 54.99,
            "gross_margin_4q_avg": 54.58,
            "net_income": 186236,
            "revenue": 998520,
            "common_shares": 2362160,
            "book_valuer_per_share": 21.24,
            "book_valuer_per_share_4q_avg": 23.46,
            "equity": 5018244,
            "current_ratio": 256.03,
            "debt_ratio": 28.03,
            "inventory_turnover_ratio": 0.72,
            "account_receivable_turnover_ratio": 0.75,
            "reinvestment_rate": -19.52,
            "research_to_sale_ratio": 9.42,
            "price_fair": 158.81,
            "eps_avg_yearly": 4.54,
            "eps_latest_yearly": 3.16,
            "eps_growth_yearly": 174.62
        },
        "20163": {
            "year_quarter": 20163,
            "year": 2016,
            "quarter": 3,
            "eps": 0.27,
            "eps_growth_year": -85.08,
            "eps_4q": 1.65,
            "eps_4q_growth_year": -66.26,
            "roe": 1.28,
            "roe_4q": 7.140000000000001,
            "gross_profit": 392788,
            "gross_margin": 53.82,
            "gross_margin_4q_avg": 55.25,
            "net_income": 64500,
            "revenue": 729759,
            "common_shares": 2362160,
            "book_valuer_per_share": 21.43,
            "book_valuer_per_share_4q_avg": 22.81,
            "equity": 5062740,
            "current_ratio": 554.44,
            "debt_ratio": 12.94,
            "inventory_turnover_ratio": 0.54,
            "account_receivable_turnover_ratio": 0.51,
            "reinvestment_rate": -22.91,
            "research_to_sale_ratio": 11.45,
            "price_fair": 135.8,
            "eps_avg_yearly": 3.88,
            "eps_latest_yearly": 1.08,
            "eps_growth_yearly": 134.51
        },
        "20164": {
            "year_quarter": 20164,
            "year": 2016,
            "quarter": 4,
            "eps": 0.31,
            "eps_growth_year": 122.76,
            "eps_4q": 1.82,
            "eps_4q_growth_year": -57.03,
            "roe": 1.45,
            "roe_4q": 8.01,
            "gross_profit": 348764,
            "gross_margin": 53.53,
            "gross_margin_4q_avg": 54.64,
            "net_income": 73717,
            "revenue": 651548,
            "common_shares": 2362160,
            "book_valuer_per_share": 21.71,
            "book_valuer_per_share_4q_avg": 22.22,
            "equity": 5129259,
            "current_ratio": 659.21,
            "debt_ratio": 11.16,
            "inventory_turnover_ratio": 0.53,
            "account_receivable_turnover_ratio": 0.49,
            "reinvestment_rate": -24.79,
            "research_to_sale_ratio": 10.21,
            "price_fair": 129.68,
            "eps_avg_yearly": 3.71,
            "eps_latest_yearly": 1.24,
            "eps_growth_yearly": 154.51
        },
        "20171": {
            "year_quarter": 20171,
            "year": 2017,
            "quarter": 1,
            "eps": 0.32,
            "eps_growth_year": -27.27,
            "eps_4q": 1.69,
            "eps_4q_growth_year": -51.26,
            "roe": 1.47,
            "roe_4q": 7.65,
            "gross_profit": 389431,
            "gross_margin": 51.86,
            "gross_margin_4q_avg": 53.55,
            "net_income": 75780,
            "revenue": 750882,
            "common_shares": 2362160,
            "book_valuer_per_share": 21.95,
            "book_valuer_per_share_4q_avg": 21.58,
            "equity": 5183876,
            "current_ratio": 618.08,
            "debt_ratio": 11.78,
            "inventory_turnover_ratio": 0.67,
            "account_receivable_turnover_ratio": 0.64,
            "reinvestment_rate": -2.62,
            "research_to_sale_ratio": 8.67,
            "price_fair": 128.54,
            "eps_avg_yearly": 3.67,
            "eps_latest_yearly": 1.28,
            "eps_growth_yearly": 169.17
        },
        "20172": {
            "year_quarter": 20172,
            "year": 2017,
            "quarter": 2,
            "eps": 0.66,
            "eps_growth_year": -16.46,
            "eps_4q": 1.57,
            "eps_4q_growth_year": -50.77,
            "roe": 3.18,
            "roe_4q": 7.380000000000001,
            "gross_profit": 459182,
            "gross_margin": 51.91,
            "gross_margin_4q_avg": 52.78,
            "net_income": 156206,
            "revenue": 884612,
            "common_shares": 2362160,
            "book_valuer_per_share": 19.64,
            "book_valuer_per_share_4q_avg": 21.18,
            "equity": 4640129,
            "current_ratio": 261.37,
            "debt_ratio": 26.38,
            "inventory_turnover_ratio": 0.72,
            "account_receivable_turnover_ratio": 0.7,
            "reinvestment_rate": -2.81,
            "research_to_sale_ratio": 9.86,
            "price_fair": 127.75,
            "eps_avg_yearly": 3.65,
            "eps_latest_yearly": 2.64,
            "eps_growth_yearly": 179.07
        },
        "20173": {
            "year_quarter": 20173,
            "year": 2017,
            "quarter": 3,
            "eps": 1.04,
            "eps_growth_year": 285.19,
            "eps_4q": 2.34,
            "eps_4q_growth_year": 42.09,
            "roe": 5.17,
            "roe_4q": 11.27,
            "gross_profit": 595187,
            "gross_margin": 53.6,
            "gross_margin_4q_avg": 52.73,
            "net_income": 246461,
            "revenue": 1110383,
            "common_shares": 2362160,
            "book_valuer_per_share": 20.72,
            "book_valuer_per_share_4q_avg": 21.01,
            "equity": 4893958,
            "current_ratio": 391.23,
            "debt_ratio": 17.87,
            "inventory_turnover_ratio": 0.76,
            "account_receivable_turnover_ratio": 0.72,
            "reinvestment_rate": -2.36,
            "research_to_sale_ratio": 6.74,
            "price_fair": 122.15,
            "eps_avg_yearly": 3.49,
            "eps_latest_yearly": 4.16,
            "eps_growth_yearly": 162.46
        },
        "20174": {
            "year_quarter": 20174,
            "year": 2017,
            "quarter": 4,
            "eps": 0.49,
            "eps_growth_year": 57.93,
            "eps_4q": 2.52,
            "eps_4q_growth_year": 38.59,
            "roe": 2.35,
            "roe_4q": 12.17,
            "gross_profit": 463805,
            "gross_margin": 54.23,
            "gross_margin_4q_avg": 52.9,
            "net_income": 116418,
            "revenue": 855281,
            "common_shares": 2362160,
            "book_valuer_per_share": 21.2,
            "book_valuer_per_share_4q_avg": 20.88,
            "equity": 5008954,
            "current_ratio": 407.86,
            "debt_ratio": 17.37,
            "inventory_turnover_ratio": 0.5,
            "account_receivable_turnover_ratio": 0.51,
            "reinvestment_rate": -2.75,
            "research_to_sale_ratio": 10.2,
            "price_fair": 121.54,
            "eps_avg_yearly": 3.47,
            "eps_latest_yearly": 1.96,
            "eps_growth_yearly": 165.91
        },
        "20181": {
            "year_quarter": 20181,
            "year": 2018,
            "quarter": 1,
            "eps": 0.91,
            "eps_growth_year": 184.38,
            "eps_4q": 3.11,
            "eps_4q_growth_year": 83.32,
            "roe": 4.19,
            "roe_4q": 14.89,
            "gross_profit": 568726,
            "gross_margin": 53.43,
            "gross_margin_4q_avg": 53.29,
            "net_income": 214636,
            "revenue": 1064347,
            "common_shares": 2362160,
            "book_valuer_per_share": 22.15,
            "book_valuer_per_share_4q_avg": 20.93,
            "equity": 5231942,
            "current_ratio": 401.3,
            "debt_ratio": 18.09,
            "inventory_turnover_ratio": 0.55,
            "account_receivable_turnover_ratio": 0.61,
            "reinvestment_rate": -2.25,
            "research_to_sale_ratio": 7.65,
            "price_fair": 126.09,
            "eps_avg_yearly": 3.6,
            "eps_latest_yearly": 3.64,
            "eps_growth_yearly": 194.93
        },
        "20182": {
            "year_quarter": 20182,
            "year": 2018,
            "quarter": 2,
            "eps": 1.73,
            "eps_growth_year": 162.12,
            "eps_4q": 4.18,
            "eps_4q_growth_year": 166.53,
            "roe": 8.06,
            "roe_4q": 19.77,
            "gross_profit": 824790,
            "gross_margin": 52.02,
            "gross_margin_4q_avg": 53.32,
            "net_income": 409191,
            "revenue": 1585606,
            "common_shares": 2362160,
            "book_valuer_per_share": 20.86,
            "book_valuer_per_share_4q_avg": 21.23,
            "equity": 4926858,
            "current_ratio": 231.16,
            "debt_ratio": 31.76,
            "inventory_turnover_ratio": 0.73,
            "account_receivable_turnover_ratio": 0.71,
            "reinvestment_rate": -1.75,
            "research_to_sale_ratio": 6.46,
            "price_fair": 133.44,
            "eps_avg_yearly": 3.81,
            "eps_latest_yearly": 6.92,
            "eps_growth_yearly": 185.4
        },
        "20183": {
            "year_quarter": 20183,
            "year": 2018,
            "quarter": 3,
            "eps": 1,
            "eps_growth_year": -3.85,
            "eps_4q": 4.13,
            "eps_4q_growth_year": 76.85,
            "roe": 4.69,
            "roe_4q": 19.290000000000003,
            "gross_profit": 662280,
            "gross_margin": 53.12,
            "gross_margin_4q_avg": 53.2,
            "net_income": 236242,
            "revenue": 1246790,
            "common_shares": 2362160,
            "book_valuer_per_share": 21.77,
            "book_valuer_per_share_4q_avg": 21.5,
            "equity": 5143277,
            "current_ratio": 359.06,
            "debt_ratio": 20.39,
            "inventory_turnover_ratio": 0.55,
            "account_receivable_turnover_ratio": 0.48,
            "reinvestment_rate": -2.38,
            "research_to_sale_ratio": 7.73,
            "price_fair": 113.58,
            "eps_avg_yearly": 3.25,
            "eps_latest_yearly": 4,
            "eps_growth_yearly": 108
        },
        "20184": {
            "year_quarter": 20184,
            "year": 2018,
            "quarter": 4,
            "eps": 0.87,
            "eps_growth_year": 75.51,
            "eps_4q": 4.51,
            "eps_4q_growth_year": 78.93,
            "roe": 3.9,
            "roe_4q": 20.84,
            "gross_profit": 573508,
            "gross_margin": 56.08,
            "gross_margin_4q_avg": 53.66,
            "net_income": 204330,
            "revenue": 1022683,
            "common_shares": 2362160,
            "book_valuer_per_share": 22.64,
            "book_valuer_per_share_4q_avg": 21.86,
            "equity": 5348469,
            "current_ratio": 441.49,
            "debt_ratio": 17.31,
            "inventory_turnover_ratio": 0.46,
            "account_receivable_turnover_ratio": 0.43,
            "reinvestment_rate": -2.9,
            "research_to_sale_ratio": 9.74,
            "price_fair": 114.28,
            "eps_avg_yearly": 3.27,
            "eps_latest_yearly": 3.48,
            "eps_growth_yearly": 123.71
        },
        "20191": {
            "year_quarter": 20191,
            "year": 2019,
            "quarter": 1,
            "eps": 1.01,
            "eps_growth_year": 10.99,
            "eps_4q": 4.61,
            "eps_4q_growth_year": 48.31,
            "roe": 4.35,
            "roe_4q": 21,
            "gross_profit": 561938,
            "gross_margin": 57.55,
            "gross_margin_4q_avg": 54.69,
            "net_income": 238398,
            "revenue": 976359,
            "common_shares": 2362160,
            "book_valuer_per_share": 23.71,
            "book_valuer_per_share_4q_avg": 22.25,
            "equity": 5601373,
            "current_ratio": 468.8,
            "debt_ratio": 16.91,
            "inventory_turnover_ratio": 0.45,
            "account_receivable_turnover_ratio": 0.48,
            "reinvestment_rate": -2.47,
            "research_to_sale_ratio": 8.21,
            "price_fair": 112.61,
            "eps_avg_yearly": 3.22,
            "eps_latest_yearly": 4.04,
            "eps_growth_yearly": 114.76
        },
        "20192": {
            "year_quarter": 20192,
            "year": 2019,
            "quarter": 2,
            "eps": 1.19,
            "eps_growth_year": -31.21,
            "eps_4q": 4.07,
            "eps_4q_growth_year": -2.6,
            "roe": 5.32,
            "roe_4q": 18.26,
            "gross_profit": 681022,
            "gross_margin": 55.83,
            "gross_margin_4q_avg": 55.65,
            "net_income": 282035,
            "revenue": 1219732,
            "common_shares": 2362160,
            "book_valuer_per_share": 21.18,
            "book_valuer_per_share_4q_avg": 22.33,
            "equity": 5002297,
            "current_ratio": 258.45,
            "debt_ratio": 29.16,
            "inventory_turnover_ratio": 0.62,
            "account_receivable_turnover_ratio": 0.59,
            "reinvestment_rate": -2.46,
            "research_to_sale_ratio": 9.13,
            "price_fair": 113.58,
            "eps_avg_yearly": 3.25,
            "eps_latest_yearly": 4.76,
            "eps_growth_yearly": 121.71
        },
        "20193": {
            "year_quarter": 20193,
            "year": 2019,
            "quarter": 3,
            "eps": 0.91,
            "eps_growth_year": -9,
            "eps_4q": 3.97,
            "eps_4q_growth_year": -3.85,
            "roe": 4.2,
            "roe_4q": 17.77,
            "gross_profit": 600169,
            "gross_margin": 57.57,
            "gross_margin_4q_avg": 56.76,
            "net_income": 214174,
            "revenue": 1042428,
            "common_shares": 2362160,
            "book_valuer_per_share": 21.98,
            "book_valuer_per_share_4q_avg": 22.38,
            "equity": 5191200,
            "current_ratio": 398.89,
            "debt_ratio": 19.8,
            "inventory_turnover_ratio": 0.54,
            "account_receivable_turnover_ratio": 0.49,
            "reinvestment_rate": -2.7,
            "research_to_sale_ratio": 10.89,
            "price_fair": 105.7,
            "eps_avg_yearly": 3.02,
            "eps_latest_yearly": 3.64,
            "eps_growth_yearly": 98.93
        },
        "20194": {
            "year_quarter": 20194,
            "year": 2019,
            "quarter": 4,
            "eps": 0.86,
            "eps_growth_year": -0.12,
            "eps_4q": 3.97,
            "eps_4q_growth_year": -11.81,
            "roe": 3.86,
            "roe_4q": 17.73,
            "gross_profit": 646460,
            "gross_margin": 56.3,
            "gross_margin_4q_avg": 56.81,
            "net_income": 204091,
            "revenue": 1148287,
            "common_shares": 2362160,
            "book_valuer_per_share": 22.79,
            "book_valuer_per_share_4q_avg": 22.42,
            "equity": 5382432,
            "current_ratio": 450.36,
            "debt_ratio": 18.06,
            "inventory_turnover_ratio": 0.64,
            "account_receivable_turnover_ratio": 0.57,
            "reinvestment_rate": -2.63,
            "research_to_sale_ratio": 10.23,
            "price_fair": 112,
            "eps_avg_yearly": 3.2,
            "eps_latest_yearly": 3.44,
            "eps_growth_yearly": 120.63
        },
        "20201": {
            "year_quarter": 20201,
            "year": 2020,
            "quarter": 1,
            "eps": 1.14,
            "eps_growth_year": 12.87,
            "eps_4q": 4.11,
            "eps_4q_growth_year": -10.82,
            "roe": 4.9,
            "roe_4q": 18.28,
            "gross_profit": 645862,
            "gross_margin": 55.56,
            "gross_margin_4q_avg": 56.32,
            "net_income": 270151,
            "revenue": 1162501,
            "common_shares": 2362160,
            "book_valuer_per_share": 23.9,
            "book_valuer_per_share_4q_avg": 22.46,
            "equity": 5644870,
            "current_ratio": 406.75,
            "debt_ratio": 19.95,
            "inventory_turnover_ratio": 0.63,
            "account_receivable_turnover_ratio": 0.56,
            "reinvestment_rate": -2.44,
            "research_to_sale_ratio": 9.68,
            "price_fair": 118.13,
            "eps_avg_yearly": 3.38,
            "eps_latest_yearly": 4.56,
            "eps_growth_yearly": 75.2
        },
        "20202": {
            "year_quarter": 20202,
            "year": 2020,
            "quarter": 2,
            "eps": 1.58,
            "eps_growth_year": 32.77,
            "eps_4q": 4.49,
            "eps_4q_growth_year": 10.36,
            "roe": 6.85,
            "roe_4q": 19.81,
            "gross_profit": 818269,
            "gross_margin": 55.02,
            "gross_margin_4q_avg": 56.11,
            "net_income": 372127,
            "revenue": 1487104,
            "common_shares": 2362160,
            "book_valuer_per_share": 22.13,
            "book_valuer_per_share_4q_avg": 22.7,
            "equity": 5226823,
            "current_ratio": 244.31,
            "debt_ratio": 31.81,
            "inventory_turnover_ratio": 0.7,
            "account_receivable_turnover_ratio": 0.65,
            "reinvestment_rate": -1.99,
            "research_to_sale_ratio": 6.78,
            "price_fair": 125.04,
            "eps_avg_yearly": 3.57,
            "eps_latest_yearly": 6.32,
            "eps_growth_yearly": 64.96
        },
        "20203": {
            "year_quarter": 20203,
            "year": 2020,
            "quarter": 3,
            "eps": 1.32,
            "eps_growth_year": 45.05,
            "eps_4q": 4.9,
            "eps_4q_growth_year": 23.27,
            "roe": 5.77,
            "roe_4q": 21.38,
            "gross_profit": 744479,
            "gross_margin": 54.8,
            "gross_margin_4q_avg": 55.42,
            "net_income": 311090,
            "revenue": 1358567,
            "common_shares": 2362160,
            "book_valuer_per_share": 23.49,
            "book_valuer_per_share_4q_avg": 23.08,
            "equity": 5549539,
            "current_ratio": 404.47,
            "debt_ratio": 20.21,
            "inventory_turnover_ratio": 0.61,
            "account_receivable_turnover_ratio": 0.56,
            "reinvestment_rate": -1.63,
            "research_to_sale_ratio": 6.3,
            "price_fair": 134.23,
            "eps_avg_yearly": 3.84,
            "eps_latest_yearly": 5.28,
            "eps_growth_yearly": 77.3
        },
        "20204": {
            "year_quarter": 20204,
            "year": 2020,
            "quarter": 4,
            "eps": 0.59,
            "eps_growth_year": -31.75,
            "eps_4q": 4.63,
            "eps_4q_growth_year": 16.4,
            "roe": 2.48,
            "roe_4q": 20,
            "gross_profit": 506646,
            "gross_margin": 53.75,
            "gross_margin_4q_avg": 54.78,
            "net_income": 139288,
            "revenue": 942523,
            "common_shares": 2362160,
            "book_valuer_per_share": 24.14,
            "book_valuer_per_share_4q_avg": 23.42,
            "equity": 5702194,
            "current_ratio": 467.45,
            "debt_ratio": 18.51,
            "inventory_turnover_ratio": 0.45,
            "account_receivable_turnover_ratio": 0.43,
            "reinvestment_rate": -1.38,
            "research_to_sale_ratio": 9.75,
            "price_fair": 136.68,
            "eps_avg_yearly": 3.91,
            "eps_latest_yearly": 2.36,
            "eps_growth_yearly": 59.77
        },
        "20211": {
            "year_quarter": 20211,
            "year": 2021,
            "quarter": 1,
            "eps": 1.25,
            "eps_growth_year": 9.65,
            "eps_4q": 4.73,
            "eps_4q_growth_year": 15.21,
            "roe": 5.06,
            "roe_4q": 20.159999999999997,
            "gross_profit": 735891,
            "gross_margin": 54.6,
            "gross_margin_4q_avg": 54.54,
            "net_income": 295592,
            "revenue": 1347772,
            "common_shares": 2362160,
            "book_valuer_per_share": 25.36,
            "book_valuer_per_share_4q_avg": 23.78,
            "equity": 5989922,
            "current_ratio": 407.95,
            "debt_ratio": 20.92,
            "inventory_turnover_ratio": 0.62,
            "account_receivable_turnover_ratio": 0.66,
            "reinvestment_rate": -0.77,
            "research_to_sale_ratio": 8.57,
            "price_fair": 144.81,
            "eps_avg_yearly": 4.14,
            "eps_latest_yearly": 5,
            "eps_growth_yearly": 86.93
        },
        "20212": {
            "year_quarter": 20212,
            "year": 2021,
            "quarter": 2,
            "eps": 1.47,
            "eps_growth_year": -6.96,
            "eps_4q": 4.63,
            "eps_4q_growth_year": 3.09,
            "roe": 5.64,
            "roe_4q": 18.95,
            "gross_profit": 837650,
            "gross_margin": 53.95,
            "gross_margin_4q_avg": 54.28,
            "net_income": 347368,
            "revenue": 1552734,
            "common_shares": 2362160,
            "book_valuer_per_share": 26.8,
            "book_valuer_per_share_4q_avg": 24.95,
            "equity": 6330086,
            "current_ratio": 349.29,
            "debt_ratio": 24.34,
            "inventory_turnover_ratio": 0.6,
            "account_receivable_turnover_ratio": 0.67,
            "reinvestment_rate": -0.25,
            "research_to_sale_ratio": 7.65,
            "price_fair": 151.9,
            "eps_avg_yearly": 4.34,
            "eps_latest_yearly": 5.88,
            "eps_growth_yearly": 64.77
        },
        "20213": {
            "year_quarter": 20213,
            "year": 2021,
            "quarter": 3,
            "eps": 1.22,
            "eps_growth_year": -7.58,
            "eps_4q": 4.53,
            "eps_4q_growth_year": -7.49,
            "roe": 4.74,
            "roe_4q": 17.919999999999998,
            "gross_profit": 747233,
            "gross_margin": 53.94,
            "gross_margin_4q_avg": 54.06,
            "net_income": 288509,
            "revenue": 1385301,
            "common_shares": 2362160,
            "book_valuer_per_share": 24.71,
            "book_valuer_per_share_4q_avg": 25.25,
            "equity": 5836791,
            "current_ratio": 324.45,
            "debt_ratio": 25.65,
            "inventory_turnover_ratio": 0.43,
            "account_receivable_turnover_ratio": 0.57,
            "reinvestment_rate": -0.05,
            "research_to_sale_ratio": 9.07,
            "price_fair": 153.48,
            "eps_avg_yearly": 4.39,
            "eps_latest_yearly": 4.88,
            "eps_growth_yearly": 46.12
        },
        "20214": {
            "year_quarter": 20214,
            "year": 2021,
            "quarter": 4,
            "eps": 1.07,
            "eps_growth_year": 82.06,
            "eps_4q": 5.02,
            "eps_4q_growth_year": 8.46,
            "roe": 4.25,
            "roe_4q": 19.689999999999998,
            "gross_profit": 727067,
            "gross_margin": 55.04,
            "gross_margin_4q_avg": 54.38,
            "net_income": 253585,
            "revenue": 1320883,
            "common_shares": 2362160,
            "book_valuer_per_share": 25.81,
            "book_valuer_per_share_4q_avg": 25.67,
            "equity": 6096291,
            "current_ratio": 352.49,
            "debt_ratio": 23.89,
            "inventory_turnover_ratio": 0.35,
            "account_receivable_turnover_ratio": 0.55,
            "reinvestment_rate": 1.42,
            "research_to_sale_ratio": 10.39,
            "price_fair": 158.55,
            "eps_avg_yearly": 4.53,
            "eps_latest_yearly": 4.28,
            "eps_growth_yearly": 56.27
        },
        "20221": {
            "year_quarter": 20221,
            "year": 2022,
            "quarter": 1,
            "eps": 2.5,
            "eps_growth_year": 100,
            "eps_4q": 6.26,
            "eps_4q_growth_year": 32.33,
            "roe": 9.21,
            "roe_4q": 23.840000000000003,
            "gross_profit": 1114163,
            "gross_margin": 57.99,
            "gross_margin_4q_avg": 55.23,
            "net_income": 590094,
            "revenue": 1921173,
            "common_shares": 2362160,
            "book_valuer_per_share": 28.45,
            "book_valuer_per_share_4q_avg": 26.44,
            "equity": 6721089,
            "current_ratio": 384.2,
            "debt_ratio": 22.23,
            "inventory_turnover_ratio": 0.47,
            "account_receivable_turnover_ratio": 0.7,
            "reinvestment_rate": 3.26,
            "research_to_sale_ratio": 7.52,
            "price_fair": 172.46,
            "eps_avg_yearly": 4.93,
            "eps_latest_yearly": 10,
            "eps_growth_yearly": 68.25
        },
        "20222": {
            "year_quarter": 20222,
            "year": 2022,
            "quarter": 2,
            "eps": 2.22,
            "eps_growth_year": 51.02,
            "eps_4q": 7.02,
            "eps_4q_growth_year": 51.56,
            "roe": 7.97,
            "roe_4q": 26.17,
            "gross_profit": 1018723,
            "gross_margin": 55.37,
            "gross_margin_4q_avg": 55.59,
            "net_income": 524878,
            "revenue": 1839898,
            "common_shares": 2362160,
            "book_valuer_per_share": 27.32,
            "book_valuer_per_share_4q_avg": 26.57,
            "equity": 6452875,
            "current_ratio": 311.46,
            "debt_ratio": 25.82,
            "inventory_turnover_ratio": 0.48,
            "account_receivable_turnover_ratio": 0.54,
            "reinvestment_rate": 7.59,
            "research_to_sale_ratio": 7.05,
            "price_fair": 176.75,
            "eps_avg_yearly": 5.05,
            "eps_latest_yearly": 8.88,
            "eps_growth_yearly": 42.92
        },
        "20223": {
            "year_quarter": 20223,
            "year": 2022,
            "quarter": 3,
            "eps": 2.06,
            "eps_growth_year": 68.85,
            "eps_4q": 7.85,
            "eps_4q_growth_year": 73.24,
            "roe": 7.26,
            "roe_4q": 28.69,
            "gross_profit": 875249,
            "gross_margin": 56.91,
            "gross_margin_4q_avg": 56.33,
            "net_income": 486457,
            "revenue": 1537964,
            "common_shares": 2362160,
            "book_valuer_per_share": 29.43,
            "book_valuer_per_share_4q_avg": 27.75,
            "equity": 6950712,
            "current_ratio": 360.13,
            "debt_ratio": 22.66,
            "inventory_turnover_ratio": 0.39,
            "account_receivable_turnover_ratio": 0.44,
            "reinvestment_rate": 11.21,
            "research_to_sale_ratio": 9.05,
            "price_fair": 186.03,
            "eps_avg_yearly": 5.32,
            "eps_latest_yearly": 8.24,
            "eps_growth_yearly": 51.67
        },
        "20224": {
            "year_quarter": 20224,
            "year": 2022,
            "quarter": 4,
            "eps": 1.35,
            "eps_growth_year": 26.21,
            "eps_4q": 8.13,
            "eps_4q_growth_year": 62.14,
            "roe": 4.5,
            "roe_4q": 28.94,
            "gross_profit": 840494,
            "gross_margin": 59.62,
            "gross_margin_4q_avg": 57.47,
            "net_income": 320056,
            "revenue": 1409797,
            "common_shares": 2362160,
            "book_valuer_per_share": 30.76,
            "book_valuer_per_share_4q_avg": 28.99,
            "equity": 7266877,
            "current_ratio": 375,
            "debt_ratio": 20.78,
            "inventory_turnover_ratio": 0.36,
            "account_receivable_turnover_ratio": 0.56,
            "reinvestment_rate": 16.7,
            "research_to_sale_ratio": 8.62,
            "price_fair": 190.23,
            "eps_avg_yearly": 5.44,
            "eps_latest_yearly": 5.4,
            "eps_growth_yearly": 46.3
        },
        "20231": {
            "year_quarter": 20231,
            "year": 2023,
            "quarter": 1,
            "eps": 1.15,
            "eps_growth_year": -54,
            "eps_4q": 6.78,
            "eps_4q_growth_year": 8.3,
            "roe": 3.66,
            "roe_4q": 23.39,
            "gross_profit": 709674,
            "gross_margin": 60.82,
            "gross_margin_4q_avg": 58.18,
            "net_income": 271034,
            "revenue": 1166911,
            "common_shares": 2362160,
            "book_valuer_per_share": 31.93,
            "book_valuer_per_share_4q_avg": 29.86,
            "equity": 7541370,
            "current_ratio": 417.25,
            "debt_ratio": 18.13,
            "inventory_turnover_ratio": 0.31,
            "account_receivable_turnover_ratio": 0.78,
            "reinvestment_rate": 21.93,
            "research_to_sale_ratio": 9.43,
            "price_fair": 191.45,
            "eps_avg_yearly": 5.47,
            "eps_latest_yearly": 4.6,
            "eps_growth_yearly": 38.58
        }
    },
    "months": {
        "2002-10": {
            "month": "2002-10",
            "price": "31.73",
            "revenue": 54167
        },
        "2002-11": {
            "month": "2002-11",
            "price": "32.01",
            "revenue": 60004
        },
        "2002-12": {
            "month": "2002-12",
            "price": "30.61",
            "revenue": 67732
        },
        "2003-01": {
            "month": "2003-01",
            "price": "29.82",
            "revenue": 47143
        },
        "2003-02": {
            "month": "2003-02",
            "price": "27.06",
            "revenue": 60313
        },
        "2003-03": {
            "month": "2003-03",
            "price": "26.03",
            "revenue": 77307
        },
        "2003-04": {
            "month": "2003-04",
            "price": "26.78",
            "revenue": 70125
        },
        "2003-05": {
            "month": "2003-05",
            "price": "31.71",
            "revenue": 64174
        },
        "2003-06": {
            "month": "2003-06",
            "price": "35.72",
            "revenue": 84116
        },
        "2003-07": {
            "month": "2003-07",
            "price": "36.45",
            "revenue": 78170
        },
        "2003-08": {
            "month": "2003-08",
            "price": "35.60",
            "revenue": 86431
        },
        "2003-09": {
            "month": "2003-09",
            "price": "32.17",
            "revenue": 90606
        },
        "2003-10": {
            "month": "2003-10",
            "price": "29.19",
            "revenue": 82001
        },
        "2003-11": {
            "month": "2003-11",
            "price": "29.74",
            "revenue": 71126
        },
        "2003-12": {
            "month": "2003-12",
            "price": "29.60",
            "revenue": 39202
        },
        "2004-01": {
            "month": "2004-01",
            "price": "28.35",
            "revenue": 50963
        },
        "2004-02": {
            "month": "2004-02",
            "price": "33.85",
            "revenue": 69373
        },
        "2004-03": {
            "month": "2004-03",
            "price": "31.30",
            "revenue": 119960
        },
        "2004-04": {
            "month": "2004-04",
            "price": "35.69",
            "revenue": 150958
        },
        "2004-05": {
            "month": "2004-05",
            "price": "35.52",
            "revenue": 160763
        },
        "2004-06": {
            "month": "2004-06",
            "price": "37.99",
            "revenue": 150303
        },
        "2004-07": {
            "month": "2004-07",
            "price": "38.47",
            "revenue": 168675
        },
        "2004-08": {
            "month": "2004-08",
            "price": "39.20",
            "revenue": 176923
        },
        "2004-09": {
            "month": "2004-09",
            "price": "47.71",
            "revenue": 127350
        },
        "2004-10": {
            "month": "2004-10",
            "price": "40.20",
            "revenue": 134202
        },
        "2004-11": {
            "month": "2004-11",
            "price": "40.35",
            "revenue": 85816
        },
        "2004-12": {
            "month": "2004-12",
            "price": "38.03",
            "revenue": 53155
        },
        "2005-01": {
            "month": "2005-01",
            "price": "32.63",
            "revenue": 46362
        },
        "2005-02": {
            "month": "2005-02",
            "price": "33.98",
            "revenue": 59679
        },
        "2005-03": {
            "month": "2005-03",
            "price": "35.19",
            "revenue": 110909
        },
        "2005-04": {
            "month": "2005-04",
            "price": "34.39",
            "revenue": 50863
        },
        "2005-05": {
            "month": "2005-05",
            "price": "26.70",
            "revenue": 76996
        },
        "2005-06": {
            "month": "2005-06",
            "price": "27.24",
            "revenue": 141406
        },
        "2005-07": {
            "month": "2005-07",
            "price": "34.13",
            "revenue": 167271
        },
        "2005-08": {
            "month": "2005-08",
            "price": "31.87",
            "revenue": 150289
        },
        "2005-09": {
            "month": "2005-09",
            "price": "26.71",
            "revenue": 149405
        },
        "2005-10": {
            "month": "2005-10",
            "price": "25.22",
            "revenue": 155573
        },
        "2005-11": {
            "month": "2005-11",
            "price": "25.00",
            "revenue": 126069
        },
        "2005-12": {
            "month": "2005-12",
            "price": "28.93",
            "revenue": 136881
        },
        "2006-01": {
            "month": "2006-01",
            "price": "35.15",
            "revenue": 144006
        },
        "2006-02": {
            "month": "2006-02",
            "price": "37.06",
            "revenue": 112801
        },
        "2006-03": {
            "month": "2006-03",
            "price": "36.61",
            "revenue": 170707
        },
        "2006-04": {
            "month": "2006-04",
            "price": "40.14",
            "revenue": 147855
        },
        "2006-05": {
            "month": "2006-05",
            "price": "40.03",
            "revenue": 156763
        },
        "2006-06": {
            "month": "2006-06",
            "price": "38.56",
            "revenue": 200473
        },
        "2006-07": {
            "month": "2006-07",
            "price": "40.54",
            "revenue": 223410
        },
        "2006-08": {
            "month": "2006-08",
            "price": "44.02",
            "revenue": 216038
        },
        "2006-09": {
            "month": "2006-09",
            "price": "42.05",
            "revenue": 168731
        },
        "2006-10": {
            "month": "2006-10",
            "price": "39.68",
            "revenue": 94195
        },
        "2006-11": {
            "month": "2006-11",
            "price": "39.15",
            "revenue": 128203
        },
        "2006-12": {
            "month": "2006-12",
            "price": "40.54",
            "revenue": 135777
        },
        "2007-01": {
            "month": "2007-01",
            "price": "43.61",
            "revenue": 116780
        },
        "2007-02": {
            "month": "2007-02",
            "price": "44.48",
            "revenue": 85322
        },
        "2007-03": {
            "month": "2007-03",
            "price": "42.43",
            "revenue": 133901
        },
        "2007-04": {
            "month": "2007-04",
            "price": "41.32",
            "revenue": 139214
        },
        "2007-05": {
            "month": "2007-05",
            "price": "40.01",
            "revenue": 224195
        },
        "2007-06": {
            "month": "2007-06",
            "price": "44.39",
            "revenue": 266179
        },
        "2007-07": {
            "month": "2007-07",
            "price": "56.36",
            "revenue": 351995
        },
        "2007-08": {
            "month": "2007-08",
            "price": "68.67",
            "revenue": 374500
        },
        "2007-09": {
            "month": "2007-09",
            "price": "68.56",
            "revenue": 255075
        },
        "2007-10": {
            "month": "2007-10",
            "price": "59.22",
            "revenue": 131021
        },
        "2007-11": {
            "month": "2007-11",
            "price": "47.52",
            "revenue": 155620
        },
        "2007-12": {
            "month": "2007-12",
            "price": "46.75",
            "revenue": 104417
        },
        "2008-01": {
            "month": "2008-01",
            "price": "39.93",
            "revenue": 88500
        },
        "2008-02": {
            "month": "2008-02",
            "price": "36.39",
            "revenue": 99435
        },
        "2008-03": {
            "month": "2008-03",
            "price": "42.37",
            "revenue": 188916
        },
        "2008-04": {
            "month": "2008-04",
            "price": "47.97",
            "revenue": 219661
        },
        "2008-05": {
            "month": "2008-05",
            "price": "49.87",
            "revenue": 241229
        },
        "2008-06": {
            "month": "2008-06",
            "price": "49.24",
            "revenue": 310453
        },
        "2008-07": {
            "month": "2008-07",
            "price": "41.18",
            "revenue": 202706
        },
        "2008-08": {
            "month": "2008-08",
            "price": "31.07",
            "revenue": 265872
        },
        "2008-09": {
            "month": "2008-09",
            "price": "25.63",
            "revenue": 132924
        },
        "2008-10": {
            "month": "2008-10",
            "price": "18.33",
            "revenue": 72609
        },
        "2008-11": {
            "month": "2008-11",
            "price": "15.02",
            "revenue": 45100
        },
        "2008-12": {
            "month": "2008-12",
            "price": "14.30",
            "revenue": 36164
        },
        "2009-01": {
            "month": "2009-01",
            "price": "14.05",
            "revenue": 45041
        },
        "2009-02": {
            "month": "2009-02",
            "price": "15.11",
            "revenue": 39190
        },
        "2009-03": {
            "month": "2009-03",
            "price": "16.76",
            "revenue": 90047
        },
        "2009-04": {
            "month": "2009-04",
            "price": "20.42",
            "revenue": 45498
        },
        "2009-05": {
            "month": "2009-05",
            "price": "20.21",
            "revenue": 91623
        },
        "2009-06": {
            "month": "2009-06",
            "price": "20.66",
            "revenue": 208671
        },
        "2009-07": {
            "month": "2009-07",
            "price": "23.11",
            "revenue": 206424
        },
        "2009-08": {
            "month": "2009-08",
            "price": "24.18",
            "revenue": 195394
        },
        "2009-09": {
            "month": "2009-09",
            "price": "25.89",
            "revenue": 136782
        },
        "2009-10": {
            "month": "2009-10",
            "price": "25.62",
            "revenue": 137611
        },
        "2009-11": {
            "month": "2009-11",
            "price": "27.88",
            "revenue": 187327
        },
        "2009-12": {
            "month": "2009-12",
            "price": "34.49",
            "revenue": 208786
        },
        "2010-01": {
            "month": "2010-01",
            "price": "36.90",
            "revenue": 236584
        },
        "2010-02": {
            "month": "2010-02",
            "price": "36.21",
            "revenue": 211237
        },
        "2010-03": {
            "month": "2010-03",
            "price": "43.20",
            "revenue": 357885
        },
        "2010-04": {
            "month": "2010-04",
            "price": "45.07",
            "revenue": 422179
        },
        "2010-05": {
            "month": "2010-05",
            "price": "46.39",
            "revenue": 356537
        },
        "2010-06": {
            "month": "2010-06",
            "price": "46.78",
            "revenue": 466132
        },
        "2010-07": {
            "month": "2010-07",
            "price": "46.27",
            "revenue": 351122
        },
        "2010-08": {
            "month": "2010-08",
            "price": "41.97",
            "revenue": 555293
        },
        "2010-09": {
            "month": "2010-09",
            "price": "43.57",
            "revenue": 218330
        },
        "2010-10": {
            "month": "2010-10",
            "price": "40.27",
            "revenue": 205420
        },
        "2010-11": {
            "month": "2010-11",
            "price": "40.92",
            "revenue": 241217
        },
        "2010-12": {
            "month": "2010-12",
            "price": "44.01",
            "revenue": 155989
        },
        "2011-01": {
            "month": "2011-01",
            "price": "47.55",
            "revenue": 330170
        },
        "2011-02": {
            "month": "2011-02",
            "price": "48.65",
            "revenue": 309690
        },
        "2011-03": {
            "month": "2011-03",
            "price": "48.35",
            "revenue": 512697
        },
        "2011-04": {
            "month": "2011-04",
            "price": "54.51",
            "revenue": 331224
        },
        "2011-05": {
            "month": "2011-05",
            "price": "54.10",
            "revenue": 225080
        },
        "2011-06": {
            "month": "2011-06",
            "price": "46.67",
            "revenue": 477850
        },
        "2011-07": {
            "month": "2011-07",
            "price": "46.22",
            "revenue": 383562
        },
        "2011-08": {
            "month": "2011-08",
            "price": "37.78",
            "revenue": 446486
        },
        "2011-09": {
            "month": "2011-09",
            "price": "37.05",
            "revenue": 370145
        },
        "2011-10": {
            "month": "2011-10",
            "price": "37.03",
            "revenue": 213687
        },
        "2011-11": {
            "month": "2011-11",
            "price": "34.94",
            "revenue": 115039
        },
        "2011-12": {
            "month": "2011-12",
            "price": "28.66",
            "revenue": 178652
        },
        "2012-01": {
            "month": "2012-01",
            "price": "31.27",
            "revenue": 373625
        },
        "2012-02": {
            "month": "2012-02",
            "price": "38.52",
            "revenue": 363110
        },
        "2012-03": {
            "month": "2012-03",
            "price": "41.82",
            "revenue": 294528
        },
        "2012-04": {
            "month": "2012-04",
            "price": "38.63",
            "revenue": 204456
        },
        "2012-05": {
            "month": "2012-05",
            "price": "38.77",
            "revenue": 564628
        },
        "2012-06": {
            "month": "2012-06",
            "price": "43.84",
            "revenue": 628593
        },
        "2012-07": {
            "month": "2012-07",
            "price": "45.42",
            "revenue": 765584
        },
        "2012-08": {
            "month": "2012-08",
            "price": "48.01",
            "revenue": 687151
        },
        "2012-09": {
            "month": "2012-09",
            "price": "48.27",
            "revenue": 681621
        },
        "2012-10": {
            "month": "2012-10",
            "price": "47.50",
            "revenue": 506744
        },
        "2012-11": {
            "month": "2012-11",
            "price": "49.32",
            "revenue": 261384
        },
        "2012-12": {
            "month": "2012-12",
            "price": "53.07",
            "revenue": 206964
        },
        "2013-01": {
            "month": "2013-01",
            "price": "52.82",
            "revenue": 329318
        },
        "2013-02": {
            "month": "2013-02",
            "price": "52.02",
            "revenue": 123380
        },
        "2013-03": {
            "month": "2013-03",
            "price": "53.41",
            "revenue": 202801
        },
        "2013-04": {
            "month": "2013-04",
            "price": "49.82",
            "revenue": 180233
        },
        "2013-05": {
            "month": "2013-05",
            "price": "46.76",
            "revenue": 237548
        },
        "2013-06": {
            "month": "2013-06",
            "price": "42.31",
            "revenue": 490847
        },
        "2013-07": {
            "month": "2013-07",
            "price": "43.15",
            "revenue": 428178
        },
        "2013-08": {
            "month": "2013-08",
            "price": "37.84",
            "revenue": 638844
        },
        "2013-09": {
            "month": "2013-09",
            "price": "41.31",
            "revenue": 558191
        },
        "2013-10": {
            "month": "2013-10",
            "price": "40.49",
            "revenue": 537623
        },
        "2013-11": {
            "month": "2013-11",
            "price": "41.10",
            "revenue": 168047
        },
        "2013-12": {
            "month": "2013-12",
            "price": "41.49",
            "revenue": 188849
        },
        "2014-01": {
            "month": "2014-01",
            "price": "44.78",
            "revenue": 143737
        },
        "2014-02": {
            "month": "2014-02",
            "price": "48.24",
            "revenue": 183385
        },
        "2014-03": {
            "month": "2014-03",
            "price": "49.35",
            "revenue": 320552
        },
        "2014-04": {
            "month": "2014-04",
            "price": "49.73",
            "revenue": 222217
        },
        "2014-05": {
            "month": "2014-05",
            "price": "49.64",
            "revenue": 341921
        },
        "2014-06": {
            "month": "2014-06",
            "price": "50.38",
            "revenue": 643774
        },
        "2014-07": {
            "month": "2014-07",
            "price": "50.00",
            "revenue": 1069691
        },
        "2014-08": {
            "month": "2014-08",
            "price": "51.48",
            "revenue": 1264107
        },
        "2014-09": {
            "month": "2014-09",
            "price": "52.84",
            "revenue": 777804
        },
        "2014-10": {
            "month": "2014-10",
            "price": "50.57",
            "revenue": 347497
        },
        "2014-11": {
            "month": "2014-11",
            "price": "48.49",
            "revenue": 333339
        },
        "2014-12": {
            "month": "2014-12",
            "price": "50.59",
            "revenue": 221525
        },
        "2015-01": {
            "month": "2015-01",
            "price": "50.46",
            "revenue": 432953
        },
        "2015-02": {
            "month": "2015-02",
            "price": "51.96",
            "revenue": 173222
        },
        "2015-03": {
            "month": "2015-03",
            "price": "54.35",
            "revenue": 545963
        },
        "2015-04": {
            "month": "2015-04",
            "price": "60.54",
            "revenue": 383409
        },
        "2015-05": {
            "month": "2015-05",
            "price": "63.30",
            "revenue": 385100
        },
        "2015-06": {
            "month": "2015-06",
            "price": "69.16",
            "revenue": 539678
        },
        "2015-07": {
            "month": "2015-07",
            "price": "60.65",
            "revenue": 494908
        },
        "2015-08": {
            "month": "2015-08",
            "price": "51.02",
            "revenue": 532481
        },
        "2015-09": {
            "month": "2015-09",
            "price": "52.76",
            "revenue": 560176
        },
        "2015-10": {
            "month": "2015-10",
            "price": "57.54",
            "revenue": 221493
        },
        "2015-11": {
            "month": "2015-11",
            "price": "54.05",
            "revenue": 295979
        },
        "2015-12": {
            "month": "2015-12",
            "price": "50.21",
            "revenue": 189025
        },
        "2016-01": {
            "month": "2016-01",
            "price": "45.21",
            "revenue": 231255
        },
        "2016-02": {
            "month": "2016-02",
            "price": "44.93",
            "revenue": 175989
        },
        "2016-03": {
            "month": "2016-03",
            "price": "48.95",
            "revenue": 312615
        },
        "2016-04": {
            "month": "2016-04",
            "price": "46.76",
            "revenue": 351571
        },
        "2016-05": {
            "month": "2016-05",
            "price": "45.13",
            "revenue": 314768
        },
        "2016-06": {
            "month": "2016-06",
            "price": "45.01",
            "revenue": 332180
        },
        "2016-07": {
            "month": "2016-07",
            "price": "42.58",
            "revenue": 207441
        },
        "2016-08": {
            "month": "2016-08",
            "price": "40.01",
            "revenue": 287121
        },
        "2016-09": {
            "month": "2016-09",
            "price": "40.21",
            "revenue": 235197
        },
        "2016-10": {
            "month": "2016-10",
            "price": "40.40",
            "revenue": 226988
        },
        "2016-11": {
            "month": "2016-11",
            "price": "39.95",
            "revenue": 193434
        },
        "2016-12": {
            "month": "2016-12",
            "price": "38.64",
            "revenue": 231126
        },
        "2017-01": {
            "month": "2017-01",
            "price": "37.59",
            "revenue": 174831
        },
        "2017-02": {
            "month": "2017-02",
            "price": "38.78",
            "revenue": 229899
        },
        "2017-03": {
            "month": "2017-03",
            "price": "43.13",
            "revenue": 346152
        },
        "2017-04": {
            "month": "2017-04",
            "price": "40.78",
            "revenue": 229969
        },
        "2017-05": {
            "month": "2017-05",
            "price": "39.32",
            "revenue": 333133
        },
        "2017-06": {
            "month": "2017-06",
            "price": "39.39",
            "revenue": 322719
        },
        "2017-07": {
            "month": "2017-07",
            "price": "36.96",
            "revenue": 383699
        },
        "2017-08": {
            "month": "2017-08",
            "price": "37.56",
            "revenue": 405257
        },
        "2017-09": {
            "month": "2017-09",
            "price": "41.66",
            "revenue": 320217
        },
        "2017-10": {
            "month": "2017-10",
            "price": "41.96",
            "revenue": 242660
        },
        "2017-11": {
            "month": "2017-11",
            "price": "40.62",
            "revenue": 317917
        },
        "2017-12": {
            "month": "2017-12",
            "price": "42.08",
            "revenue": 294705
        },
        "2018-01": {
            "month": "2018-01",
            "price": "45.23",
            "revenue": 423797
        },
        "2018-02": {
            "month": "2018-02",
            "price": "53.85",
            "revenue": 258055
        },
        "2018-03": {
            "month": "2018-03",
            "price": "53.43",
            "revenue": 382496
        },
        "2018-04": {
            "month": "2018-04",
            "price": "54.26",
            "revenue": 347240
        },
        "2018-05": {
            "month": "2018-05",
            "price": "56.90",
            "revenue": 700605
        },
        "2018-06": {
            "month": "2018-06",
            "price": "69.28",
            "revenue": 537760
        },
        "2018-07": {
            "month": "2018-07",
            "price": "59.02",
            "revenue": 540469
        },
        "2018-08": {
            "month": "2018-08",
            "price": "53.90",
            "revenue": 365423
        },
        "2018-09": {
            "month": "2018-09",
            "price": "48.21",
            "revenue": 340898
        },
        "2018-10": {
            "month": "2018-10",
            "price": "45.28",
            "revenue": 354675
        },
        "2018-11": {
            "month": "2018-11",
            "price": "44.77",
            "revenue": 339448
        },
        "2018-12": {
            "month": "2018-12",
            "price": "46.46",
            "revenue": 328559
        },
        "2019-01": {
            "month": "2019-01",
            "price": "47.46",
            "revenue": 408282
        },
        "2019-02": {
            "month": "2019-02",
            "price": "50.52",
            "revenue": 260560
        },
        "2019-03": {
            "month": "2019-03",
            "price": "54.94",
            "revenue": 307517
        },
        "2019-04": {
            "month": "2019-04",
            "price": "54.77",
            "revenue": 371602
        },
        "2019-05": {
            "month": "2019-05",
            "price": "53.57",
            "revenue": 339195
        },
        "2019-06": {
            "month": "2019-06",
            "price": "50.06",
            "revenue": 508935
        },
        "2019-07": {
            "month": "2019-07",
            "price": "48.84",
            "revenue": 361330
        },
        "2019-08": {
            "month": "2019-08",
            "price": "47.63",
            "revenue": 371436
        },
        "2019-09": {
            "month": "2019-09",
            "price": "49.86",
            "revenue": 309663
        },
        "2019-10": {
            "month": "2019-10",
            "price": "50.11",
            "revenue": 402298
        },
        "2019-11": {
            "month": "2019-11",
            "price": "51.73",
            "revenue": 327645
        },
        "2019-12": {
            "month": "2019-12",
            "price": "51.80",
            "revenue": 418343
        },
        "2020-01": {
            "month": "2020-01",
            "price": "54.91",
            "revenue": 298294
        },
        "2020-02": {
            "month": "2020-02",
            "price": "51.98",
            "revenue": 305897
        },
        "2020-03": {
            "month": "2020-03",
            "price": "46.86",
            "revenue": 558310
        },
        "2020-04": {
            "month": "2020-04",
            "price": "49.36",
            "revenue": 480595
        },
        "2020-05": {
            "month": "2020-05",
            "price": "53.90",
            "revenue": 504503
        },
        "2020-06": {
            "month": "2020-06",
            "price": "55.97",
            "revenue": 502006
        },
        "2020-07": {
            "month": "2020-07",
            "price": "54.87",
            "revenue": 464128
        },
        "2020-08": {
            "month": "2020-08",
            "price": "56.60",
            "revenue": 480124
        },
        "2020-09": {
            "month": "2020-09",
            "price": "59.36",
            "revenue": 414314
        },
        "2020-10": {
            "month": "2020-10",
            "price": "56.71",
            "revenue": 296054
        },
        "2020-11": {
            "month": "2020-11",
            "price": "55.83",
            "revenue": 336307
        },
        "2020-12": {
            "month": "2020-12",
            "price": "57.31",
            "revenue": 310162
        },
        "2021-01": {
            "month": "2021-01",
            "price": "56.32",
            "revenue": 527856
        },
        "2021-02": {
            "month": "2021-02",
            "price": "57.83",
            "revenue": 331623
        },
        "2021-03": {
            "month": "2021-03",
            "price": "58.34",
            "revenue": 488294
        },
        "2021-04": {
            "month": "2021-04",
            "price": "60.62",
            "revenue": 562339
        },
        "2021-05": {
            "month": "2021-05",
            "price": "57.50",
            "revenue": 471836
        },
        "2021-06": {
            "month": "2021-06",
            "price": "58.34",
            "revenue": 518559
        },
        "2021-07": {
            "month": "2021-07",
            "price": "59.63",
            "revenue": 477441
        },
        "2021-08": {
            "month": "2021-08",
            "price": "56.55",
            "revenue": 505310
        },
        "2021-09": {
            "month": "2021-09",
            "price": "56.26",
            "revenue": 402550
        },
        "2021-10": {
            "month": "2021-10",
            "price": "55.32",
            "revenue": 452765
        },
        "2021-11": {
            "month": "2021-11",
            "price": "57.50",
            "revenue": 420505
        },
        "2021-12": {
            "month": "2021-12",
            "price": "57.14",
            "revenue": 447613
        },
        "2022-01": {
            "month": "2022-01",
            "price": "58.70",
            "revenue": 716031
        },
        "2022-02": {
            "month": "2022-02",
            "price": "63.09",
            "revenue": 502934
        },
        "2022-03": {
            "month": "2022-03",
            "price": "65.05",
            "revenue": 702208
        },
        "2022-04": {
            "month": "2022-04",
            "price": "70.02",
            "revenue": 538739
        },
        "2022-05": {
            "month": "2022-05",
            "price": "64.65",
            "revenue": 674655
        },
        "2022-06": {
            "month": "2022-06",
            "price": "63.08",
            "revenue": 626504
        },
        "2022-07": {
            "month": "2022-07",
            "price": "60.84",
            "revenue": 439496
        },
        "2022-08": {
            "month": "2022-08",
            "price": "59.65",
            "revenue": 593191
        },
        "2022-09": {
            "month": "2022-09",
            "price": "62.31",
            "revenue": 505278
        },
        "2022-10": {
            "month": "2022-10",
            "price": "60.52",
            "revenue": 588016
        },
        "2022-11": {
            "month": "2022-11",
            "price": "64.05",
            "revenue": 473140
        },
        "2022-12": {
            "month": "2022-12",
            "price": "64.80",
            "revenue": 348640
        },
        "2023-01": {
            "month": "2023-01",
            "price": "62.96",
            "revenue": 255147
        },
        "2023-02": {
            "month": "2023-02",
            "price": "63.04",
            "revenue": 285687
        },
        "2023-03": {
            "month": "2023-03",
            "price": "63.36",
            "revenue": 626077
        },
        "2023-04": {
            "month": "2023-04",
            "price": "64.41",
            "revenue": 280596
        }
    }
}
