{
    "summary": {
        "stock_name": "佰鴻",
        "stock_id": "3031",
        "category": "光電",
        "main_business": "電子工業",
        "website_url": "http://www.brtled.com",
        "ceo": "廖宗仁",
        "pe_ratio": 22,
        "report_year_from": 2001,
        "report_year_to": 2023,
        "age": 23,
        "eps_negative_percentage": 9,
        "eps_growth_avg": {
            "last_all": -1.84,
            "last_2y": 10.09,
            "last_4y": 17.61,
            "last_8y": -4.52,
            "last_12y": -7.42,
            "last_16y": -4.78,
            "last_20y": -4.22,
            "at_2006_last_3y": -2.1,
            "at_2007_last_3y": -0.26,
            "at_2008_last_3y": -10.32,
            "at_2009_last_3y": -9.99,
            "at_2010_last_3y": 2.47,
            "at_2011_last_3y": -22.42,
            "at_2012_last_3y": -33.73,
            "at_2013_last_3y": -37.1,
            "at_2014_last_3y": -15.15,
            "at_2015_last_3y": -33.33,
            "at_2016_last_3y": 0,
            "at_2017_last_3y": 7.69,
            "at_2018_last_3y": -41.41,
            "at_2019_last_3y": 25.25,
            "at_2020_last_3y": 8.39,
            "at_2021_last_3y": 26.61,
            "at_2022_last_3y": 33.44,
            "at_2023_last_3y": -2.98,
            "at_2024_last_3y": -2.98,
            "at_2006_last_all": 6.99,
            "at_2007_last_all": 14.84,
            "at_2008_last_all": 4.9,
            "at_2009_last_all": 1.33,
            "at_2010_last_all": 4.98,
            "at_2011_last_all": -0.06,
            "at_2012_last_all": -9.15,
            "at_2013_last_all": -9.15,
            "at_2014_last_all": -0.05,
            "at_2015_last_all": -7.74,
            "at_2016_last_all": -7.74,
            "at_2017_last_all": -5.54,
            "at_2018_last_all": -8.33,
            "at_2019_last_all": -1.55,
            "at_2020_last_all": -3.95,
            "at_2021_last_all": 1.6,
            "at_2022_last_all": 0.47,
            "at_2023_last_all": -1.84,
            "at_2024_last_all": -1.84
        },
        "latest_eps": 0.93,
        "latest_price": 20.55,
        "latest_roe": 5.17,
        "latest_gross_margin": 28.76,
        "latest_equity": 3087067,
        "latest_revenue": 254296,
        "latest_gross_profit": 73139,
        "latest_net_income": 44639,
        "latest_debt_ratio": 15.15,
        "latest_current_ratio": 424,
        "latest_account_receivable_turnover_ratio": 0.51,
        "latest_inventory_turnover_ratio": 1.06,
        "latest_reinvestment_rate": -13.72,
        "latest_research_to_sale_ratio": 1.17
    },
    "eps_dividends": {
        "2000": {
            "cash": 0,
            "stock": 2,
            "eps": 0
        },
        "2001": {
            "cash": 0,
            "stock": 2,
            "eps": 2.03
        },
        "2002": {
            "cash": 1.5,
            "stock": 1.5,
            "eps": 2.91
        },
        "2003": {
            "cash": 0.8,
            "stock": 2,
            "eps": 4.27
        },
        "2004": {
            "cash": 0.6,
            "stock": 2.5,
            "eps": 3.65
        },
        "2005": {
            "cash": 0.75,
            "stock": 1.75,
            "eps": 2.74
        },
        "2006": {
            "cash": 0.55,
            "stock": 1.45,
            "eps": 2.31
        },
        "2007": {
            "cash": 1.28,
            "stock": 0.72,
            "eps": 3.56
        },
        "2008": {
            "cash": 1.7,
            "stock": 0.8,
            "eps": 1.61
        },
        "2009": {
            "cash": 0.6,
            "stock": 0.6,
            "eps": 1.23
        },
        "2010": {
            "cash": 0.9,
            "stock": 0.1,
            "eps": 1.65
        },
        "2011": {
            "cash": 2,
            "stock": 0,
            "eps": 0.9
        },
        "2012": {
            "cash": 0,
            "stock": 0,
            "eps": -1.81
        },
        "2013": {
            "cash": 0,
            "stock": 0,
            "eps": 0.17
        },
        "2014": {
            "cash": 0.35,
            "stock": 0,
            "eps": 0.46
        },
        "2015": {
            "cash": 0.5,
            "stock": 0,
            "eps": -0.07
        },
        "2016": {
            "cash": 0.07,
            "stock": 0,
            "eps": 0.91
        },
        "2017": {
            "cash": 0.8,
            "stock": 0,
            "eps": 1.12
        },
        "2018": {
            "cash": 0.85,
            "stock": 0,
            "eps": 0.59
        },
        "2019": {
            "cash": 0.52,
            "stock": 0,
            "eps": 1.28
        },
        "2020": {
            "cash": 0.8,
            "stock": 0,
            "eps": 0.74
        },
        "2021": {
            "cash": 0.8,
            "stock": 0,
            "eps": 1.45
        },
        "2022": {
            "cash": 1,
            "stock": 0,
            "eps": 1.16
        },
        "2023": {
            "cash": 0.85,
            "stock": 0,
            "eps": 0.63
        }
    },
    "dividends": {
        "2000-06-09": {
            "cash": 0,
            "stock": 2
        },
        "2001-06-08": {
            "cash": 0,
            "stock": 2
        },
        "2002-06-12": {
            "cash": 1.5,
            "stock": 1.5
        },
        "2003-03-26": {
            "cash": 0.8,
            "stock": 2
        },
        "2004-03-08": {
            "cash": 0.6,
            "stock": 2.5
        },
        "2005-03-11": {
            "cash": 0.75,
            "stock": 1.75
        },
        "2006-03-24": {
            "cash": 0.55,
            "stock": 1.45
        },
        "2007-03-19": {
            "cash": 1.28,
            "stock": 0.72
        },
        "2008-03-21": {
            "cash": 1.7,
            "stock": 0.8
        },
        "2009-03-23": {
            "cash": 0.6,
            "stock": 0.6
        },
        "2010-06-14": {
            "cash": 0.9,
            "stock": 0.1
        },
        "2011-01-01": {
            "cash": 1,
            "stock": 0
        },
        "2011-03-18": {
            "cash": 1,
            "stock": 0
        },
        "2014-09-05": {
            "cash": 0.35,
            "stock": 0
        },
        "2015-08-07": {
            "cash": 0.5,
            "stock": 0
        },
        "2016-09-02": {
            "cash": 0.07,
            "stock": 0
        },
        "2017-08-11": {
            "cash": 0.8,
            "stock": 0
        },
        "2018-07-25": {
            "cash": 0.85,
            "stock": 0
        },
        "2019-08-07": {
            "cash": 0.52,
            "stock": 0
        },
        "2020-07-29": {
            "cash": 0.8,
            "stock": 0
        },
        "2021-07-30": {
            "cash": 0.8,
            "stock": 0
        },
        "2022-07-22": {
            "cash": 1,
            "stock": 0
        },
        "2023-08-07": {
            "cash": 0.85,
            "stock": 0
        }
    },
    "prices": {
        "200101": "無",
        "200102": "無",
        "200103": "無",
        "200104": "無",
        "200105": "無",
        "200106": "無",
        "200107": "無",
        "200108": "無",
        "200109": "無",
        "200110": "無",
        "200111": "無",
        "200112": "無",
        "200201": "無",
        "200202": "無",
        "200203": "無",
        "200204": "無",
        "200205": "無",
        "200206": "無",
        "200207": "無",
        "200208": "48.16",
        "200209": "46.34",
        "200210": "40.16",
        "200211": "45.24",
        "200212": "46.31",
        "200301": "42.35",
        "200302": "36.14",
        "200303": "31.42",
        "200304": "36.31",
        "200305": "34.14",
        "200306": "38.64",
        "200307": "40.04",
        "200308": "40.23",
        "200309": "42.72",
        "200310": "43.02",
        "200311": "49.04",
        "200312": "54.15",
        "200401": "68.30",
        "200402": "68.55",
        "200403": "67.17",
        "200404": "68.20",
        "200405": "57.24",
        "200406": "50.69",
        "200407": "40.45",
        "200408": "38.10",
        "200409": "38.75",
        "200410": "35.08",
        "200411": "32.91",
        "200412": "32.73",
        "200501": "28.83",
        "200502": "30.34",
        "200503": "33.08",
        "200504": "37.20",
        "200505": "35.44",
        "200506": "35.30",
        "200507": "35.56",
        "200508": "28.42",
        "200509": "28.52",
        "200510": "31.23",
        "200511": "30.88",
        "200512": "39.68",
        "200601": "41.53",
        "200602": "39.14",
        "200603": "42.18",
        "200604": "47.99",
        "200605": "51.81",
        "200606": "42.07",
        "200607": "37.27",
        "200608": "36.38",
        "200609": "34.24",
        "200610": "33.74",
        "200611": "33.04",
        "200612": "35.00",
        "200701": "37.62",
        "200702": "42.70",
        "200703": "45.36",
        "200704": "44.99",
        "200705": "47.16",
        "200706": "53.78",
        "200707": "59.70",
        "200708": "70.37",
        "200709": "80.22",
        "200710": "83.43",
        "200711": "71.11",
        "200712": "76.19",
        "200801": "70.29",
        "200802": "63.61",
        "200803": "68.33",
        "200804": "69.46",
        "200805": "61.18",
        "200806": "52.22",
        "200807": "40.38",
        "200808": "41.39",
        "200809": "29.95",
        "200810": "26.37",
        "200811": "18.27",
        "200812": "17.60",
        "200901": "21.70",
        "200902": "24.44",
        "200903": "29.30",
        "200904": "33.34",
        "200905": "39.50",
        "200906": "36.23",
        "200907": "37.41",
        "200908": "36.86",
        "200909": "40.84",
        "200910": "41.06",
        "200911": "38.21",
        "200912": "44.05",
        "201001": "44.49",
        "201002": "39.00",
        "201003": "43.07",
        "201004": "44.61",
        "201005": "39.64",
        "201006": "39.18",
        "201007": "39.90",
        "201008": "37.06",
        "201009": "36.35",
        "201010": "34.54",
        "201011": "32.04",
        "201012": "34.39",
        "201101": "37.21",
        "201102": "34.71",
        "201103": "34.48",
        "201104": "33.05",
        "201105": "29.57",
        "201106": "27.80",
        "201107": "22.93",
        "201108": "17.56",
        "201109": "16.85",
        "201110": "18.34",
        "201111": "21.56",
        "201112": "22.02",
        "201201": "22.24",
        "201202": "25.74",
        "201203": "26.97",
        "201204": "22.86",
        "201205": "20.37",
        "201206": "19.05",
        "201207": "17.89",
        "201208": "17.36",
        "201209": "17.48",
        "201210": "15.16",
        "201211": "12.41",
        "201212": "13.80",
        "201301": "15.33",
        "201302": "15.07",
        "201303": "15.78",
        "201304": "14.11",
        "201305": "14.74",
        "201306": "14.83",
        "201307": "14.17",
        "201308": "13.31",
        "201309": "13.06",
        "201310": "13.08",
        "201311": "12.37",
        "201312": "15.47",
        "201401": "18.83",
        "201402": "17.88",
        "201403": "18.02",
        "201404": "16.79",
        "201405": "15.71",
        "201406": "16.90",
        "201407": "16.04",
        "201408": "14.34",
        "201409": "13.90",
        "201410": "12.48",
        "201411": "13.13",
        "201412": "14.12",
        "201501": "14.95",
        "201502": "14.60",
        "201503": "14.58",
        "201504": "14.84",
        "201505": "14.82",
        "201506": "13.71",
        "201507": "11.42",
        "201508": "9.19",
        "201509": "9.77",
        "201510": "10.23",
        "201511": "9.82",
        "201512": "9.69",
        "201601": "9.16",
        "201602": "9.06",
        "201603": "9.16",
        "201604": "8.49",
        "201605": "7.77",
        "201606": "8.24",
        "201607": "9.85",
        "201608": "10.36",
        "201609": "10.51",
        "201610": "10.02",
        "201611": "10.50",
        "201612": "12.44",
        "201701": "12.34",
        "201702": "12.66",
        "201703": "15.46",
        "201704": "17.31",
        "201705": "17.29",
        "201706": "17.03",
        "201707": "15.86",
        "201708": "15.71",
        "201709": "16.85",
        "201710": "16.56",
        "201711": "17.79",
        "201712": "16.88",
        "201801": "17.82",
        "201802": "15.73",
        "201803": "16.47",
        "201804": "16.08",
        "201805": "15.32",
        "201806": "16.43",
        "201807": "15.21",
        "201808": "13.96",
        "201809": "11.85",
        "201810": "10.26",
        "201811": "10.54",
        "201812": "11.04",
        "201901": "10.65",
        "201902": "11.45",
        "201903": "11.98",
        "201904": "12.52",
        "201905": "11.56",
        "201906": "11.81",
        "201907": "11.86",
        "201908": "12.65",
        "201909": "14.75",
        "201910": "15.43",
        "201911": "15.66",
        "201912": "16.71",
        "202001": "16.16",
        "202002": "14.99",
        "202003": "12.32",
        "202004": "13.90",
        "202005": "14.75",
        "202006": "14.87",
        "202007": "14.23",
        "202008": "13.41",
        "202009": "14.36",
        "202010": "13.53",
        "202011": "13.87",
        "202012": "14.76",
        "202101": "16.10",
        "202102": "15.57",
        "202103": "16.56",
        "202104": "20.31",
        "202105": "17.55",
        "202106": "18.80",
        "202107": "21.55",
        "202108": "26.65",
        "202109": "24.62",
        "202110": "21.87",
        "202111": "24.92",
        "202112": "25.38",
        "202201": "24.12",
        "202202": "22.91",
        "202203": "21.51",
        "202204": "20.07",
        "202205": "18.86",
        "202206": "18.80",
        "202207": "15.80",
        "202208": "16.85",
        "202209": "16.16",
        "202210": "14.40",
        "202211": "15.27",
        "202212": "15.55",
        "202301": "15.29",
        "202302": "16.07",
        "202303": "17.32",
        "202304": "18.63",
        "202305": "19.01",
        "202306": "20.68",
        "202307": "18.89",
        "202308": "17.18",
        "202309": "17.22",
        "202310": "16.73",
        "202311": "17.37",
        "202312": "18.46"
    },
    "quarters": {
        "20011": {
            "year_quarter": 20011,
            "year": 2001,
            "quarter": 1,
            "eps": 0.41,
            "eps_growth_year": 215.38,
            "eps_4q": 2.18,
            "eps_4q_growth_year": null,
            "roe": 2.7,
            "roe_4q": 2.7,
            "gross_profit": 45226,
            "gross_margin": 22.76,
            "gross_margin_4q_avg": 22.76,
            "net_income": 21121,
            "net_income_4q": null,
            "revenue": 198735,
            "revenue_4q": null,
            "common_shares": 519900,
            "book_valuer_per_share": 15.22,
            "book_valuer_per_share_4q_avg": 15.22,
            "equity": 791463,
            "current_ratio": 437.16,
            "debt_ratio": 15.69,
            "inventory_turnover_ratio": 1.16,
            "account_receivable_turnover_ratio": null,
            "reinvestment_rate": null,
            "research_to_sale_ratio": null,
            "price_fair": 0,
            "eps_avg_yearly": 0,
            "eps_latest_yearly": 0,
            "eps_growth_yearly": 0
        },
        "20012": {
            "year_quarter": 20012,
            "year": 2001,
            "quarter": 2,
            "eps": 0.56,
            "eps_growth_year": 16.67,
            "eps_4q": 1.95,
            "eps_4q_growth_year": null,
            "roe": 4.36,
            "roe_4q": 7.0600000000000005,
            "gross_profit": 48349,
            "gross_margin": 21.43,
            "gross_margin_4q_avg": 22.1,
            "net_income": 35208,
            "net_income_4q": null,
            "revenue": 225595,
            "revenue_4q": null,
            "common_shares": 519900,
            "book_valuer_per_share": 15.84,
            "book_valuer_per_share_4q_avg": 15.53,
            "equity": 823420,
            "current_ratio": 459.12,
            "debt_ratio": 15.21,
            "inventory_turnover_ratio": 1.49,
            "account_receivable_turnover_ratio": null,
            "reinvestment_rate": null,
            "research_to_sale_ratio": null,
            "price_fair": 0,
            "eps_avg_yearly": 0,
            "eps_latest_yearly": 0,
            "eps_growth_yearly": 0
        },
        "20013": {
            "year_quarter": 20013,
            "year": 2001,
            "quarter": 3,
            "eps": 0.34,
            "eps_growth_year": -57.5,
            "eps_4q": 1.62,
            "eps_4q_growth_year": null,
            "roe": 2.58,
            "roe_4q": 9.64,
            "gross_profit": 40981,
            "gross_margin": 19.96,
            "gross_margin_4q_avg": 21.38,
            "net_income": 21538,
            "net_income_4q": null,
            "revenue": 205360,
            "revenue_4q": null,
            "common_shares": 630000,
            "book_valuer_per_share": 13.41,
            "book_valuer_per_share_4q_avg": 14.82,
            "equity": 844956,
            "current_ratio": 625.09,
            "debt_ratio": 11.81,
            "inventory_turnover_ratio": 1.57,
            "account_receivable_turnover_ratio": null,
            "reinvestment_rate": null,
            "research_to_sale_ratio": null,
            "price_fair": 0,
            "eps_avg_yearly": 0,
            "eps_latest_yearly": 0,
            "eps_growth_yearly": 0
        },
        "20014": {
            "year_quarter": 20014,
            "year": 2001,
            "quarter": 4,
            "eps": 0.72,
            "eps_growth_year": 53.19,
            "eps_4q": 1.96,
            "eps_4q_growth_year": 5.86,
            "roe": 5.2,
            "roe_4q": 14.84,
            "gross_profit": 57839,
            "gross_margin": 24.02,
            "gross_margin_4q_avg": 22.04,
            "net_income": 45110,
            "net_income_4q": null,
            "revenue": 240749,
            "revenue_4q": null,
            "common_shares": 630000,
            "book_valuer_per_share": 14.13,
            "book_valuer_per_share_4q_avg": 14.65,
            "equity": 890120,
            "current_ratio": 385.82,
            "debt_ratio": 19.21,
            "inventory_turnover_ratio": 1.71,
            "account_receivable_turnover_ratio": null,
            "reinvestment_rate": null,
            "research_to_sale_ratio": null,
            "price_fair": 0,
            "eps_avg_yearly": 0,
            "eps_latest_yearly": 0,
            "eps_growth_yearly": 0
        },
        "20021": {
            "year_quarter": 20021,
            "year": 2002,
            "quarter": 1,
            "eps": 0.64,
            "eps_growth_year": 56.1,
            "eps_4q": 2.25,
            "eps_4q_growth_year": 3.07,
            "roe": 4.45,
            "roe_4q": 16.59,
            "gross_profit": 73960,
            "gross_margin": 27.77,
            "gross_margin_4q_avg": 23.3,
            "net_income": 40495,
            "net_income_4q": null,
            "revenue": 266339,
            "revenue_4q": null,
            "common_shares": 630000,
            "book_valuer_per_share": 14.77,
            "book_valuer_per_share_4q_avg": 14.54,
            "equity": 930615,
            "current_ratio": 382.05,
            "debt_ratio": 18.67,
            "inventory_turnover_ratio": 1.58,
            "account_receivable_turnover_ratio": null,
            "reinvestment_rate": null,
            "research_to_sale_ratio": null,
            "price_fair": 7.68,
            "eps_avg_yearly": 2.56,
            "eps_latest_yearly": 2.56,
            "eps_growth_yearly": -44.44
        },
        "20022": {
            "year_quarter": 20022,
            "year": 2002,
            "quarter": 2,
            "eps": 0.61,
            "eps_growth_year": 8.93,
            "eps_4q": 2.11,
            "eps_4q_growth_year": 8.21,
            "roe": 4.62,
            "roe_4q": 16.85,
            "gross_profit": 90553,
            "gross_margin": 28.11,
            "gross_margin_4q_avg": 24.97,
            "net_income": 43596,
            "net_income_4q": null,
            "revenue": 322085,
            "revenue_4q": null,
            "common_shares": 630000,
            "book_valuer_per_share": 15.19,
            "book_valuer_per_share_4q_avg": 14.38,
            "equity": 957215,
            "current_ratio": 365.57,
            "debt_ratio": 20.06,
            "inventory_turnover_ratio": 1.82,
            "account_receivable_turnover_ratio": null,
            "reinvestment_rate": null,
            "research_to_sale_ratio": null,
            "price_fair": 7.5,
            "eps_avg_yearly": 2.5,
            "eps_latest_yearly": 2.44,
            "eps_growth_yearly": -31.6
        },
        "20023": {
            "year_quarter": 20023,
            "year": 2002,
            "quarter": 3,
            "eps": 0.82,
            "eps_growth_year": 141.18,
            "eps_4q": 2.62,
            "eps_4q_growth_year": 61.93,
            "roe": 5.93,
            "roe_4q": 20.2,
            "gross_profit": 78559,
            "gross_margin": 26.16,
            "gross_margin_4q_avg": 26.52,
            "net_income": 58909,
            "net_income_4q": null,
            "revenue": 300289,
            "revenue_4q": null,
            "common_shares": 630000,
            "book_valuer_per_share": 16.33,
            "book_valuer_per_share_4q_avg": 15.11,
            "equity": 1028724,
            "current_ratio": 399.03,
            "debt_ratio": 18.61,
            "inventory_turnover_ratio": 1.51,
            "account_receivable_turnover_ratio": null,
            "reinvestment_rate": null,
            "research_to_sale_ratio": null,
            "price_fair": 96.15,
            "eps_avg_yearly": 2.76,
            "eps_latest_yearly": 3.28,
            "eps_growth_yearly": 24.84
        },
        "20024": {
            "year_quarter": 20024,
            "year": 2002,
            "quarter": 4,
            "eps": 0.84,
            "eps_growth_year": 16.67,
            "eps_4q": 2.82,
            "eps_4q_growth_year": 43.69,
            "roe": 5.76,
            "roe_4q": 20.759999999999998,
            "gross_profit": 85543,
            "gross_margin": 25.27,
            "gross_margin_4q_avg": 26.83,
            "net_income": 60654,
            "net_income_4q": null,
            "revenue": 338476,
            "revenue_4q": null,
            "common_shares": 720000,
            "book_valuer_per_share": 14.96,
            "book_valuer_per_share_4q_avg": 15.31,
            "equity": 1076943,
            "current_ratio": 389.16,
            "debt_ratio": 19.54,
            "inventory_turnover_ratio": 1.55,
            "account_receivable_turnover_ratio": null,
            "reinvestment_rate": null,
            "research_to_sale_ratio": null,
            "price_fair": 90.4,
            "eps_avg_yearly": 2.91,
            "eps_latest_yearly": 3.36,
            "eps_growth_yearly": 21.07
        },
        "20031": {
            "year_quarter": 20031,
            "year": 2003,
            "quarter": 1,
            "eps": 0.7,
            "eps_growth_year": 9.38,
            "eps_4q": 2.97,
            "eps_4q_growth_year": 32.2,
            "roe": 4.56,
            "roe_4q": 20.87,
            "gross_profit": 91272,
            "gross_margin": 26.15,
            "gross_margin_4q_avg": 26.42,
            "net_income": 50218,
            "net_income_4q": null,
            "revenue": 349023,
            "revenue_4q": null,
            "common_shares": 720000,
            "book_valuer_per_share": 15.66,
            "book_valuer_per_share_4q_avg": 15.54,
            "equity": 1127161,
            "current_ratio": 221.36,
            "debt_ratio": 28.04,
            "inventory_turnover_ratio": 1.42,
            "account_receivable_turnover_ratio": null,
            "reinvestment_rate": null,
            "research_to_sale_ratio": null,
            "price_fair": 39.05,
            "eps_avg_yearly": 2.89,
            "eps_latest_yearly": 2.8,
            "eps_growth_yearly": 3.52
        },
        "20032": {
            "year_quarter": 20032,
            "year": 2003,
            "quarter": 2,
            "eps": 0.88,
            "eps_growth_year": 44.26,
            "eps_4q": 2.94,
            "eps_4q_growth_year": 39.51,
            "roe": 6.4,
            "roe_4q": 22.65,
            "gross_profit": 124404,
            "gross_margin": 29.9,
            "gross_margin_4q_avg": 26.87,
            "net_income": 72437,
            "net_income_4q": null,
            "revenue": 416027,
            "revenue_4q": null,
            "common_shares": 720000,
            "book_valuer_per_share": 15.77,
            "book_valuer_per_share_4q_avg": 15.68,
            "equity": 1135231,
            "current_ratio": 238.92,
            "debt_ratio": 27.59,
            "inventory_turnover_ratio": 1.43,
            "account_receivable_turnover_ratio": null,
            "reinvestment_rate": null,
            "research_to_sale_ratio": null,
            "price_fair": 90.03,
            "eps_avg_yearly": 2.99,
            "eps_latest_yearly": 3.52,
            "eps_growth_yearly": 20.08
        },
        "20033": {
            "year_quarter": 20033,
            "year": 2003,
            "quarter": 3,
            "eps": 1.17,
            "eps_growth_year": 42.68,
            "eps_4q": 3.4,
            "eps_4q_growth_year": 29.8,
            "roe": 8.13,
            "roe_4q": 24.85,
            "gross_profit": 145566,
            "gross_margin": 29.53,
            "gross_margin_4q_avg": 27.71,
            "net_income": 96233,
            "net_income_4q": null,
            "revenue": 493019,
            "revenue_4q": null,
            "common_shares": 820000,
            "book_valuer_per_share": 15.02,
            "book_valuer_per_share_4q_avg": 15.35,
            "equity": 1231465,
            "current_ratio": 279.04,
            "debt_ratio": 23.9,
            "inventory_turnover_ratio": 1.69,
            "account_receivable_turnover_ratio": null,
            "reinvestment_rate": null,
            "research_to_sale_ratio": null,
            "price_fair": 113.2,
            "eps_avg_yearly": 3.23,
            "eps_latest_yearly": 4.68,
            "eps_growth_yearly": 36.04
        },
        "20034": {
            "year_quarter": 20034,
            "year": 2003,
            "quarter": 4,
            "eps": 1.52,
            "eps_growth_year": 80.95,
            "eps_4q": 4.19,
            "eps_4q_growth_year": 48.39,
            "roe": 9.65,
            "roe_4q": 28.74,
            "gross_profit": 149360,
            "gross_margin": 26,
            "gross_margin_4q_avg": 27.9,
            "net_income": 124837,
            "net_income_4q": null,
            "revenue": 574419,
            "revenue_4q": null,
            "common_shares": 820000,
            "book_valuer_per_share": 16.52,
            "book_valuer_per_share_4q_avg": 15.74,
            "equity": 1354763,
            "current_ratio": 259.04,
            "debt_ratio": 28.53,
            "inventory_turnover_ratio": 1.95,
            "account_receivable_turnover_ratio": null,
            "reinvestment_rate": 33.39,
            "research_to_sale_ratio": null,
            "price_fair": 125.65,
            "eps_avg_yearly": 3.59,
            "eps_latest_yearly": 6.08,
            "eps_growth_yearly": 46.49
        },
        "20041": {
            "year_quarter": 20041,
            "year": 2004,
            "quarter": 1,
            "eps": 1.35,
            "eps_growth_year": 92.86,
            "eps_4q": 4.93,
            "eps_4q_growth_year": 65.78,
            "roe": 7.85,
            "roe_4q": 32.03,
            "gross_profit": 176865,
            "gross_margin": 30.55,
            "gross_margin_4q_avg": 29,
            "net_income": 110659,
            "net_income_4q": null,
            "revenue": 578990,
            "revenue_4q": null,
            "common_shares": 820000,
            "book_valuer_per_share": 17.87,
            "book_valuer_per_share_4q_avg": 16.3,
            "equity": 1465422,
            "current_ratio": 272.35,
            "debt_ratio": 26.42,
            "inventory_turnover_ratio": 1.52,
            "account_receivable_turnover_ratio": null,
            "reinvestment_rate": -3.71,
            "research_to_sale_ratio": null,
            "price_fair": 132.69,
            "eps_avg_yearly": 3.79,
            "eps_latest_yearly": 5.4,
            "eps_growth_yearly": 36.36
        },
        "20042": {
            "year_quarter": 20042,
            "year": 2004,
            "quarter": 2,
            "eps": 0.97,
            "eps_growth_year": 10.23,
            "eps_4q": 4.14,
            "eps_4q_growth_year": 40.62,
            "roe": 6.83,
            "roe_4q": 32.46,
            "gross_profit": 166535,
            "gross_margin": 25.08,
            "gross_margin_4q_avg": 27.79,
            "net_income": 101580,
            "net_income_4q": null,
            "revenue": 664080,
            "revenue_4q": null,
            "common_shares": 820000,
            "book_valuer_per_share": 18.39,
            "book_valuer_per_share_4q_avg": 16.95,
            "equity": 1507961,
            "current_ratio": 289.08,
            "debt_ratio": 25.45,
            "inventory_turnover_ratio": 1.65,
            "account_receivable_turnover_ratio": null,
            "reinvestment_rate": -4.01,
            "research_to_sale_ratio": null,
            "price_fair": 119.55,
            "eps_avg_yearly": 3.8,
            "eps_latest_yearly": 3.88,
            "eps_growth_yearly": 21.46
        },
        "20043": {
            "year_quarter": 20043,
            "year": 2004,
            "quarter": 3,
            "eps": 0.88,
            "eps_growth_year": -24.79,
            "eps_4q": 4.1,
            "eps_4q_growth_year": 20.73,
            "roe": 5.92,
            "roe_4q": 30.25,
            "gross_profit": 153857,
            "gross_margin": 28.63,
            "gross_margin_4q_avg": 27.57,
            "net_income": 92033,
            "net_income_4q": null,
            "revenue": 537466,
            "revenue_4q": null,
            "common_shares": 1046000,
            "book_valuer_per_share": 15.29,
            "book_valuer_per_share_4q_avg": 17.02,
            "equity": 1599451,
            "current_ratio": 407.75,
            "debt_ratio": 18.5,
            "inventory_turnover_ratio": 1.2,
            "account_receivable_turnover_ratio": null,
            "reinvestment_rate": -3.43,
            "research_to_sale_ratio": null,
            "price_fair": 98.65,
            "eps_avg_yearly": 3.77,
            "eps_latest_yearly": 3.52,
            "eps_growth_yearly": 16.14
        },
        "20044": {
            "year_quarter": 20044,
            "year": 2004,
            "quarter": 4,
            "eps": 0.45,
            "eps_growth_year": -70.39,
            "eps_4q": 3.39,
            "eps_4q_growth_year": -19.06,
            "roe": 2.87,
            "roe_4q": 23.47,
            "gross_profit": 84817,
            "gross_margin": 17.83,
            "gross_margin_4q_avg": 25.52,
            "net_income": 46610,
            "net_income_4q": null,
            "revenue": 475752,
            "revenue_4q": null,
            "common_shares": 1046000,
            "book_valuer_per_share": 15.74,
            "book_valuer_per_share_4q_avg": 16.82,
            "equity": 1645914,
            "current_ratio": 321.81,
            "debt_ratio": 21.94,
            "inventory_turnover_ratio": 1.21,
            "account_receivable_turnover_ratio": null,
            "reinvestment_rate": 23.84,
            "research_to_sale_ratio": null,
            "price_fair": 10.83,
            "eps_avg_yearly": 3.61,
            "eps_latest_yearly": 1.8,
            "eps_growth_yearly": -1.5
        },
        "20051": {
            "year_quarter": 20051,
            "year": 2005,
            "quarter": 1,
            "eps": 0.34,
            "eps_growth_year": -74.81,
            "eps_4q": 2.61,
            "eps_4q_growth_year": -47.07,
            "roe": 2.16,
            "roe_4q": 17.78,
            "gross_profit": 104446,
            "gross_margin": 21.15,
            "gross_margin_4q_avg": 23.17,
            "net_income": 35983,
            "net_income_4q": null,
            "revenue": 493838,
            "revenue_4q": null,
            "common_shares": 1046000,
            "book_valuer_per_share": 16.06,
            "book_valuer_per_share_4q_avg": 16.37,
            "equity": 1679567,
            "current_ratio": 375.12,
            "debt_ratio": 18.19,
            "inventory_turnover_ratio": 1.32,
            "account_receivable_turnover_ratio": null,
            "reinvestment_rate": -3.15,
            "research_to_sale_ratio": null,
            "price_fair": 10.31,
            "eps_avg_yearly": 3.44,
            "eps_latest_yearly": 1.36,
            "eps_growth_yearly": -8.9
        },
        "20052": {
            "year_quarter": 20052,
            "year": 2005,
            "quarter": 2,
            "eps": 0.61,
            "eps_growth_year": -37.11,
            "eps_4q": 2,
            "eps_4q_growth_year": -51.65,
            "roe": 4.57,
            "roe_4q": 15.520000000000001,
            "gross_profit": 118576,
            "gross_margin": 19.42,
            "gross_margin_4q_avg": 21.76,
            "net_income": 76601,
            "net_income_4q": null,
            "revenue": 610641,
            "revenue_4q": null,
            "common_shares": 1046000,
            "book_valuer_per_share": 16.02,
            "book_valuer_per_share_4q_avg": 15.78,
            "equity": 1675351,
            "current_ratio": 268.23,
            "debt_ratio": 25.54,
            "inventory_turnover_ratio": 1.82,
            "account_receivable_turnover_ratio": null,
            "reinvestment_rate": -2.54,
            "research_to_sale_ratio": null,
            "price_fair": 82.2,
            "eps_avg_yearly": 3.37,
            "eps_latest_yearly": 2.44,
            "eps_growth_yearly": 14.42
        },
        "20053": {
            "year_quarter": 20053,
            "year": 2005,
            "quarter": 3,
            "eps": 0.98,
            "eps_growth_year": 11.36,
            "eps_4q": 2.25,
            "eps_4q_growth_year": -45.22,
            "roe": 7.08,
            "roe_4q": 16.68,
            "gross_profit": 177969,
            "gross_margin": 25.44,
            "gross_margin_4q_avg": 20.96,
            "net_income": 123071,
            "net_income_4q": null,
            "revenue": 699515,
            "revenue_4q": null,
            "common_shares": 1250000,
            "book_valuer_per_share": 14.41,
            "book_valuer_per_share_4q_avg": 15.56,
            "equity": 1801804,
            "current_ratio": 371.47,
            "debt_ratio": 18.83,
            "inventory_turnover_ratio": 1.88,
            "account_receivable_turnover_ratio": null,
            "reinvestment_rate": -2.04,
            "research_to_sale_ratio": null,
            "price_fair": 119.09,
            "eps_avg_yearly": 3.4,
            "eps_latest_yearly": 3.92,
            "eps_growth_yearly": 29.64
        },
        "20054": {
            "year_quarter": 20054,
            "year": 2005,
            "quarter": 4,
            "eps": 0.81,
            "eps_growth_year": 80,
            "eps_4q": 2.69,
            "eps_4q_growth_year": -20.6,
            "roe": 5.48,
            "roe_4q": 19.290000000000003,
            "gross_profit": 94209,
            "gross_margin": 13.63,
            "gross_margin_4q_avg": 19.91,
            "net_income": 101540,
            "net_income_4q": null,
            "revenue": 691072,
            "revenue_4q": null,
            "common_shares": 1250000,
            "book_valuer_per_share": 15.22,
            "book_valuer_per_share_4q_avg": 15.43,
            "equity": 1902896,
            "current_ratio": 331.99,
            "debt_ratio": 21.75,
            "inventory_turnover_ratio": 2.28,
            "account_receivable_turnover_ratio": null,
            "reinvestment_rate": 20.14,
            "research_to_sale_ratio": null,
            "price_fair": 113.47,
            "eps_avg_yearly": 3.39,
            "eps_latest_yearly": 3.24,
            "eps_growth_yearly": 23.45
        },
        "20061": {
            "year_quarter": 20061,
            "year": 2006,
            "quarter": 1,
            "eps": 0.62,
            "eps_growth_year": 82.35,
            "eps_4q": 3.04,
            "eps_4q_growth_year": 16.6,
            "roe": 3.97,
            "roe_4q": 21.1,
            "gross_profit": 118594,
            "gross_margin": 19.29,
            "gross_margin_4q_avg": 19.45,
            "net_income": 77072,
            "net_income_4q": null,
            "revenue": 614891,
            "revenue_4q": null,
            "common_shares": 1250000,
            "book_valuer_per_share": 15.84,
            "book_valuer_per_share_4q_avg": 15.37,
            "equity": 1979832,
            "current_ratio": 286.77,
            "debt_ratio": 23.15,
            "inventory_turnover_ratio": 1.89,
            "account_receivable_turnover_ratio": null,
            "reinvestment_rate": -1.39,
            "research_to_sale_ratio": null,
            "price_fair": 102.84,
            "eps_avg_yearly": 3.39,
            "eps_latest_yearly": 2.48,
            "eps_growth_yearly": 20.36
        },
        "20062": {
            "year_quarter": 20062,
            "year": 2006,
            "quarter": 2,
            "eps": 0.57,
            "eps_growth_year": -6.56,
            "eps_4q": 2.64,
            "eps_4q_growth_year": 32.12,
            "roe": 4.2,
            "roe_4q": 20.73,
            "gross_profit": 128979,
            "gross_margin": 17.59,
            "gross_margin_4q_avg": 18.99,
            "net_income": 82947,
            "net_income_4q": null,
            "revenue": 733400,
            "revenue_4q": null,
            "common_shares": 1250000,
            "book_valuer_per_share": 15.74,
            "book_valuer_per_share_4q_avg": 15.3,
            "equity": 1967622,
            "current_ratio": 249.02,
            "debt_ratio": 26.43,
            "inventory_turnover_ratio": 2.22,
            "account_receivable_turnover_ratio": null,
            "reinvestment_rate": -0.42,
            "research_to_sale_ratio": null,
            "price_fair": 99.69,
            "eps_avg_yearly": 3.38,
            "eps_latest_yearly": 2.28,
            "eps_growth_yearly": 19.52
        },
        "20063": {
            "year_quarter": 20063,
            "year": 2006,
            "quarter": 3,
            "eps": 0.8,
            "eps_growth_year": -18.37,
            "eps_4q": 2.6,
            "eps_4q_growth_year": 15.62,
            "roe": 5.71,
            "roe_4q": 19.36,
            "gross_profit": 121702,
            "gross_margin": 16.42,
            "gross_margin_4q_avg": 16.73,
            "net_income": 116325,
            "net_income_4q": null,
            "revenue": 741102,
            "revenue_4q": null,
            "common_shares": 1450000,
            "book_valuer_per_share": 14.54,
            "book_valuer_per_share_4q_avg": 15.34,
            "equity": 2108775,
            "current_ratio": 261.22,
            "debt_ratio": 23.76,
            "inventory_turnover_ratio": 2.37,
            "account_receivable_turnover_ratio": null,
            "reinvestment_rate": -0.53,
            "research_to_sale_ratio": null,
            "price_fair": 104.54,
            "eps_avg_yearly": 3.37,
            "eps_latest_yearly": 3.2,
            "eps_growth_yearly": 21
        },
        "20064": {
            "year_quarter": 20064,
            "year": 2006,
            "quarter": 4,
            "eps": 0.32,
            "eps_growth_year": -60.49,
            "eps_4q": 2.25,
            "eps_4q_growth_year": -16.27,
            "roe": 2.12,
            "roe_4q": 16,
            "gross_profit": 118773,
            "gross_margin": 17.94,
            "gross_margin_4q_avg": 17.81,
            "net_income": 45768,
            "net_income_4q": null,
            "revenue": 662041,
            "revenue_4q": null,
            "common_shares": 1450000,
            "book_valuer_per_share": 15.2,
            "book_valuer_per_share_4q_avg": 15.33,
            "equity": 2204334,
            "current_ratio": 347.61,
            "debt_ratio": 20.12,
            "inventory_turnover_ratio": 2.03,
            "account_receivable_turnover_ratio": null,
            "reinvestment_rate": 19.68,
            "research_to_sale_ratio": null,
            "price_fair": 49.89,
            "eps_avg_yearly": 3.24,
            "eps_latest_yearly": 1.28,
            "eps_growth_yearly": 5.39
        },
        "20071": {
            "year_quarter": 20071,
            "year": 2007,
            "quarter": 1,
            "eps": 0.59,
            "eps_growth_year": -4.84,
            "eps_4q": 2.28,
            "eps_4q_growth_year": -25.05,
            "roe": 3.8,
            "roe_4q": 15.829999999999998,
            "gross_profit": 115010,
            "gross_margin": 17.86,
            "gross_margin_4q_avg": 17.45,
            "net_income": 85507,
            "net_income_4q": null,
            "revenue": 644005,
            "revenue_4q": null,
            "common_shares": 1450000,
            "book_valuer_per_share": 15.8,
            "book_valuer_per_share_4q_avg": 15.32,
            "equity": 2291422,
            "current_ratio": 239.07,
            "debt_ratio": 23.89,
            "inventory_turnover_ratio": 1.65,
            "account_receivable_turnover_ratio": null,
            "reinvestment_rate": -6.15,
            "research_to_sale_ratio": null,
            "price_fair": 112.53,
            "eps_avg_yearly": 3.22,
            "eps_latest_yearly": 2.36,
            "eps_growth_yearly": 30.65
        },
        "20072": {
            "year_quarter": 20072,
            "year": 2007,
            "quarter": 2,
            "eps": 0.89,
            "eps_growth_year": 56.14,
            "eps_4q": 2.47,
            "eps_4q_growth_year": -6.72,
            "roe": 6.05,
            "roe_4q": 17.68,
            "gross_profit": 136884,
            "gross_margin": 16.51,
            "gross_margin_4q_avg": 17.18,
            "net_income": 139858,
            "net_income_4q": null,
            "revenue": 828857,
            "revenue_4q": null,
            "common_shares": 1450000,
            "book_valuer_per_share": 16.08,
            "book_valuer_per_share_4q_avg": 15.41,
            "equity": 2330990,
            "current_ratio": 190.87,
            "debt_ratio": 28.84,
            "inventory_turnover_ratio": 1.89,
            "account_receivable_turnover_ratio": null,
            "reinvestment_rate": -2.48,
            "research_to_sale_ratio": null,
            "price_fair": 112.61,
            "eps_avg_yearly": 3.22,
            "eps_latest_yearly": 3.56,
            "eps_growth_yearly": 36.93
        },
        "20073": {
            "year_quarter": 20073,
            "year": 2007,
            "quarter": 3,
            "eps": 1.11,
            "eps_growth_year": 38.75,
            "eps_4q": 2.83,
            "eps_4q_growth_year": 8.79,
            "roe": 6.63,
            "roe_4q": 18.6,
            "gross_profit": 166287,
            "gross_margin": 16.49,
            "gross_margin_4q_avg": 17.2,
            "net_income": 175263,
            "net_income_4q": null,
            "revenue": 1008184,
            "revenue_4q": null,
            "common_shares": 1680000,
            "book_valuer_per_share": 17.6,
            "book_valuer_per_share_4q_avg": 16.17,
            "equity": 2957528,
            "current_ratio": 276.01,
            "debt_ratio": 22.21,
            "inventory_turnover_ratio": 2.02,
            "account_receivable_turnover_ratio": null,
            "reinvestment_rate": -1.55,
            "research_to_sale_ratio": null,
            "price_fair": 112.09,
            "eps_avg_yearly": 3.2,
            "eps_latest_yearly": 4.44,
            "eps_growth_yearly": 34.87
        },
        "20074": {
            "year_quarter": 20074,
            "year": 2007,
            "quarter": 4,
            "eps": 0.97,
            "eps_growth_year": 203.12,
            "eps_4q": 3.45,
            "eps_4q_growth_year": 53.17,
            "roe": 5.25,
            "roe_4q": 21.73,
            "gross_profit": 197035,
            "gross_margin": 18.19,
            "gross_margin_4q_avg": 17.26,
            "net_income": 156721,
            "net_income_4q": null,
            "revenue": 1082951,
            "revenue_4q": null,
            "common_shares": 1680000,
            "book_valuer_per_share": 17.92,
            "book_valuer_per_share_4q_avg": 16.85,
            "equity": 3010834,
            "current_ratio": 286.86,
            "debt_ratio": 24.56,
            "inventory_turnover_ratio": 1.81,
            "account_receivable_turnover_ratio": null,
            "reinvestment_rate": 36.13,
            "research_to_sale_ratio": null,
            "price_fair": 104.95,
            "eps_avg_yearly": 3.07,
            "eps_latest_yearly": 3.88,
            "eps_growth_yearly": 24.24
        },
        "20081": {
            "year_quarter": 20081,
            "year": 2008,
            "quarter": 1,
            "eps": 0.24,
            "eps_growth_year": -59.32,
            "eps_4q": 3.05,
            "eps_4q_growth_year": 33.81,
            "roe": 1.33,
            "roe_4q": 19.26,
            "gross_profit": 175330,
            "gross_margin": 18.41,
            "gross_margin_4q_avg": 17.4,
            "net_income": 40271,
            "net_income_4q": null,
            "revenue": 952427,
            "revenue_4q": null,
            "common_shares": 1680000,
            "book_valuer_per_share": 18.13,
            "book_valuer_per_share_4q_avg": 17.43,
            "equity": 3045058,
            "current_ratio": 273.37,
            "debt_ratio": 25.55,
            "inventory_turnover_ratio": 1.37,
            "account_receivable_turnover_ratio": null,
            "reinvestment_rate": 71.35,
            "research_to_sale_ratio": null,
            "price_fair": 50.79,
            "eps_avg_yearly": 2.79,
            "eps_latest_yearly": 0.96,
            "eps_growth_yearly": 8.22
        },
        "20082": {
            "year_quarter": 20082,
            "year": 2008,
            "quarter": 2,
            "eps": 0.45,
            "eps_growth_year": -49.44,
            "eps_4q": 2.49,
            "eps_4q_growth_year": 1.06,
            "roe": 2.78,
            "roe_4q": 15.989999999999998,
            "gross_profit": 180924,
            "gross_margin": 18.49,
            "gross_margin_4q_avg": 17.9,
            "net_income": 82015,
            "net_income_4q": null,
            "revenue": 978719,
            "revenue_4q": null,
            "common_shares": 1680000,
            "book_valuer_per_share": 16.31,
            "book_valuer_per_share_4q_avg": 17.49,
            "equity": 2862970,
            "current_ratio": 170.85,
            "debt_ratio": 38.43,
            "inventory_turnover_ratio": 1.19,
            "account_receivable_turnover_ratio": null,
            "reinvestment_rate": 86.1,
            "research_to_sale_ratio": null,
            "price_fair": 93.01,
            "eps_avg_yearly": 2.66,
            "eps_latest_yearly": 1.8,
            "eps_growth_yearly": 37.13
        },
        "20083": {
            "year_quarter": 20083,
            "year": 2008,
            "quarter": 3,
            "eps": 0.71,
            "eps_growth_year": -36.04,
            "eps_4q": 2.24,
            "eps_4q_growth_year": -20.91,
            "roe": 4.44,
            "roe_4q": 13.8,
            "gross_profit": 180507,
            "gross_margin": 17.4,
            "gross_margin_4q_avg": 18.12,
            "net_income": 129681,
            "net_income_4q": null,
            "revenue": 1037520,
            "revenue_4q": null,
            "common_shares": 1834400,
            "book_valuer_per_share": 15.54,
            "book_valuer_per_share_4q_avg": 16.98,
            "equity": 2979465,
            "current_ratio": 181.05,
            "debt_ratio": 37.92,
            "inventory_turnover_ratio": 1.21,
            "account_receivable_turnover_ratio": null,
            "reinvestment_rate": 79.21,
            "research_to_sale_ratio": null,
            "price_fair": 91.53,
            "eps_avg_yearly": 2.62,
            "eps_latest_yearly": 2.84,
            "eps_growth_yearly": 53.9
        },
        "20084": {
            "year_quarter": 20084,
            "year": 2008,
            "quarter": 4,
            "eps": 0.21,
            "eps_growth_year": -78.35,
            "eps_4q": 1.56,
            "eps_4q_growth_year": -54.74,
            "roe": 1.31,
            "roe_4q": 9.86,
            "gross_profit": 110885,
            "gross_margin": 14.31,
            "gross_margin_4q_avg": 17.15,
            "net_income": 39080,
            "net_income_4q": null,
            "revenue": 774946,
            "revenue_4q": null,
            "common_shares": 1834400,
            "book_valuer_per_share": 15.66,
            "book_valuer_per_share_4q_avg": 16.41,
            "equity": 3004334,
            "current_ratio": 196.84,
            "debt_ratio": 35.62,
            "inventory_turnover_ratio": 1.02,
            "account_receivable_turnover_ratio": 1.03,
            "reinvestment_rate": 39.5,
            "research_to_sale_ratio": null,
            "price_fair": 89.43,
            "eps_avg_yearly": 2.56,
            "eps_latest_yearly": 0.84,
            "eps_growth_yearly": 48.51
        },
        "20091": {
            "year_quarter": 20091,
            "year": 2009,
            "quarter": 1,
            "eps": -0.12,
            "eps_growth_year": -150,
            "eps_4q": 1.24,
            "eps_4q_growth_year": -59.26,
            "roe": -0.73,
            "roe_4q": 7.800000000000001,
            "gross_profit": 38650,
            "gross_margin": 5.4,
            "gross_margin_4q_avg": 13.9,
            "net_income": -21913,
            "net_income_4q": null,
            "revenue": 715547,
            "revenue_4q": null,
            "common_shares": 1834400,
            "book_valuer_per_share": 15.77,
            "book_valuer_per_share_4q_avg": 15.82,
            "equity": 3029642,
            "current_ratio": 192.37,
            "debt_ratio": 34.97,
            "inventory_turnover_ratio": 1.22,
            "account_receivable_turnover_ratio": 0.52,
            "reinvestment_rate": 73.81,
            "research_to_sale_ratio": null,
            "price_fair": 92.21,
            "eps_avg_yearly": 2.63,
            "eps_latest_yearly": 0.84,
            "eps_growth_yearly": 58.26
        },
        "20092": {
            "year_quarter": 20092,
            "year": 2009,
            "quarter": 2,
            "eps": -0.22,
            "eps_growth_year": -148.89,
            "eps_4q": 0.57,
            "eps_4q_growth_year": -77.29,
            "roe": -1.44,
            "roe_4q": 3.5800000000000005,
            "gross_profit": 114497,
            "gross_margin": 11.75,
            "gross_margin_4q_avg": 12.22,
            "net_income": -42384,
            "net_income_4q": null,
            "revenue": 974742,
            "revenue_4q": null,
            "common_shares": 1834400,
            "book_valuer_per_share": 14.78,
            "book_valuer_per_share_4q_avg": 15.44,
            "equity": 2844134,
            "current_ratio": 172.68,
            "debt_ratio": 40.36,
            "inventory_turnover_ratio": 1.7,
            "account_receivable_turnover_ratio": 0.7,
            "reinvestment_rate": 85.05,
            "research_to_sale_ratio": null,
            "price_fair": 92.7,
            "eps_avg_yearly": 2.65,
            "eps_latest_yearly": 0.84,
            "eps_growth_yearly": 39.73
        },
        "20093": {
            "year_quarter": 20093,
            "year": 2009,
            "quarter": 3,
            "eps": 0.68,
            "eps_growth_year": -4.23,
            "eps_4q": 0.54,
            "eps_4q_growth_year": -75.69,
            "roe": 4.6,
            "roe_4q": 3.7399999999999998,
            "gross_profit": 291612,
            "gross_margin": 22.6,
            "gross_margin_4q_avg": 13.52,
            "net_income": 133997,
            "net_income_4q": null,
            "revenue": 1290194,
            "revenue_4q": null,
            "common_shares": 1946824,
            "book_valuer_per_share": 14.66,
            "book_valuer_per_share_4q_avg": 15.22,
            "equity": 2984993,
            "current_ratio": 184.13,
            "debt_ratio": 38.48,
            "inventory_turnover_ratio": 1.92,
            "account_receivable_turnover_ratio": 0.78,
            "reinvestment_rate": 80.16,
            "research_to_sale_ratio": null,
            "price_fair": 87.05,
            "eps_avg_yearly": 2.55,
            "eps_latest_yearly": 0.84,
            "eps_growth_yearly": 24.13
        },
        "20094": {
            "year_quarter": 20094,
            "year": 2009,
            "quarter": 4,
            "eps": 0.89,
            "eps_growth_year": 323.81,
            "eps_4q": 1.24,
            "eps_4q_growth_year": -20.52,
            "roe": 5.52,
            "roe_4q": 7.949999999999999,
            "gross_profit": 278587,
            "gross_margin": 20.77,
            "gross_margin_4q_avg": 15.13,
            "net_income": 170588,
            "net_income_4q": null,
            "revenue": 1341203,
            "revenue_4q": null,
            "common_shares": 1946824,
            "book_valuer_per_share": 15.77,
            "book_valuer_per_share_4q_avg": 15.25,
            "equity": 3198975,
            "current_ratio": 192.32,
            "debt_ratio": 37.03,
            "inventory_turnover_ratio": 2.21,
            "account_receivable_turnover_ratio": 1.43,
            "reinvestment_rate": 73.06,
            "research_to_sale_ratio": null,
            "price_fair": 90.14,
            "eps_avg_yearly": 2.58,
            "eps_latest_yearly": 3.56,
            "eps_growth_yearly": 38.97
        },
        "20101": {
            "year_quarter": 20101,
            "year": 2010,
            "quarter": 1,
            "eps": 0.18,
            "eps_growth_year": null,
            "eps_4q": 1.54,
            "eps_4q_growth_year": 23.49,
            "roe": 1.02,
            "roe_4q": 9.7,
            "gross_profit": 163498,
            "gross_margin": 15.94,
            "gross_margin_4q_avg": 17.77,
            "net_income": 33003,
            "net_income_4q": null,
            "revenue": 1025934,
            "revenue_4q": null,
            "common_shares": 1946824,
            "book_valuer_per_share": 16,
            "book_valuer_per_share_4q_avg": 15.3,
            "equity": 3240571,
            "current_ratio": 407.91,
            "debt_ratio": 49.52,
            "inventory_turnover_ratio": 1.92,
            "account_receivable_turnover_ratio": 0.58,
            "reinvestment_rate": 115.82,
            "research_to_sale_ratio": 0.7,
            "price_fair": 77.19,
            "eps_avg_yearly": 2.44,
            "eps_latest_yearly": 0.72,
            "eps_growth_yearly": 21.64
        },
        "20102": {
            "year_quarter": 20102,
            "year": 2010,
            "quarter": 2,
            "eps": 0.84,
            "eps_growth_year": null,
            "eps_4q": 2.58,
            "eps_4q_growth_year": 355.92,
            "roe": 5.03,
            "roe_4q": 16.17,
            "gross_profit": 310066,
            "gross_margin": 20.52,
            "gross_margin_4q_avg": 19.96,
            "net_income": 163561,
            "net_income_4q": null,
            "revenue": 1511002,
            "revenue_4q": null,
            "common_shares": 1946824,
            "book_valuer_per_share": 16.13,
            "book_valuer_per_share_4q_avg": 15.64,
            "equity": 3262708,
            "current_ratio": 365.23,
            "debt_ratio": 50.28,
            "inventory_turnover_ratio": 2.42,
            "account_receivable_turnover_ratio": 0.79,
            "reinvestment_rate": 103.9,
            "research_to_sale_ratio": 0.44,
            "price_fair": 88.31,
            "eps_avg_yearly": 2.52,
            "eps_latest_yearly": 3.36,
            "eps_growth_yearly": 136.94
        },
        "20103": {
            "year_quarter": 20103,
            "year": 2010,
            "quarter": 3,
            "eps": 0.73,
            "eps_growth_year": 6.88,
            "eps_4q": 2.63,
            "eps_4q_growth_year": 384.11,
            "roe": 4.2,
            "roe_4q": 15.77,
            "gross_profit": 321860,
            "gross_margin": 22.85,
            "gross_margin_4q_avg": 20.02,
            "net_income": 139201,
            "net_income_4q": null,
            "revenue": 1408469,
            "revenue_4q": null,
            "common_shares": 1966742,
            "book_valuer_per_share": 16.55,
            "book_valuer_per_share_4q_avg": 16.11,
            "equity": 3373673,
            "current_ratio": 413.99,
            "debt_ratio": 48.34,
            "inventory_turnover_ratio": 1.89,
            "account_receivable_turnover_ratio": 0.67,
            "reinvestment_rate": 98.11,
            "research_to_sale_ratio": 0.57,
            "price_fair": 87.55,
            "eps_avg_yearly": 2.5,
            "eps_latest_yearly": 2.92,
            "eps_growth_yearly": 120.49
        },
        "20104": {
            "year_quarter": 20104,
            "year": 2010,
            "quarter": 4,
            "eps": -0.1,
            "eps_growth_year": -111.18,
            "eps_4q": 1.65,
            "eps_4q_growth_year": 33.03,
            "roe": -0.83,
            "roe_4q": 9.42,
            "gross_profit": 184063,
            "gross_margin": 14.82,
            "gross_margin_4q_avg": 18.53,
            "net_income": -27830,
            "net_income_4q": null,
            "revenue": 1242093,
            "revenue_4q": null,
            "common_shares": 1966742,
            "book_valuer_per_share": 16.33,
            "book_valuer_per_share_4q_avg": 16.25,
            "equity": 3331216,
            "current_ratio": 541.1,
            "debt_ratio": 45.77,
            "inventory_turnover_ratio": 2,
            "account_receivable_turnover_ratio": 0.66,
            "reinvestment_rate": 65.35,
            "research_to_sale_ratio": 0.52,
            "price_fair": 91.12,
            "eps_avg_yearly": 2.6,
            "eps_latest_yearly": 2.92,
            "eps_growth_yearly": 150.53
        },
        "20111": {
            "year_quarter": 20111,
            "year": 2011,
            "quarter": 1,
            "eps": 0.22,
            "eps_growth_year": 22.22,
            "eps_4q": 1.69,
            "eps_4q_growth_year": 10.14,
            "roe": 1,
            "roe_4q": 9.4,
            "gross_profit": 160679,
            "gross_margin": 14.95,
            "gross_margin_4q_avg": 18.29,
            "net_income": 34411,
            "net_income_4q": null,
            "revenue": 1074452,
            "revenue_4q": null,
            "common_shares": 1966742,
            "book_valuer_per_share": 16.38,
            "book_valuer_per_share_4q_avg": 16.35,
            "equity": 3550263,
            "current_ratio": 468.14,
            "debt_ratio": 46.75,
            "inventory_turnover_ratio": 1.69,
            "account_receivable_turnover_ratio": 0.62,
            "reinvestment_rate": 127.71,
            "research_to_sale_ratio": 0.85,
            "price_fair": 91.89,
            "eps_avg_yearly": 2.63,
            "eps_latest_yearly": 2.92,
            "eps_growth_yearly": 133.54
        },
        "20112": {
            "year_quarter": 20112,
            "year": 2011,
            "quarter": 2,
            "eps": 0.07,
            "eps_growth_year": -91.48,
            "eps_4q": 0.92,
            "eps_4q_growth_year": -64.36,
            "roe": 0.01,
            "roe_4q": 4.38,
            "gross_profit": 144609,
            "gross_margin": 12.19,
            "gross_margin_4q_avg": 16.2,
            "net_income": 387,
            "net_income_4q": null,
            "revenue": 1185840,
            "revenue_4q": null,
            "common_shares": 1966742,
            "book_valuer_per_share": 15.21,
            "book_valuer_per_share_4q_avg": 16.12,
            "equity": 3299777,
            "current_ratio": 434.13,
            "debt_ratio": 49.2,
            "inventory_turnover_ratio": 1.67,
            "account_receivable_turnover_ratio": 0.67,
            "reinvestment_rate": 129.69,
            "research_to_sale_ratio": 1.01,
            "price_fair": 81.45,
            "eps_avg_yearly": 2.33,
            "eps_latest_yearly": 0.28,
            "eps_growth_yearly": 90.25
        },
        "20113": {
            "year_quarter": 20113,
            "year": 2011,
            "quarter": 3,
            "eps": 0.66,
            "eps_growth_year": -9,
            "eps_4q": 0.85,
            "eps_4q_growth_year": -67.55,
            "roe": 3.52,
            "roe_4q": 3.6999999999999993,
            "gross_profit": 186798,
            "gross_margin": 17.02,
            "gross_margin_4q_avg": 14.75,
            "net_income": 119151,
            "net_income_4q": null,
            "revenue": 1097481,
            "revenue_4q": null,
            "common_shares": 1966742,
            "book_valuer_per_share": 16.01,
            "book_valuer_per_share_4q_avg": 15.98,
            "equity": 3465786,
            "current_ratio": 531.79,
            "debt_ratio": 46.11,
            "inventory_turnover_ratio": 1.49,
            "account_receivable_turnover_ratio": 0.61,
            "reinvestment_rate": 130.53,
            "research_to_sale_ratio": 1.06,
            "price_fair": 75.73,
            "eps_avg_yearly": 2.16,
            "eps_latest_yearly": 2.64,
            "eps_growth_yearly": 387.76
        },
        "20114": {
            "year_quarter": 20114,
            "year": 2011,
            "quarter": 4,
            "eps": -0.05,
            "eps_growth_year": null,
            "eps_4q": 0.9,
            "eps_4q_growth_year": -45.32,
            "roe": -0.79,
            "roe_4q": 3.7399999999999998,
            "gross_profit": 118971,
            "gross_margin": 12.18,
            "gross_margin_4q_avg": 14.09,
            "net_income": -27478,
            "net_income_4q": null,
            "revenue": 976538,
            "revenue_4q": null,
            "common_shares": 1966742,
            "book_valuer_per_share": 16.08,
            "book_valuer_per_share_4q_avg": 15.92,
            "equity": 3459156,
            "current_ratio": 668.53,
            "debt_ratio": 43.99,
            "inventory_turnover_ratio": 1.46,
            "account_receivable_turnover_ratio": 0.56,
            "reinvestment_rate": 51.07,
            "research_to_sale_ratio": 0.96,
            "price_fair": 69.72,
            "eps_avg_yearly": 1.99,
            "eps_latest_yearly": 2.64,
            "eps_growth_yearly": 431.58
        },
        "20121": {
            "year_quarter": 20121,
            "year": 2012,
            "quarter": 1,
            "eps": -0.28,
            "eps_growth_year": -227.27,
            "eps_4q": 0.41,
            "eps_4q_growth_year": -75.97,
            "roe": -1.85,
            "roe_4q": 0.8899999999999999,
            "gross_profit": 75426,
            "gross_margin": 9,
            "gross_margin_4q_avg": 12.6,
            "net_income": -63172,
            "net_income_4q": null,
            "revenue": 838424,
            "revenue_4q": null,
            "common_shares": 1966742,
            "book_valuer_per_share": 15.8,
            "book_valuer_per_share_4q_avg": 15.78,
            "equity": 3387255,
            "current_ratio": 686.94,
            "debt_ratio": 44.38,
            "inventory_turnover_ratio": 1.46,
            "account_receivable_turnover_ratio": 0.57,
            "reinvestment_rate": 44.75,
            "research_to_sale_ratio": 0.87,
            "price_fair": 73.73,
            "eps_avg_yearly": 2.11,
            "eps_latest_yearly": 2.64,
            "eps_growth_yearly": 512.98
        },
        "20122": {
            "year_quarter": 20122,
            "year": 2012,
            "quarter": 2,
            "eps": -0.53,
            "eps_growth_year": -840.52,
            "eps_4q": -0.2,
            "eps_4q_growth_year": -121.55,
            "roe": -3.81,
            "roe_4q": -2.93,
            "gross_profit": 29878,
            "gross_margin": 3.44,
            "gross_margin_4q_avg": 10.41,
            "net_income": -123360,
            "net_income_4q": null,
            "revenue": 869396,
            "revenue_4q": null,
            "common_shares": 1966742,
            "book_valuer_per_share": 14.31,
            "book_valuer_per_share_4q_avg": 15.55,
            "equity": 3080877,
            "current_ratio": 162.92,
            "debt_ratio": 48.55,
            "inventory_turnover_ratio": 1.8,
            "account_receivable_turnover_ratio": 0.7,
            "reinvestment_rate": 22.94,
            "research_to_sale_ratio": 0.83,
            "price_fair": 75.08,
            "eps_avg_yearly": 2.15,
            "eps_latest_yearly": 2.64,
            "eps_growth_yearly": 533.35
        },
        "20123": {
            "year_quarter": 20123,
            "year": 2012,
            "quarter": 3,
            "eps": -0.6,
            "eps_growth_year": -190.5,
            "eps_4q": -1.46,
            "eps_4q_growth_year": -270.75,
            "roe": -4.14,
            "roe_4q": -10.59,
            "gross_profit": 77772,
            "gross_margin": 9.27,
            "gross_margin_4q_avg": 8.47,
            "net_income": -124276,
            "net_income_4q": null,
            "revenue": 839053,
            "revenue_4q": null,
            "common_shares": 1966742,
            "book_valuer_per_share": 13.58,
            "book_valuer_per_share_4q_avg": 14.94,
            "equity": 2925097,
            "current_ratio": 166.26,
            "debt_ratio": 47.57,
            "inventory_turnover_ratio": 1.8,
            "account_receivable_turnover_ratio": 0.75,
            "reinvestment_rate": 31.42,
            "research_to_sale_ratio": 0.79,
            "price_fair": 71.6,
            "eps_avg_yearly": 2.05,
            "eps_latest_yearly": 2.64,
            "eps_growth_yearly": 576.53
        },
        "20124": {
            "year_quarter": 20124,
            "year": 2012,
            "quarter": 4,
            "eps": -0.4,
            "eps_growth_year": null,
            "eps_4q": -1.81,
            "eps_4q_growth_year": -300.59,
            "roe": -3.67,
            "roe_4q": -13.469999999999999,
            "gross_profit": 50044,
            "gross_margin": 6.41,
            "gross_margin_4q_avg": 7.03,
            "net_income": -105518,
            "net_income_4q": null,
            "revenue": 780638,
            "revenue_4q": null,
            "common_shares": 1966742,
            "book_valuer_per_share": 13.18,
            "book_valuer_per_share_4q_avg": 14.22,
            "equity": 2817495,
            "current_ratio": 163.03,
            "debt_ratio": 46.75,
            "inventory_turnover_ratio": 1.76,
            "account_receivable_turnover_ratio": 0.83,
            "reinvestment_rate": 40.87,
            "research_to_sale_ratio": 0.81,
            "price_fair": 78.63,
            "eps_avg_yearly": 2.25,
            "eps_latest_yearly": 2.64,
            "eps_growth_yearly": 719.57
        },
        "20131": {
            "year_quarter": 20131,
            "year": 2013,
            "quarter": 1,
            "eps": -0.06,
            "eps_growth_year": null,
            "eps_4q": -1.6,
            "eps_4q_growth_year": -493.15,
            "roe": -0.82,
            "roe_4q": -12.44,
            "gross_profit": 83211,
            "gross_margin": 13.47,
            "gross_margin_4q_avg": 8.15,
            "net_income": -23309,
            "net_income_4q": null,
            "revenue": 617846,
            "revenue_4q": null,
            "common_shares": 1966742,
            "book_valuer_per_share": 13.34,
            "book_valuer_per_share_4q_avg": 13.6,
            "equity": 2852240,
            "current_ratio": 164.43,
            "debt_ratio": 47.65,
            "inventory_turnover_ratio": 1.23,
            "account_receivable_turnover_ratio": 0.75,
            "reinvestment_rate": 47.65,
            "research_to_sale_ratio": 1.11,
            "price_fair": 78.63,
            "eps_avg_yearly": 2.25,
            "eps_latest_yearly": 2.64,
            "eps_growth_yearly": 719.57
        },
        "20132": {
            "year_quarter": 20132,
            "year": 2013,
            "quarter": 2,
            "eps": -0.07,
            "eps_growth_year": null,
            "eps_4q": -1.13,
            "eps_4q_growth_year": null,
            "roe": -0.94,
            "roe_4q": -9.57,
            "gross_profit": 70740,
            "gross_margin": 9.25,
            "gross_margin_4q_avg": 9.6,
            "net_income": -26746,
            "net_income_4q": null,
            "revenue": 764539,
            "revenue_4q": null,
            "common_shares": 1966742,
            "book_valuer_per_share": 13.37,
            "book_valuer_per_share_4q_avg": 13.37,
            "equity": 2843664,
            "current_ratio": 372.09,
            "debt_ratio": 20.07,
            "inventory_turnover_ratio": 1.58,
            "account_receivable_turnover_ratio": 0.87,
            "reinvestment_rate": 26.48,
            "research_to_sale_ratio": 0.9,
            "price_fair": 78.63,
            "eps_avg_yearly": 2.25,
            "eps_latest_yearly": 2.64,
            "eps_growth_yearly": 719.57
        },
        "20133": {
            "year_quarter": 20133,
            "year": 2013,
            "quarter": 3,
            "eps": 0.14,
            "eps_growth_year": null,
            "eps_4q": -0.4,
            "eps_4q_growth_year": null,
            "roe": 0.42,
            "roe_4q": -5.01,
            "gross_profit": 103798,
            "gross_margin": 14.82,
            "gross_margin_4q_avg": 10.99,
            "net_income": 11988,
            "net_income_4q": null,
            "revenue": 700154,
            "revenue_4q": null,
            "common_shares": 1966742,
            "book_valuer_per_share": 13.45,
            "book_valuer_per_share_4q_avg": 13.34,
            "equity": 2832995,
            "current_ratio": 323.33,
            "debt_ratio": 23.14,
            "inventory_turnover_ratio": 1.53,
            "account_receivable_turnover_ratio": 0.71,
            "reinvestment_rate": 33.14,
            "research_to_sale_ratio": 0.78,
            "price_fair": 78.63,
            "eps_avg_yearly": 2.25,
            "eps_latest_yearly": 2.64,
            "eps_growth_yearly": 719.57
        },
        "20134": {
            "year_quarter": 20134,
            "year": 2013,
            "quarter": 4,
            "eps": 0.16,
            "eps_growth_year": null,
            "eps_4q": 0.16,
            "eps_4q_growth_year": null,
            "roe": 0.67,
            "roe_4q": -0.6699999999999998,
            "gross_profit": 110357,
            "gross_margin": 16.24,
            "gross_margin_4q_avg": 13.45,
            "net_income": 19477,
            "net_income_4q": null,
            "revenue": 679626,
            "revenue_4q": null,
            "common_shares": 1966742,
            "book_valuer_per_share": 13.67,
            "book_valuer_per_share_4q_avg": 13.46,
            "equity": 2957472,
            "current_ratio": 349.41,
            "debt_ratio": 21.28,
            "inventory_turnover_ratio": 1.57,
            "account_receivable_turnover_ratio": 0.66,
            "reinvestment_rate": -227.62,
            "research_to_sale_ratio": 0.82,
            "price_fair": 61.6,
            "eps_avg_yearly": 1.76,
            "eps_latest_yearly": 0.64,
            "eps_growth_yearly": 708.5
        },
        "20141": {
            "year_quarter": 20141,
            "year": 2014,
            "quarter": 1,
            "eps": 0.06,
            "eps_growth_year": null,
            "eps_4q": 0.29,
            "eps_4q_growth_year": null,
            "roe": -0.12,
            "roe_4q": 0.030000000000000027,
            "gross_profit": 90415,
            "gross_margin": 16.1,
            "gross_margin_4q_avg": 14.1,
            "net_income": -3457,
            "net_income_4q": null,
            "revenue": 561627,
            "revenue_4q": null,
            "common_shares": 1966742,
            "book_valuer_per_share": 13.84,
            "book_valuer_per_share_4q_avg": 13.58,
            "equity": 2974608,
            "current_ratio": 360.41,
            "debt_ratio": 21.29,
            "inventory_turnover_ratio": 1.31,
            "account_receivable_turnover_ratio": 0.59,
            "reinvestment_rate": -284.71,
            "research_to_sale_ratio": 1.03,
            "price_fair": 58.8,
            "eps_avg_yearly": 1.68,
            "eps_latest_yearly": 0.24,
            "eps_growth_yearly": 720.02
        },
        "20142": {
            "year_quarter": 20142,
            "year": 2014,
            "quarter": 2,
            "eps": 0.06,
            "eps_growth_year": null,
            "eps_4q": 0.41,
            "eps_4q_growth_year": null,
            "roe": -0.24,
            "roe_4q": 0.73,
            "gross_profit": 101745,
            "gross_margin": 14.95,
            "gross_margin_4q_avg": 15.53,
            "net_income": -7026,
            "net_income_4q": null,
            "revenue": 680456,
            "revenue_4q": null,
            "common_shares": 1966742,
            "book_valuer_per_share": 13.52,
            "book_valuer_per_share_4q_avg": 13.62,
            "equity": 2892127,
            "current_ratio": 339.92,
            "debt_ratio": 22.79,
            "inventory_turnover_ratio": 1.72,
            "account_receivable_turnover_ratio": 0.76,
            "reinvestment_rate": -176029.88,
            "research_to_sale_ratio": 1.02,
            "price_fair": 40.6,
            "eps_avg_yearly": 1.16,
            "eps_latest_yearly": 0.24,
            "eps_growth_yearly": 475.58
        },
        "20143": {
            "year_quarter": 20143,
            "year": 2014,
            "quarter": 3,
            "eps": 0.22,
            "eps_growth_year": 57.14,
            "eps_4q": 0.5,
            "eps_4q_growth_year": null,
            "roe": 0.8,
            "roe_4q": 1.11,
            "gross_profit": 110236,
            "gross_margin": 15.85,
            "gross_margin_4q_avg": 15.79,
            "net_income": 23191,
            "net_income_4q": null,
            "revenue": 695506,
            "revenue_4q": null,
            "common_shares": 1966742,
            "book_valuer_per_share": 13.76,
            "book_valuer_per_share_4q_avg": 13.7,
            "equity": 2921911,
            "current_ratio": 278.24,
            "debt_ratio": 24.2,
            "inventory_turnover_ratio": 1.89,
            "account_receivable_turnover_ratio": 0.77,
            "reinvestment_rate": null,
            "research_to_sale_ratio": 0.89,
            "price_fair": 28.7,
            "eps_avg_yearly": 0.82,
            "eps_latest_yearly": 0.88,
            "eps_growth_yearly": 662.09
        },
        "20144": {
            "year_quarter": 20144,
            "year": 2014,
            "quarter": 4,
            "eps": 0.12,
            "eps_growth_year": -23.5,
            "eps_4q": 0.46,
            "eps_4q_growth_year": 179.34,
            "roe": 0.11,
            "roe_4q": 0.55,
            "gross_profit": 65090,
            "gross_margin": 12.68,
            "gross_margin_4q_avg": 14.9,
            "net_income": 3251,
            "net_income_4q": null,
            "revenue": 513420,
            "revenue_4q": null,
            "common_shares": 1966742,
            "book_valuer_per_share": 13.92,
            "book_valuer_per_share_4q_avg": 13.76,
            "equity": 3036843,
            "current_ratio": 326.64,
            "debt_ratio": 21.7,
            "inventory_turnover_ratio": 1.57,
            "account_receivable_turnover_ratio": 0.58,
            "reinvestment_rate": null,
            "research_to_sale_ratio": 1.71,
            "price_fair": 27,
            "eps_avg_yearly": 0.77,
            "eps_latest_yearly": 0.48,
            "eps_growth_yearly": 541.53
        },
        "20151": {
            "year_quarter": 20151,
            "year": 2015,
            "quarter": 1,
            "eps": 0.11,
            "eps_growth_year": 83.33,
            "eps_4q": 0.51,
            "eps_4q_growth_year": 76.72,
            "roe": 0.21,
            "roe_4q": 0.8800000000000001,
            "gross_profit": 89844,
            "gross_margin": 17.89,
            "gross_margin_4q_avg": 15.34,
            "net_income": 6510,
            "net_income_4q": null,
            "revenue": 502152,
            "revenue_4q": null,
            "common_shares": 1966742,
            "book_valuer_per_share": 14.15,
            "book_valuer_per_share_4q_avg": 13.84,
            "equity": 3064805,
            "current_ratio": 320.62,
            "debt_ratio": 22.15,
            "inventory_turnover_ratio": 1.31,
            "account_receivable_turnover_ratio": 0.6,
            "reinvestment_rate": null,
            "research_to_sale_ratio": 1.36,
            "price_fair": 25.55,
            "eps_avg_yearly": 0.73,
            "eps_latest_yearly": 0.44,
            "eps_growth_yearly": 469.67
        },
        "20152": {
            "year_quarter": 20152,
            "year": 2015,
            "quarter": 2,
            "eps": -0.11,
            "eps_growth_year": -283.33,
            "eps_4q": 0.34,
            "eps_4q_growth_year": -17.48,
            "roe": -1.33,
            "roe_4q": -0.20999999999999996,
            "gross_profit": 57314,
            "gross_margin": 11.26,
            "gross_margin_4q_avg": 14.42,
            "net_income": -39874,
            "net_income_4q": null,
            "revenue": 509088,
            "revenue_4q": null,
            "common_shares": 1966742,
            "book_valuer_per_share": 13.56,
            "book_valuer_per_share_4q_avg": 13.85,
            "equity": 2923453,
            "current_ratio": 297.58,
            "debt_ratio": 23.43,
            "inventory_turnover_ratio": 1.3,
            "account_receivable_turnover_ratio": 0.63,
            "reinvestment_rate": null,
            "research_to_sale_ratio": 1.45,
            "price_fair": 27.8,
            "eps_avg_yearly": 0.79,
            "eps_latest_yearly": 0.44,
            "eps_growth_yearly": 575.73
        },
        "20153": {
            "year_quarter": 20153,
            "year": 2015,
            "quarter": 3,
            "eps": 0.26,
            "eps_growth_year": 18.18,
            "eps_4q": 0.38,
            "eps_4q_growth_year": -23.97,
            "roe": 1.55,
            "roe_4q": 0.5399999999999999,
            "gross_profit": 54779,
            "gross_margin": 12.02,
            "gross_margin_4q_avg": 13.46,
            "net_income": 45630,
            "net_income_4q": null,
            "revenue": 455775,
            "revenue_4q": null,
            "common_shares": 1966742,
            "book_valuer_per_share": 13.68,
            "book_valuer_per_share_4q_avg": 13.83,
            "equity": 2948292,
            "current_ratio": 312.96,
            "debt_ratio": 23.73,
            "inventory_turnover_ratio": 1.18,
            "account_receivable_turnover_ratio": 0.57,
            "reinvestment_rate": null,
            "research_to_sale_ratio": 1.78,
            "price_fair": 17.03,
            "eps_avg_yearly": 0.49,
            "eps_latest_yearly": 0.44,
            "eps_growth_yearly": 109.78
        },
        "20154": {
            "year_quarter": 20154,
            "year": 2015,
            "quarter": 4,
            "eps": -0.33,
            "eps_growth_year": -369.78,
            "eps_4q": -0.07,
            "eps_4q_growth_year": -115.92,
            "roe": -2.89,
            "roe_4q": -2.46,
            "gross_profit": 54918,
            "gross_margin": 10.9,
            "gross_margin_4q_avg": 13.02,
            "net_income": -84387,
            "net_income_4q": null,
            "revenue": 503930,
            "revenue_4q": null,
            "common_shares": 1966742,
            "book_valuer_per_share": 13.47,
            "book_valuer_per_share_4q_avg": 13.72,
            "equity": 2885648,
            "current_ratio": 301.07,
            "debt_ratio": 23.5,
            "inventory_turnover_ratio": 1.38,
            "account_receivable_turnover_ratio": 0.67,
            "reinvestment_rate": null,
            "research_to_sale_ratio": 1.24,
            "price_fair": 17.03,
            "eps_avg_yearly": 0.49,
            "eps_latest_yearly": 0.44,
            "eps_growth_yearly": 109.78
        },
        "20161": {
            "year_quarter": 20161,
            "year": 2016,
            "quarter": 1,
            "eps": 0.05,
            "eps_growth_year": -54.55,
            "eps_4q": -0.13,
            "eps_4q_growth_year": -126.14,
            "roe": 0.17,
            "roe_4q": -2.5,
            "gross_profit": 111700,
            "gross_margin": 23.69,
            "gross_margin_4q_avg": 14.47,
            "net_income": 4904,
            "net_income_4q": null,
            "revenue": 471592,
            "revenue_4q": null,
            "common_shares": 1966742,
            "book_valuer_per_share": 13.66,
            "book_valuer_per_share_4q_avg": 13.59,
            "equity": 2917199,
            "current_ratio": 292.55,
            "debt_ratio": 22.26,
            "inventory_turnover_ratio": 1.15,
            "account_receivable_turnover_ratio": 0.67,
            "reinvestment_rate": null,
            "research_to_sale_ratio": 1.46,
            "price_fair": 17.03,
            "eps_avg_yearly": 0.49,
            "eps_latest_yearly": 0.44,
            "eps_growth_yearly": 109.78
        },
        "20162": {
            "year_quarter": 20162,
            "year": 2016,
            "quarter": 2,
            "eps": 0.38,
            "eps_growth_year": null,
            "eps_4q": 0.36,
            "eps_4q_growth_year": 5.29,
            "roe": 2.3,
            "roe_4q": 1.1299999999999997,
            "gross_profit": 63153,
            "gross_margin": 10.76,
            "gross_margin_4q_avg": 14.34,
            "net_income": 67727,
            "net_income_4q": null,
            "revenue": 586849,
            "revenue_4q": null,
            "common_shares": 1966742,
            "book_valuer_per_share": 13.99,
            "book_valuer_per_share_4q_avg": 13.7,
            "equity": 2971615,
            "current_ratio": 305.73,
            "debt_ratio": 22.19,
            "inventory_turnover_ratio": 1.64,
            "account_receivable_turnover_ratio": 0.84,
            "reinvestment_rate": null,
            "research_to_sale_ratio": 1.05,
            "price_fair": 22.2,
            "eps_avg_yearly": 0.63,
            "eps_latest_yearly": 1.52,
            "eps_growth_yearly": 471.24
        },
        "20163": {
            "year_quarter": 20163,
            "year": 2016,
            "quarter": 3,
            "eps": 0.24,
            "eps_growth_year": -7.69,
            "eps_4q": 0.34,
            "eps_4q_growth_year": -9.98,
            "roe": 1.37,
            "roe_4q": 0.9499999999999997,
            "gross_profit": 127815,
            "gross_margin": 21.51,
            "gross_margin_4q_avg": 16.72,
            "net_income": 40936,
            "net_income_4q": null,
            "revenue": 594169,
            "revenue_4q": null,
            "common_shares": 1966742,
            "book_valuer_per_share": 14.14,
            "book_valuer_per_share_4q_avg": 13.82,
            "equity": 2989910,
            "current_ratio": 325.62,
            "debt_ratio": 21.28,
            "inventory_turnover_ratio": 1.45,
            "account_receivable_turnover_ratio": 0.88,
            "reinvestment_rate": 20.19,
            "research_to_sale_ratio": 0.96,
            "price_fair": 23.63,
            "eps_avg_yearly": 0.68,
            "eps_latest_yearly": 0.96,
            "eps_growth_yearly": 393.91
        },
        "20164": {
            "year_quarter": 20164,
            "year": 2016,
            "quarter": 4,
            "eps": 0.24,
            "eps_growth_year": null,
            "eps_4q": 0.94,
            "eps_4q_growth_year": null,
            "roe": 1.32,
            "roe_4q": 5.16,
            "gross_profit": 119792,
            "gross_margin": 23.23,
            "gross_margin_4q_avg": 19.8,
            "net_income": 39061,
            "net_income_4q": null,
            "revenue": 515614,
            "revenue_4q": null,
            "common_shares": 1966742,
            "book_valuer_per_share": 14.4,
            "book_valuer_per_share_4q_avg": 14.05,
            "equity": 2918654,
            "current_ratio": 319.07,
            "debt_ratio": 21.96,
            "inventory_turnover_ratio": 1.22,
            "account_receivable_turnover_ratio": 0.81,
            "reinvestment_rate": 10.3,
            "research_to_sale_ratio": 0.95,
            "price_fair": 24.73,
            "eps_avg_yearly": 0.71,
            "eps_latest_yearly": 0.96,
            "eps_growth_yearly": 350.14
        },
        "20171": {
            "year_quarter": 20171,
            "year": 2017,
            "quarter": 1,
            "eps": 0.15,
            "eps_growth_year": 200,
            "eps_4q": 1.04,
            "eps_4q_growth_year": null,
            "roe": 0.66,
            "roe_4q": 5.65,
            "gross_profit": 99722,
            "gross_margin": 21.81,
            "gross_margin_4q_avg": 19.33,
            "net_income": 19324,
            "net_income_4q": null,
            "revenue": 457172,
            "revenue_4q": null,
            "common_shares": 1866742,
            "book_valuer_per_share": 14.55,
            "book_valuer_per_share_4q_avg": 14.27,
            "equity": 2900040,
            "current_ratio": 338.1,
            "debt_ratio": 20.09,
            "inventory_turnover_ratio": 1.13,
            "account_receivable_turnover_ratio": 0.81,
            "reinvestment_rate": 28.6,
            "research_to_sale_ratio": 0.87,
            "price_fair": 24.36,
            "eps_avg_yearly": 0.7,
            "eps_latest_yearly": 0.6,
            "eps_growth_yearly": 300.13
        },
        "20172": {
            "year_quarter": 20172,
            "year": 2017,
            "quarter": 2,
            "eps": 0.31,
            "eps_growth_year": -18.42,
            "eps_4q": 0.95,
            "eps_4q_growth_year": 166.53,
            "roe": 1.87,
            "roe_4q": 5.220000000000001,
            "gross_profit": 130131,
            "gross_margin": 24.45,
            "gross_margin_4q_avg": 22.75,
            "net_income": 53421,
            "net_income_4q": null,
            "revenue": 532300,
            "revenue_4q": null,
            "common_shares": 1866742,
            "book_valuer_per_share": 14.04,
            "book_valuer_per_share_4q_avg": 14.28,
            "equity": 2802327,
            "current_ratio": 283.35,
            "debt_ratio": 24.06,
            "inventory_turnover_ratio": 1.3,
            "account_receivable_turnover_ratio": 0.97,
            "reinvestment_rate": 20.63,
            "research_to_sale_ratio": 0.76,
            "price_fair": 26.09,
            "eps_avg_yearly": 0.75,
            "eps_latest_yearly": 1.24,
            "eps_growth_yearly": 311.63
        },
        "20173": {
            "year_quarter": 20173,
            "year": 2017,
            "quarter": 3,
            "eps": 0.32,
            "eps_growth_year": 33.33,
            "eps_4q": 1.02,
            "eps_4q_growth_year": 200.45,
            "roe": 1.79,
            "roe_4q": 5.640000000000001,
            "gross_profit": 125124,
            "gross_margin": 24.35,
            "gross_margin_4q_avg": 23.46,
            "net_income": 50553,
            "net_income_4q": null,
            "revenue": 513783,
            "revenue_4q": null,
            "common_shares": 1866742,
            "book_valuer_per_share": 14.34,
            "book_valuer_per_share_4q_avg": 14.33,
            "equity": 2851254,
            "current_ratio": 330.96,
            "debt_ratio": 20.71,
            "inventory_turnover_ratio": 1.23,
            "account_receivable_turnover_ratio": 0.85,
            "reinvestment_rate": 37.45,
            "research_to_sale_ratio": 0.88,
            "price_fair": 27.65,
            "eps_avg_yearly": 0.79,
            "eps_latest_yearly": 1.28,
            "eps_growth_yearly": 286.74
        },
        "20174": {
            "year_quarter": 20174,
            "year": 2017,
            "quarter": 4,
            "eps": 0.34,
            "eps_growth_year": 43.77,
            "eps_4q": 1.12,
            "eps_4q_growth_year": 20.11,
            "roe": 2.14,
            "roe_4q": 6.460000000000001,
            "gross_profit": 115052,
            "gross_margin": 24.51,
            "gross_margin_4q_avg": 23.78,
            "net_income": 61253,
            "net_income_4q": null,
            "revenue": 469472,
            "revenue_4q": null,
            "common_shares": 1866742,
            "book_valuer_per_share": 14.57,
            "book_valuer_per_share_4q_avg": 14.38,
            "equity": 2862732,
            "current_ratio": 370.08,
            "debt_ratio": 18.49,
            "inventory_turnover_ratio": 1.09,
            "account_receivable_turnover_ratio": 0.79,
            "reinvestment_rate": 16.48,
            "research_to_sale_ratio": 0.8,
            "price_fair": 29.75,
            "eps_avg_yearly": 0.85,
            "eps_latest_yearly": 1.36,
            "eps_growth_yearly": 284.06
        },
        "20181": {
            "year_quarter": 20181,
            "year": 2018,
            "quarter": 1,
            "eps": 0.16,
            "eps_growth_year": 6.67,
            "eps_4q": 1.13,
            "eps_4q_growth_year": 9.03,
            "roe": 0.89,
            "roe_4q": 6.69,
            "gross_profit": 78954,
            "gross_margin": 19.61,
            "gross_margin_4q_avg": 23.23,
            "net_income": 25506,
            "net_income_4q": null,
            "revenue": 402633,
            "revenue_4q": null,
            "common_shares": 1866742,
            "book_valuer_per_share": 14.76,
            "book_valuer_per_share_4q_avg": 14.43,
            "equity": 2897451,
            "current_ratio": 318.77,
            "debt_ratio": 21.3,
            "inventory_turnover_ratio": 1,
            "account_receivable_turnover_ratio": 0.73,
            "reinvestment_rate": -76.12,
            "research_to_sale_ratio": 0.94,
            "price_fair": 30.92,
            "eps_avg_yearly": 0.88,
            "eps_latest_yearly": 0.64,
            "eps_growth_yearly": 287.25
        },
        "20182": {
            "year_quarter": 20182,
            "year": 2018,
            "quarter": 2,
            "eps": 0.05,
            "eps_growth_year": -83.87,
            "eps_4q": 0.87,
            "eps_4q_growth_year": -9.21,
            "roe": 0.03,
            "roe_4q": 4.85,
            "gross_profit": 65234,
            "gross_margin": 14.43,
            "gross_margin_4q_avg": 20.73,
            "net_income": 924,
            "net_income_4q": null,
            "revenue": 452225,
            "revenue_4q": null,
            "common_shares": 1866742,
            "book_valuer_per_share": 14.22,
            "book_valuer_per_share_4q_avg": 14.47,
            "equity": 2788608,
            "current_ratio": 284.77,
            "debt_ratio": 23.54,
            "inventory_turnover_ratio": 1.38,
            "account_receivable_turnover_ratio": 0.81,
            "reinvestment_rate": -69.24,
            "research_to_sale_ratio": 1.14,
            "price_fair": 30.8,
            "eps_avg_yearly": 0.88,
            "eps_latest_yearly": 0.2,
            "eps_growth_yearly": 264.33
        },
        "20183": {
            "year_quarter": 20183,
            "year": 2018,
            "quarter": 3,
            "eps": 0.2,
            "eps_growth_year": -37.5,
            "eps_4q": 0.75,
            "eps_4q_growth_year": -26.86,
            "roe": 1.1,
            "roe_4q": 4.16,
            "gross_profit": 85380,
            "gross_margin": 21.76,
            "gross_margin_4q_avg": 20.08,
            "net_income": 30479,
            "net_income_4q": null,
            "revenue": 392383,
            "revenue_4q": null,
            "common_shares": 1866742,
            "book_valuer_per_share": 13.98,
            "book_valuer_per_share_4q_avg": 14.38,
            "equity": 2735056,
            "current_ratio": 322.4,
            "debt_ratio": 20.64,
            "inventory_turnover_ratio": 1.37,
            "account_receivable_turnover_ratio": 0.69,
            "reinvestment_rate": -71.36,
            "research_to_sale_ratio": 0.92,
            "price_fair": 30.57,
            "eps_avg_yearly": 0.87,
            "eps_latest_yearly": 0.8,
            "eps_growth_yearly": 275.44
        },
        "20184": {
            "year_quarter": 20184,
            "year": 2018,
            "quarter": 4,
            "eps": 0.18,
            "eps_growth_year": -47.58,
            "eps_4q": 0.58,
            "eps_4q_growth_year": -48,
            "roe": 1.09,
            "roe_4q": 3.1100000000000003,
            "gross_profit": 117546,
            "gross_margin": 29.13,
            "gross_margin_4q_avg": 21.23,
            "net_income": 30001,
            "net_income_4q": null,
            "revenue": 403499,
            "revenue_4q": null,
            "common_shares": 1866742,
            "book_valuer_per_share": 14.27,
            "book_valuer_per_share_4q_avg": 14.31,
            "equity": 2784155,
            "current_ratio": 392.67,
            "debt_ratio": 17,
            "inventory_turnover_ratio": 1.3,
            "account_receivable_turnover_ratio": 0.77,
            "reinvestment_rate": -145.57,
            "research_to_sale_ratio": 0.84,
            "price_fair": 31.27,
            "eps_avg_yearly": 0.89,
            "eps_latest_yearly": 0.72,
            "eps_growth_yearly": 287.26
        },
        "20191": {
            "year_quarter": 20191,
            "year": 2019,
            "quarter": 1,
            "eps": 0.15,
            "eps_growth_year": -6.25,
            "eps_4q": 0.57,
            "eps_4q_growth_year": -49.26,
            "roe": 0.86,
            "roe_4q": 3.08,
            "gross_profit": 90987,
            "gross_margin": 23.78,
            "gross_margin_4q_avg": 22.28,
            "net_income": 24322,
            "net_income_4q": null,
            "revenue": 382539,
            "revenue_4q": null,
            "common_shares": 1866742,
            "book_valuer_per_share": 14.84,
            "book_valuer_per_share_4q_avg": 14.33,
            "equity": 2887424,
            "current_ratio": 369.59,
            "debt_ratio": 18.69,
            "inventory_turnover_ratio": 1.2,
            "account_receivable_turnover_ratio": 0.77,
            "reinvestment_rate": -136.99,
            "research_to_sale_ratio": 0.95,
            "price_fair": 31.73,
            "eps_avg_yearly": 0.91,
            "eps_latest_yearly": 0.6,
            "eps_growth_yearly": 284.48
        },
        "20192": {
            "year_quarter": 20192,
            "year": 2019,
            "quarter": 2,
            "eps": 0.38,
            "eps_growth_year": 660,
            "eps_4q": 0.91,
            "eps_4q_growth_year": 4.85,
            "roe": 2.47,
            "roe_4q": 5.52,
            "gross_profit": 99335,
            "gross_margin": 21.17,
            "gross_margin_4q_avg": 23.96,
            "net_income": 71358,
            "net_income_4q": null,
            "revenue": 469227,
            "revenue_4q": null,
            "common_shares": 1866742,
            "book_valuer_per_share": 14.87,
            "book_valuer_per_share_4q_avg": 14.49,
            "equity": 2893309,
            "current_ratio": 338.29,
            "debt_ratio": 19.6,
            "inventory_turnover_ratio": 1.53,
            "account_receivable_turnover_ratio": 0.93,
            "reinvestment_rate": -113.89,
            "research_to_sale_ratio": 0.78,
            "price_fair": 33.38,
            "eps_avg_yearly": 0.95,
            "eps_latest_yearly": 1.52,
            "eps_growth_yearly": 309.78
        },
        "20193": {
            "year_quarter": 20193,
            "year": 2019,
            "quarter": 3,
            "eps": 0.46,
            "eps_growth_year": 130,
            "eps_4q": 1.2,
            "eps_4q_growth_year": 60.91,
            "roe": 2.94,
            "roe_4q": 7.36,
            "gross_profit": 131948,
            "gross_margin": 27.88,
            "gross_margin_4q_avg": 25.49,
            "net_income": 85433,
            "net_income_4q": null,
            "revenue": 473266,
            "revenue_4q": null,
            "common_shares": 1866742,
            "book_valuer_per_share": 15.61,
            "book_valuer_per_share_4q_avg": 14.9,
            "equity": 2927217,
            "current_ratio": 342.6,
            "debt_ratio": 18.59,
            "inventory_turnover_ratio": 1.52,
            "account_receivable_turnover_ratio": 0.89,
            "reinvestment_rate": -113.2,
            "research_to_sale_ratio": 0.81,
            "price_fair": 35.6,
            "eps_avg_yearly": 1.02,
            "eps_latest_yearly": 1.84,
            "eps_growth_yearly": 293.67
        },
        "20194": {
            "year_quarter": 20194,
            "year": 2019,
            "quarter": 4,
            "eps": 0.29,
            "eps_growth_year": 61.81,
            "eps_4q": 1.33,
            "eps_4q_growth_year": 127.26,
            "roe": 1.83,
            "roe_4q": 8.1,
            "gross_profit": 102272,
            "gross_margin": 23.32,
            "gross_margin_4q_avg": 24.04,
            "net_income": 52766,
            "net_income_4q": null,
            "revenue": 438627,
            "revenue_4q": null,
            "common_shares": 1866742,
            "book_valuer_per_share": 15.46,
            "book_valuer_per_share_4q_avg": 15.2,
            "equity": 2847012,
            "current_ratio": 362.96,
            "debt_ratio": 19.43,
            "inventory_turnover_ratio": 1.53,
            "account_receivable_turnover_ratio": 0.87,
            "reinvestment_rate": -106.22,
            "research_to_sale_ratio": 0.67,
            "price_fair": 35.93,
            "eps_avg_yearly": 1.03,
            "eps_latest_yearly": 1.16,
            "eps_growth_yearly": 264.23
        },
        "20201": {
            "year_quarter": 20201,
            "year": 2020,
            "quarter": 1,
            "eps": 0.02,
            "eps_growth_year": -86.67,
            "eps_4q": 1.2,
            "eps_4q_growth_year": 109.2,
            "roe": 0.11,
            "roe_4q": 7.35,
            "gross_profit": 53363,
            "gross_margin": 20.02,
            "gross_margin_4q_avg": 23.1,
            "net_income": 3119,
            "net_income_4q": null,
            "revenue": 266611,
            "revenue_4q": null,
            "common_shares": 1866742,
            "book_valuer_per_share": 14.86,
            "book_valuer_per_share_4q_avg": 15.2,
            "equity": 2725718,
            "current_ratio": 408.82,
            "debt_ratio": 16,
            "inventory_turnover_ratio": 0.97,
            "account_receivable_turnover_ratio": 0.64,
            "reinvestment_rate": -122.16,
            "research_to_sale_ratio": 0.96,
            "price_fair": 33.86,
            "eps_avg_yearly": 0.97,
            "eps_latest_yearly": 0.08,
            "eps_growth_yearly": 224.44
        },
        "20202": {
            "year_quarter": 20202,
            "year": 2020,
            "quarter": 2,
            "eps": 0.27,
            "eps_growth_year": -28.95,
            "eps_4q": 1.08,
            "eps_4q_growth_year": 19.34,
            "roe": 1.73,
            "roe_4q": 6.609999999999999,
            "gross_profit": 93242,
            "gross_margin": 26.37,
            "gross_margin_4q_avg": 24.4,
            "net_income": 46299,
            "net_income_4q": null,
            "revenue": 353646,
            "revenue_4q": null,
            "common_shares": 1866742,
            "book_valuer_per_share": 14.59,
            "book_valuer_per_share_4q_avg": 15.13,
            "equity": 2617403,
            "current_ratio": 332.71,
            "debt_ratio": 19.29,
            "inventory_turnover_ratio": 1.24,
            "account_receivable_turnover_ratio": 0.94,
            "reinvestment_rate": -125.67,
            "research_to_sale_ratio": 0.8,
            "price_fair": 32.9,
            "eps_avg_yearly": 0.94,
            "eps_latest_yearly": 1.08,
            "eps_growth_yearly": 371.94
        },
        "20203": {
            "year_quarter": 20203,
            "year": 2020,
            "quarter": 3,
            "eps": 0.22,
            "eps_growth_year": -52.17,
            "eps_4q": 0.82,
            "eps_4q_growth_year": -32.15,
            "roe": 1.51,
            "roe_4q": 5.18,
            "gross_profit": 116522,
            "gross_margin": 30.84,
            "gross_margin_4q_avg": 25.14,
            "net_income": 39700,
            "net_income_4q": null,
            "revenue": 377798,
            "revenue_4q": null,
            "common_shares": 1816742,
            "book_valuer_per_share": 14.69,
            "book_valuer_per_share_4q_avg": 14.9,
            "equity": 2635904,
            "current_ratio": 389.39,
            "debt_ratio": 17,
            "inventory_turnover_ratio": 1.32,
            "account_receivable_turnover_ratio": 0.93,
            "reinvestment_rate": -121.6,
            "research_to_sale_ratio": 1.19,
            "price_fair": 32.73,
            "eps_avg_yearly": 0.94,
            "eps_latest_yearly": 0.88,
            "eps_growth_yearly": 376.52
        },
        "20204": {
            "year_quarter": 20204,
            "year": 2020,
            "quarter": 4,
            "eps": 0.23,
            "eps_growth_year": -20.96,
            "eps_4q": 0.75,
            "eps_4q_growth_year": -43.77,
            "roe": 1.61,
            "roe_4q": 4.96,
            "gross_profit": 114359,
            "gross_margin": 30.28,
            "gross_margin_4q_avg": 26.88,
            "net_income": 43997,
            "net_income_4q": null,
            "revenue": 377632,
            "revenue_4q": null,
            "common_shares": 1816742,
            "book_valuer_per_share": 15.72,
            "book_valuer_per_share_4q_avg": 14.97,
            "equity": 2819564,
            "current_ratio": 370.18,
            "debt_ratio": 18.98,
            "inventory_turnover_ratio": 1.28,
            "account_receivable_turnover_ratio": 0.74,
            "reinvestment_rate": -114.22,
            "research_to_sale_ratio": 1.03,
            "price_fair": 32.64,
            "eps_avg_yearly": 0.93,
            "eps_latest_yearly": 0.92,
            "eps_growth_yearly": 377.66
        },
        "20211": {
            "year_quarter": 20211,
            "year": 2021,
            "quarter": 1,
            "eps": 0.28,
            "eps_growth_year": 1300,
            "eps_4q": 1,
            "eps_4q_growth_year": -16.96,
            "roe": 1.74,
            "roe_4q": 6.59,
            "gross_profit": 107357,
            "gross_margin": 31.93,
            "gross_margin_4q_avg": 29.86,
            "net_income": 49180,
            "net_income_4q": null,
            "revenue": 336219,
            "revenue_4q": null,
            "common_shares": 1816742,
            "book_valuer_per_share": 15.76,
            "book_valuer_per_share_4q_avg": 15.19,
            "equity": 2827162,
            "current_ratio": 368.16,
            "debt_ratio": 19.25,
            "inventory_turnover_ratio": 0.96,
            "account_receivable_turnover_ratio": 0.59,
            "reinvestment_rate": -113.04,
            "research_to_sale_ratio": 1.08,
            "price_fair": 33.78,
            "eps_avg_yearly": 0.97,
            "eps_latest_yearly": 1.12,
            "eps_growth_yearly": 392.47
        },
        "20212": {
            "year_quarter": 20212,
            "year": 2021,
            "quarter": 2,
            "eps": 0.69,
            "eps_growth_year": 155.56,
            "eps_4q": 1.42,
            "eps_4q_growth_year": 30.5,
            "roe": 4.31,
            "roe_4q": 9.17,
            "gross_profit": 126740,
            "gross_margin": 28.47,
            "gross_margin_4q_avg": 30.38,
            "net_income": 120161,
            "net_income_4q": null,
            "revenue": 445182,
            "revenue_4q": null,
            "common_shares": 1816742,
            "book_valuer_per_share": 15.3,
            "book_valuer_per_share_4q_avg": 15.37,
            "equity": 2748245,
            "current_ratio": 313.53,
            "debt_ratio": 22.6,
            "inventory_turnover_ratio": 1.26,
            "account_receivable_turnover_ratio": 0.82,
            "reinvestment_rate": -101.66,
            "research_to_sale_ratio": 0.62,
            "price_fair": 37.1,
            "eps_avg_yearly": 1.06,
            "eps_latest_yearly": 2.76,
            "eps_growth_yearly": 402.41
        },
        "20213": {
            "year_quarter": 20213,
            "year": 2021,
            "quarter": 3,
            "eps": 0.27,
            "eps_growth_year": 22.73,
            "eps_4q": 1.45,
            "eps_4q_growth_year": 78.2,
            "roe": 1.72,
            "roe_4q": 9.379999999999999,
            "gross_profit": 110363,
            "gross_margin": 29.35,
            "gross_margin_4q_avg": 30.01,
            "net_income": 47871,
            "net_income_4q": null,
            "revenue": 376007,
            "revenue_4q": null,
            "common_shares": 1816742,
            "book_valuer_per_share": 15.6,
            "book_valuer_per_share_4q_avg": 15.6,
            "equity": 2824275,
            "current_ratio": 393.01,
            "debt_ratio": 18.58,
            "inventory_turnover_ratio": 1.05,
            "account_receivable_turnover_ratio": 0.76,
            "reinvestment_rate": -105.93,
            "research_to_sale_ratio": 0.77,
            "price_fair": 36.66,
            "eps_avg_yearly": 1.05,
            "eps_latest_yearly": 1.08,
            "eps_growth_yearly": 386.39
        },
        "20214": {
            "year_quarter": 20214,
            "year": 2021,
            "quarter": 4,
            "eps": 0.21,
            "eps_growth_year": -7.28,
            "eps_4q": 1.44,
            "eps_4q_growth_year": 92.81,
            "roe": 1.22,
            "roe_4q": 8.99,
            "gross_profit": 95112,
            "gross_margin": 25.38,
            "gross_margin_4q_avg": 28.78,
            "net_income": 35584,
            "net_income_4q": null,
            "revenue": 374678,
            "revenue_4q": null,
            "common_shares": 1816742,
            "book_valuer_per_share": 16.78,
            "book_valuer_per_share_4q_avg": 15.86,
            "equity": 3028698,
            "current_ratio": 404.4,
            "debt_ratio": 17.37,
            "inventory_turnover_ratio": 1.06,
            "account_receivable_turnover_ratio": 0.75,
            "reinvestment_rate": -99.46,
            "research_to_sale_ratio": 0.68,
            "price_fair": 35.53,
            "eps_avg_yearly": 1.02,
            "eps_latest_yearly": 0.84,
            "eps_growth_yearly": 379.27
        },
        "20221": {
            "year_quarter": 20221,
            "year": 2022,
            "quarter": 1,
            "eps": 0.05,
            "eps_growth_year": -82.14,
            "eps_4q": 1.22,
            "eps_4q_growth_year": 22.16,
            "roe": 0.25,
            "roe_4q": 7.5,
            "gross_profit": 86201,
            "gross_margin": 26.28,
            "gross_margin_4q_avg": 27.37,
            "net_income": 7444,
            "net_income_4q": null,
            "revenue": 328042,
            "revenue_4q": null,
            "common_shares": 1816742,
            "book_valuer_per_share": 16.01,
            "book_valuer_per_share_4q_avg": 15.92,
            "equity": 2897681,
            "current_ratio": 319.41,
            "debt_ratio": 21.2,
            "inventory_turnover_ratio": 0.84,
            "account_receivable_turnover_ratio": 0.65,
            "reinvestment_rate": -31.78,
            "research_to_sale_ratio": 0.84,
            "price_fair": 34.56,
            "eps_avg_yearly": 0.99,
            "eps_latest_yearly": 0.2,
            "eps_growth_yearly": 373.46
        },
        "20222": {
            "year_quarter": 20222,
            "year": 2022,
            "quarter": 2,
            "eps": 0.6,
            "eps_growth_year": -13.04,
            "eps_4q": 1.14,
            "eps_4q_growth_year": -19.62,
            "roe": 3.51,
            "roe_4q": 6.699999999999999,
            "gross_profit": 101771,
            "gross_margin": 22.23,
            "gross_margin_4q_avg": 25.81,
            "net_income": 102656,
            "net_income_4q": null,
            "revenue": 457773,
            "revenue_4q": null,
            "common_shares": 1816742,
            "book_valuer_per_share": 16.3,
            "book_valuer_per_share_4q_avg": 16.17,
            "equity": 2946892,
            "current_ratio": 348.01,
            "debt_ratio": 20,
            "inventory_turnover_ratio": 1.32,
            "account_receivable_turnover_ratio": 0.91,
            "reinvestment_rate": -26.1,
            "research_to_sale_ratio": 0.5,
            "price_fair": 39.38,
            "eps_avg_yearly": 1.13,
            "eps_latest_yearly": 2.4,
            "eps_growth_yearly": 665.64
        },
        "20223": {
            "year_quarter": 20223,
            "year": 2022,
            "quarter": 3,
            "eps": 0.2,
            "eps_growth_year": -25.93,
            "eps_4q": 1.06,
            "eps_4q_growth_year": -27,
            "roe": 1.06,
            "roe_4q": 6.04,
            "gross_profit": 94911,
            "gross_margin": 24.43,
            "gross_margin_4q_avg": 24.58,
            "net_income": 31760,
            "net_income_4q": null,
            "revenue": 388534,
            "revenue_4q": null,
            "common_shares": 1816742,
            "book_valuer_per_share": 16.73,
            "book_valuer_per_share_4q_avg": 16.46,
            "equity": 3021565,
            "current_ratio": 426.66,
            "debt_ratio": 16.42,
            "inventory_turnover_ratio": 1.34,
            "account_receivable_turnover_ratio": 0.74,
            "reinvestment_rate": -23.01,
            "research_to_sale_ratio": 0.71,
            "price_fair": 39.38,
            "eps_avg_yearly": 1.13,
            "eps_latest_yearly": 0.8,
            "eps_growth_yearly": 573.98
        },
        "20224": {
            "year_quarter": 20224,
            "year": 2022,
            "quarter": 4,
            "eps": 0.31,
            "eps_growth_year": 44.92,
            "eps_4q": 1.16,
            "eps_4q_growth_year": -19.6,
            "roe": 1.78,
            "roe_4q": 6.6,
            "gross_profit": 82466,
            "gross_margin": 24.65,
            "gross_margin_4q_avg": 24.4,
            "net_income": 53517,
            "net_income_4q": null,
            "revenue": 334575,
            "revenue_4q": null,
            "common_shares": 1732032,
            "book_valuer_per_share": 16.52,
            "book_valuer_per_share_4q_avg": 16.39,
            "equity": 2983241,
            "current_ratio": 433.07,
            "debt_ratio": 16.34,
            "inventory_turnover_ratio": 1.25,
            "account_receivable_turnover_ratio": 0.66,
            "reinvestment_rate": -21.34,
            "research_to_sale_ratio": 0.67,
            "price_fair": 40.51,
            "eps_avg_yearly": 1.16,
            "eps_latest_yearly": 1.24,
            "eps_growth_yearly": 590.23
        },
        "20231": {
            "year_quarter": 20231,
            "year": 2023,
            "quarter": 1,
            "eps": 0.23,
            "eps_growth_year": 360,
            "eps_4q": 1.33,
            "eps_4q_growth_year": 9.2,
            "roe": 1.31,
            "roe_4q": 7.66,
            "gross_profit": 89456,
            "gross_margin": 27.88,
            "gross_margin_4q_avg": 24.8,
            "net_income": 38211,
            "net_income_4q": null,
            "revenue": 320914,
            "revenue_4q": null,
            "common_shares": 1732032,
            "book_valuer_per_share": 15.98,
            "book_valuer_per_share_4q_avg": 16.38,
            "equity": 2868679,
            "current_ratio": 341.65,
            "debt_ratio": 20.89,
            "inventory_turnover_ratio": 1.15,
            "account_receivable_turnover_ratio": 0.64,
            "reinvestment_rate": -20.3,
            "research_to_sale_ratio": 0.9,
            "price_fair": 41.21,
            "eps_avg_yearly": 1.18,
            "eps_latest_yearly": 0.92,
            "eps_growth_yearly": 587.94
        },
        "20232": {
            "year_quarter": 20232,
            "year": 2023,
            "quarter": 2,
            "eps": 0.14,
            "eps_growth_year": -76.67,
            "eps_4q": 0.87,
            "eps_4q_growth_year": -23.67,
            "roe": 0.74,
            "roe_4q": 4.890000000000001,
            "gross_profit": 63219,
            "gross_margin": 22.7,
            "gross_margin_4q_avg": 24.92,
            "net_income": 21654,
            "net_income_4q": null,
            "revenue": 278476,
            "revenue_4q": null,
            "common_shares": 1732032,
            "book_valuer_per_share": 16.5,
            "book_valuer_per_share_4q_avg": 16.43,
            "equity": 2953295,
            "current_ratio": 377.73,
            "debt_ratio": 18.98,
            "inventory_turnover_ratio": 1.16,
            "account_receivable_turnover_ratio": 0.54,
            "reinvestment_rate": -19.64,
            "research_to_sale_ratio": 0.89,
            "price_fair": 39.11,
            "eps_avg_yearly": 1.12,
            "eps_latest_yearly": 0.56,
            "eps_growth_yearly": 539.83
        },
        "20233": {
            "year_quarter": 20233,
            "year": 2023,
            "quarter": 3,
            "eps": 0.26,
            "eps_growth_year": 30,
            "eps_4q": 0.93,
            "eps_4q_growth_year": -12.06,
            "roe": 1.48,
            "roe_4q": 5.31,
            "gross_profit": 73139,
            "gross_margin": 28.76,
            "gross_margin_4q_avg": 26,
            "net_income": 44639,
            "net_income_4q": null,
            "revenue": 254296,
            "revenue_4q": null,
            "common_shares": 1732032,
            "book_valuer_per_share": 17.25,
            "book_valuer_per_share_4q_avg": 16.56,
            "equity": 3087067,
            "current_ratio": 424,
            "debt_ratio": 15.15,
            "inventory_turnover_ratio": 1.06,
            "account_receivable_turnover_ratio": 0.51,
            "reinvestment_rate": -13.72,
            "research_to_sale_ratio": 1.17,
            "price_fair": 37.36,
            "eps_avg_yearly": 1.07,
            "eps_latest_yearly": 1.04,
            "eps_growth_yearly": 555.99
        }
    },
    "months": {
        "2002-08": {
            "month": "2002-08",
            "price": "48.16",
            "revenue": 100450
        },
        "2002-09": {
            "month": "2002-09",
            "price": "46.34",
            "revenue": 101910
        },
        "2002-10": {
            "month": "2002-10",
            "price": "40.16",
            "revenue": 115088
        },
        "2002-11": {
            "month": "2002-11",
            "price": "45.24",
            "revenue": 117069
        },
        "2002-12": {
            "month": "2002-12",
            "price": "46.31",
            "revenue": 106318
        },
        "2003-01": {
            "month": "2003-01",
            "price": "42.35",
            "revenue": 104387
        },
        "2003-02": {
            "month": "2003-02",
            "price": "36.14",
            "revenue": 97629
        },
        "2003-03": {
            "month": "2003-03",
            "price": "31.42",
            "revenue": 147007
        },
        "2003-04": {
            "month": "2003-04",
            "price": "36.31",
            "revenue": 145482
        },
        "2003-05": {
            "month": "2003-05",
            "price": "34.14",
            "revenue": 135137
        },
        "2003-06": {
            "month": "2003-06",
            "price": "38.64",
            "revenue": 135407
        },
        "2003-07": {
            "month": "2003-07",
            "price": "40.04",
            "revenue": 150028
        },
        "2003-08": {
            "month": "2003-08",
            "price": "40.23",
            "revenue": 161086
        },
        "2003-09": {
            "month": "2003-09",
            "price": "42.72",
            "revenue": 181907
        },
        "2003-10": {
            "month": "2003-10",
            "price": "43.02",
            "revenue": 184259
        },
        "2003-11": {
            "month": "2003-11",
            "price": "49.04",
            "revenue": 190290
        },
        "2003-12": {
            "month": "2003-12",
            "price": "54.15",
            "revenue": 200345
        },
        "2004-01": {
            "month": "2004-01",
            "price": "68.30",
            "revenue": 165332
        },
        "2004-02": {
            "month": "2004-02",
            "price": "68.55",
            "revenue": 209843
        },
        "2004-03": {
            "month": "2004-03",
            "price": "67.17",
            "revenue": 203815
        },
        "2004-04": {
            "month": "2004-04",
            "price": "68.20",
            "revenue": 327674
        },
        "2004-05": {
            "month": "2004-05",
            "price": "57.24",
            "revenue": 174117
        },
        "2004-06": {
            "month": "2004-06",
            "price": "50.69",
            "revenue": 162283
        },
        "2004-07": {
            "month": "2004-07",
            "price": "40.45",
            "revenue": 170453
        },
        "2004-08": {
            "month": "2004-08",
            "price": "38.10",
            "revenue": 172738
        },
        "2004-09": {
            "month": "2004-09",
            "price": "38.75",
            "revenue": 194280
        },
        "2004-10": {
            "month": "2004-10",
            "price": "35.08",
            "revenue": 177613
        },
        "2004-11": {
            "month": "2004-11",
            "price": "32.91",
            "revenue": 173541
        },
        "2004-12": {
            "month": "2004-12",
            "price": "32.73",
            "revenue": 124597
        },
        "2005-01": {
            "month": "2005-01",
            "price": "28.83",
            "revenue": 155373
        },
        "2005-02": {
            "month": "2005-02",
            "price": "30.34",
            "revenue": 146146
        },
        "2005-03": {
            "month": "2005-03",
            "price": "33.08",
            "revenue": 192313
        },
        "2005-04": {
            "month": "2005-04",
            "price": "37.20",
            "revenue": 192284
        },
        "2005-05": {
            "month": "2005-05",
            "price": "35.44",
            "revenue": 204704
        },
        "2005-06": {
            "month": "2005-06",
            "price": "35.30",
            "revenue": 213273
        },
        "2005-07": {
            "month": "2005-07",
            "price": "35.56",
            "revenue": 194160
        },
        "2005-08": {
            "month": "2005-08",
            "price": "28.42",
            "revenue": 245028
        },
        "2005-09": {
            "month": "2005-09",
            "price": "28.52",
            "revenue": 260708
        },
        "2005-10": {
            "month": "2005-10",
            "price": "31.23",
            "revenue": 246095
        },
        "2005-11": {
            "month": "2005-11",
            "price": "30.88",
            "revenue": 235346
        },
        "2005-12": {
            "month": "2005-12",
            "price": "39.68",
            "revenue": 209635
        },
        "2006-01": {
            "month": "2006-01",
            "price": "41.53",
            "revenue": 177286
        },
        "2006-02": {
            "month": "2006-02",
            "price": "39.14",
            "revenue": 187199
        },
        "2006-03": {
            "month": "2006-03",
            "price": "42.18",
            "revenue": 250332
        },
        "2006-04": {
            "month": "2006-04",
            "price": "47.99",
            "revenue": 252006
        },
        "2006-05": {
            "month": "2006-05",
            "price": "51.81",
            "revenue": 246989
        },
        "2006-06": {
            "month": "2006-06",
            "price": "42.07",
            "revenue": 234407
        },
        "2006-07": {
            "month": "2006-07",
            "price": "37.27",
            "revenue": 223986
        },
        "2006-08": {
            "month": "2006-08",
            "price": "36.38",
            "revenue": 254082
        },
        "2006-09": {
            "month": "2006-09",
            "price": "34.24",
            "revenue": 263034
        },
        "2006-10": {
            "month": "2006-10",
            "price": "33.74",
            "revenue": 236174
        },
        "2006-11": {
            "month": "2006-11",
            "price": "33.04",
            "revenue": 230435
        },
        "2006-12": {
            "month": "2006-12",
            "price": "35.00",
            "revenue": 195503
        },
        "2007-01": {
            "month": "2007-01",
            "price": "37.62",
            "revenue": 202720
        },
        "2007-02": {
            "month": "2007-02",
            "price": "42.70",
            "revenue": 188652
        },
        "2007-03": {
            "month": "2007-03",
            "price": "45.36",
            "revenue": 252633
        },
        "2007-04": {
            "month": "2007-04",
            "price": "44.99",
            "revenue": 254428
        },
        "2007-05": {
            "month": "2007-05",
            "price": "47.16",
            "revenue": 283363
        },
        "2007-06": {
            "month": "2007-06",
            "price": "53.78",
            "revenue": 291065
        },
        "2007-07": {
            "month": "2007-07",
            "price": "59.70",
            "revenue": 321692
        },
        "2007-08": {
            "month": "2007-08",
            "price": "70.37",
            "revenue": 338001
        },
        "2007-09": {
            "month": "2007-09",
            "price": "80.22",
            "revenue": 348491
        },
        "2007-10": {
            "month": "2007-10",
            "price": "83.43",
            "revenue": 349288
        },
        "2007-11": {
            "month": "2007-11",
            "price": "71.11",
            "revenue": 380549
        },
        "2007-12": {
            "month": "2007-12",
            "price": "76.19",
            "revenue": 353115
        },
        "2008-01": {
            "month": "2008-01",
            "price": "70.29",
            "revenue": 334107
        },
        "2008-02": {
            "month": "2008-02",
            "price": "63.61",
            "revenue": 243174
        },
        "2008-03": {
            "month": "2008-03",
            "price": "68.33",
            "revenue": 375146
        },
        "2008-04": {
            "month": "2008-04",
            "price": "69.46",
            "revenue": 323134
        },
        "2008-05": {
            "month": "2008-05",
            "price": "61.18",
            "revenue": 333077
        },
        "2008-06": {
            "month": "2008-06",
            "price": "52.22",
            "revenue": 322508
        },
        "2008-07": {
            "month": "2008-07",
            "price": "40.38",
            "revenue": 329800
        },
        "2008-08": {
            "month": "2008-08",
            "price": "41.39",
            "revenue": 355028
        },
        "2008-09": {
            "month": "2008-09",
            "price": "29.95",
            "revenue": 352692
        },
        "2008-10": {
            "month": "2008-10",
            "price": "26.37",
            "revenue": 343393
        },
        "2008-11": {
            "month": "2008-11",
            "price": "18.27",
            "revenue": 255515
        },
        "2008-12": {
            "month": "2008-12",
            "price": "17.60",
            "revenue": 176038
        },
        "2009-01": {
            "month": "2009-01",
            "price": "21.70",
            "revenue": 147189
        },
        "2009-02": {
            "month": "2009-02",
            "price": "24.44",
            "revenue": 246501
        },
        "2009-03": {
            "month": "2009-03",
            "price": "29.30",
            "revenue": 307970
        },
        "2009-04": {
            "month": "2009-04",
            "price": "33.34",
            "revenue": 335770
        },
        "2009-05": {
            "month": "2009-05",
            "price": "39.50",
            "revenue": 305889
        },
        "2009-06": {
            "month": "2009-06",
            "price": "36.23",
            "revenue": 312579
        },
        "2009-07": {
            "month": "2009-07",
            "price": "37.41",
            "revenue": 344825
        },
        "2009-08": {
            "month": "2009-08",
            "price": "36.86",
            "revenue": 433286
        },
        "2009-09": {
            "month": "2009-09",
            "price": "40.84",
            "revenue": 494899
        },
        "2009-10": {
            "month": "2009-10",
            "price": "41.06",
            "revenue": 473816
        },
        "2009-11": {
            "month": "2009-11",
            "price": "38.21",
            "revenue": 475651
        },
        "2009-12": {
            "month": "2009-12",
            "price": "44.05",
            "revenue": 390544
        },
        "2010-01": {
            "month": "2010-01",
            "price": "44.49",
            "revenue": 346869
        },
        "2010-02": {
            "month": "2010-02",
            "price": "39.00",
            "revenue": 278525
        },
        "2010-03": {
            "month": "2010-03",
            "price": "43.07",
            "revenue": 400539
        },
        "2010-04": {
            "month": "2010-04",
            "price": "44.61",
            "revenue": 471788
        },
        "2010-05": {
            "month": "2010-05",
            "price": "39.64",
            "revenue": 522867
        },
        "2010-06": {
            "month": "2010-06",
            "price": "39.18",
            "revenue": 530332
        },
        "2010-07": {
            "month": "2010-07",
            "price": "39.90",
            "revenue": 473725
        },
        "2010-08": {
            "month": "2010-08",
            "price": "37.06",
            "revenue": 489426
        },
        "2010-09": {
            "month": "2010-09",
            "price": "36.35",
            "revenue": 435923
        },
        "2010-10": {
            "month": "2010-10",
            "price": "34.54",
            "revenue": 390774
        },
        "2010-11": {
            "month": "2010-11",
            "price": "32.04",
            "revenue": 436825
        },
        "2010-12": {
            "month": "2010-12",
            "price": "34.39",
            "revenue": 414492
        },
        "2011-01": {
            "month": "2011-01",
            "price": "37.21",
            "revenue": 359430
        },
        "2011-02": {
            "month": "2011-02",
            "price": "34.71",
            "revenue": 253673
        },
        "2011-03": {
            "month": "2011-03",
            "price": "34.48",
            "revenue": 414141
        },
        "2011-04": {
            "month": "2011-04",
            "price": "33.05",
            "revenue": 421444
        },
        "2011-05": {
            "month": "2011-05",
            "price": "29.57",
            "revenue": 384045
        },
        "2011-06": {
            "month": "2011-06",
            "price": "27.80",
            "revenue": 339407
        },
        "2011-07": {
            "month": "2011-07",
            "price": "22.93",
            "revenue": 334107
        },
        "2011-08": {
            "month": "2011-08",
            "price": "17.56",
            "revenue": 360151
        },
        "2011-09": {
            "month": "2011-09",
            "price": "16.85",
            "revenue": 324465
        },
        "2011-10": {
            "month": "2011-10",
            "price": "18.34",
            "revenue": 293159
        },
        "2011-11": {
            "month": "2011-11",
            "price": "21.56",
            "revenue": 315996
        },
        "2011-12": {
            "month": "2011-12",
            "price": "22.02",
            "revenue": 300694
        },
        "2012-01": {
            "month": "2012-01",
            "price": "22.24",
            "revenue": 185962
        },
        "2012-02": {
            "month": "2012-02",
            "price": "25.74",
            "revenue": 262420
        },
        "2012-03": {
            "month": "2012-03",
            "price": "26.97",
            "revenue": 322983
        },
        "2012-04": {
            "month": "2012-04",
            "price": "22.86",
            "revenue": 277229
        },
        "2012-05": {
            "month": "2012-05",
            "price": "20.37",
            "revenue": 282446
        },
        "2012-06": {
            "month": "2012-06",
            "price": "19.05",
            "revenue": 225204
        },
        "2012-07": {
            "month": "2012-07",
            "price": "17.89",
            "revenue": 278186
        },
        "2012-08": {
            "month": "2012-08",
            "price": "17.36",
            "revenue": 246351
        },
        "2012-09": {
            "month": "2012-09",
            "price": "17.48",
            "revenue": 243966
        },
        "2012-10": {
            "month": "2012-10",
            "price": "15.16",
            "revenue": 201389
        },
        "2012-11": {
            "month": "2012-11",
            "price": "12.41",
            "revenue": 201605
        },
        "2012-12": {
            "month": "2012-12",
            "price": "13.80",
            "revenue": 197681
        },
        "2013-01": {
            "month": "2013-01",
            "price": "15.33",
            "revenue": 222804
        },
        "2013-02": {
            "month": "2013-02",
            "price": "15.07",
            "revenue": 143336
        },
        "2013-03": {
            "month": "2013-03",
            "price": "15.78",
            "revenue": 252292
        },
        "2013-04": {
            "month": "2013-04",
            "price": "14.11",
            "revenue": 291035
        },
        "2013-05": {
            "month": "2013-05",
            "price": "14.74",
            "revenue": 244104
        },
        "2013-06": {
            "month": "2013-06",
            "price": "14.83",
            "revenue": 232741
        },
        "2013-07": {
            "month": "2013-07",
            "price": "14.17",
            "revenue": 266304
        },
        "2013-08": {
            "month": "2013-08",
            "price": "13.31",
            "revenue": 225853
        },
        "2013-09": {
            "month": "2013-09",
            "price": "13.06",
            "revenue": 210411
        },
        "2013-10": {
            "month": "2013-10",
            "price": "13.08",
            "revenue": 209409
        },
        "2013-11": {
            "month": "2013-11",
            "price": "12.37",
            "revenue": 221386
        },
        "2013-12": {
            "month": "2013-12",
            "price": "15.47",
            "revenue": 258648
        },
        "2014-01": {
            "month": "2014-01",
            "price": "18.83",
            "revenue": 179672
        },
        "2014-02": {
            "month": "2014-02",
            "price": "17.88",
            "revenue": 156944
        },
        "2014-03": {
            "month": "2014-03",
            "price": "18.02",
            "revenue": 225518
        },
        "2014-04": {
            "month": "2014-04",
            "price": "16.79",
            "revenue": 233025
        },
        "2014-05": {
            "month": "2014-05",
            "price": "15.71",
            "revenue": 231051
        },
        "2014-06": {
            "month": "2014-06",
            "price": "16.90",
            "revenue": 212486
        },
        "2014-07": {
            "month": "2014-07",
            "price": "16.04",
            "revenue": 212187
        },
        "2014-08": {
            "month": "2014-08",
            "price": "14.34",
            "revenue": 239179
        },
        "2014-09": {
            "month": "2014-09",
            "price": "13.90",
            "revenue": 250058
        },
        "2014-10": {
            "month": "2014-10",
            "price": "12.48",
            "revenue": 191270
        },
        "2014-11": {
            "month": "2014-11",
            "price": "13.13",
            "revenue": 193401
        },
        "2014-12": {
            "month": "2014-12",
            "price": "14.12",
            "revenue": 220355
        },
        "2015-01": {
            "month": "2015-01",
            "price": "14.95",
            "revenue": 212091
        },
        "2015-02": {
            "month": "2015-02",
            "price": "14.60",
            "revenue": 109973
        },
        "2015-03": {
            "month": "2015-03",
            "price": "14.58",
            "revenue": 185389
        },
        "2015-04": {
            "month": "2015-04",
            "price": "14.84",
            "revenue": 190292
        },
        "2015-05": {
            "month": "2015-05",
            "price": "14.82",
            "revenue": 154274
        },
        "2015-06": {
            "month": "2015-06",
            "price": "13.71",
            "revenue": 189440
        },
        "2015-07": {
            "month": "2015-07",
            "price": "11.42",
            "revenue": 164917
        },
        "2015-08": {
            "month": "2015-08",
            "price": "9.19",
            "revenue": 176979
        },
        "2015-09": {
            "month": "2015-09",
            "price": "9.77",
            "revenue": 157408
        },
        "2015-10": {
            "month": "2015-10",
            "price": "10.23",
            "revenue": 134400
        },
        "2015-11": {
            "month": "2015-11",
            "price": "9.82",
            "revenue": 151627
        },
        "2015-12": {
            "month": "2015-12",
            "price": "9.69",
            "revenue": 173541
        },
        "2016-01": {
            "month": "2016-01",
            "price": "9.16",
            "revenue": 195747
        },
        "2016-02": {
            "month": "2016-02",
            "price": "9.06",
            "revenue": 85316
        },
        "2016-03": {
            "month": "2016-03",
            "price": "9.16",
            "revenue": 188693
        },
        "2016-04": {
            "month": "2016-04",
            "price": "8.49",
            "revenue": 172152
        },
        "2016-05": {
            "month": "2016-05",
            "price": "7.77",
            "revenue": 182935
        },
        "2016-06": {
            "month": "2016-06",
            "price": "8.24",
            "revenue": 231579
        },
        "2016-07": {
            "month": "2016-07",
            "price": "9.85",
            "revenue": 196238
        },
        "2016-08": {
            "month": "2016-08",
            "price": "10.36",
            "revenue": 205143
        },
        "2016-09": {
            "month": "2016-09",
            "price": "10.51",
            "revenue": 196054
        },
        "2016-10": {
            "month": "2016-10",
            "price": "10.02",
            "revenue": 142112
        },
        "2016-11": {
            "month": "2016-11",
            "price": "10.50",
            "revenue": 177494
        },
        "2016-12": {
            "month": "2016-12",
            "price": "12.44",
            "revenue": 190841
        },
        "2017-01": {
            "month": "2017-01",
            "price": "12.34",
            "revenue": 148519
        },
        "2017-02": {
            "month": "2017-02",
            "price": "12.66",
            "revenue": 130218
        },
        "2017-03": {
            "month": "2017-03",
            "price": "15.46",
            "revenue": 186360
        },
        "2017-04": {
            "month": "2017-04",
            "price": "17.31",
            "revenue": 171063
        },
        "2017-05": {
            "month": "2017-05",
            "price": "17.29",
            "revenue": 150694
        },
        "2017-06": {
            "month": "2017-06",
            "price": "17.03",
            "revenue": 204429
        },
        "2017-07": {
            "month": "2017-07",
            "price": "15.86",
            "revenue": 169268
        },
        "2017-08": {
            "month": "2017-08",
            "price": "15.71",
            "revenue": 164307
        },
        "2017-09": {
            "month": "2017-09",
            "price": "16.85",
            "revenue": 176580
        },
        "2017-10": {
            "month": "2017-10",
            "price": "16.56",
            "revenue": 132413
        },
        "2017-11": {
            "month": "2017-11",
            "price": "17.79",
            "revenue": 167277
        },
        "2017-12": {
            "month": "2017-12",
            "price": "16.88",
            "revenue": 173055
        },
        "2018-01": {
            "month": "2018-01",
            "price": "17.82",
            "revenue": 158020
        },
        "2018-02": {
            "month": "2018-02",
            "price": "15.73",
            "revenue": 93800
        },
        "2018-03": {
            "month": "2018-03",
            "price": "16.47",
            "revenue": 152024
        },
        "2018-04": {
            "month": "2018-04",
            "price": "16.08",
            "revenue": 131711
        },
        "2018-05": {
            "month": "2018-05",
            "price": "15.32",
            "revenue": 164917
        },
        "2018-06": {
            "month": "2018-06",
            "price": "16.43",
            "revenue": 146743
        },
        "2018-07": {
            "month": "2018-07",
            "price": "15.21",
            "revenue": 153239
        },
        "2018-08": {
            "month": "2018-08",
            "price": "13.96",
            "revenue": 124418
        },
        "2018-09": {
            "month": "2018-09",
            "price": "11.85",
            "revenue": 132812
        },
        "2018-10": {
            "month": "2018-10",
            "price": "10.26",
            "revenue": 104843
        },
        "2018-11": {
            "month": "2018-11",
            "price": "10.54",
            "revenue": 131810
        },
        "2018-12": {
            "month": "2018-12",
            "price": "11.04",
            "revenue": 159306
        },
        "2019-01": {
            "month": "2019-01",
            "price": "10.65",
            "revenue": 146898
        },
        "2019-02": {
            "month": "2019-02",
            "price": "11.45",
            "revenue": 74054
        },
        "2019-03": {
            "month": "2019-03",
            "price": "11.98",
            "revenue": 162851
        },
        "2019-04": {
            "month": "2019-04",
            "price": "12.52",
            "revenue": 139899
        },
        "2019-05": {
            "month": "2019-05",
            "price": "11.56",
            "revenue": 163245
        },
        "2019-06": {
            "month": "2019-06",
            "price": "11.81",
            "revenue": 142282
        },
        "2019-07": {
            "month": "2019-07",
            "price": "11.86",
            "revenue": 177006
        },
        "2019-08": {
            "month": "2019-08",
            "price": "12.65",
            "revenue": 163492
        },
        "2019-09": {
            "month": "2019-09",
            "price": "14.75",
            "revenue": 154427
        },
        "2019-10": {
            "month": "2019-10",
            "price": "15.43",
            "revenue": 135015
        },
        "2019-11": {
            "month": "2019-11",
            "price": "15.66",
            "revenue": 143641
        },
        "2019-12": {
            "month": "2019-12",
            "price": "16.71",
            "revenue": 161568
        },
        "2020-01": {
            "month": "2020-01",
            "price": "16.16",
            "revenue": 73938
        },
        "2020-02": {
            "month": "2020-02",
            "price": "14.99",
            "revenue": 68086
        },
        "2020-03": {
            "month": "2020-03",
            "price": "12.32",
            "revenue": 123845
        },
        "2020-04": {
            "month": "2020-04",
            "price": "13.90",
            "revenue": 120580
        },
        "2020-05": {
            "month": "2020-05",
            "price": "14.75",
            "revenue": 119385
        },
        "2020-06": {
            "month": "2020-06",
            "price": "14.87",
            "revenue": 117180
        },
        "2020-07": {
            "month": "2020-07",
            "price": "14.23",
            "revenue": 112797
        },
        "2020-08": {
            "month": "2020-08",
            "price": "13.41",
            "revenue": 123861
        },
        "2020-09": {
            "month": "2020-09",
            "price": "14.36",
            "revenue": 135857
        },
        "2020-10": {
            "month": "2020-10",
            "price": "13.53",
            "revenue": 108241
        },
        "2020-11": {
            "month": "2020-11",
            "price": "13.87",
            "revenue": 132898
        },
        "2020-12": {
            "month": "2020-12",
            "price": "14.76",
            "revenue": 135808
        },
        "2021-01": {
            "month": "2021-01",
            "price": "16.10",
            "revenue": 127846
        },
        "2021-02": {
            "month": "2021-02",
            "price": "15.57",
            "revenue": 73062
        },
        "2021-03": {
            "month": "2021-03",
            "price": "16.56",
            "revenue": 135320
        },
        "2021-04": {
            "month": "2021-04",
            "price": "20.31",
            "revenue": 163942
        },
        "2021-05": {
            "month": "2021-05",
            "price": "17.55",
            "revenue": 130377
        },
        "2021-06": {
            "month": "2021-06",
            "price": "18.80",
            "revenue": 150823
        },
        "2021-07": {
            "month": "2021-07",
            "price": "21.55",
            "revenue": 128650
        },
        "2021-08": {
            "month": "2021-08",
            "price": "26.65",
            "revenue": 123386
        },
        "2021-09": {
            "month": "2021-09",
            "price": "24.62",
            "revenue": 124038
        },
        "2021-10": {
            "month": "2021-10",
            "price": "21.87",
            "revenue": 111869
        },
        "2021-11": {
            "month": "2021-11",
            "price": "24.92",
            "revenue": 126740
        },
        "2021-12": {
            "month": "2021-12",
            "price": "25.38",
            "revenue": 136408
        },
        "2022-01": {
            "month": "2022-01",
            "price": "24.12",
            "revenue": 122738
        },
        "2022-02": {
            "month": "2022-02",
            "price": "22.91",
            "revenue": 75251
        },
        "2022-03": {
            "month": "2022-03",
            "price": "21.51",
            "revenue": 130058
        },
        "2022-04": {
            "month": "2022-04",
            "price": "20.07",
            "revenue": 160064
        },
        "2022-05": {
            "month": "2022-05",
            "price": "18.86",
            "revenue": 168331
        },
        "2022-06": {
            "month": "2022-06",
            "price": "18.80",
            "revenue": 129381
        },
        "2022-07": {
            "month": "2022-07",
            "price": "15.80",
            "revenue": 135903
        },
        "2022-08": {
            "month": "2022-08",
            "price": "16.85",
            "revenue": 113455
        },
        "2022-09": {
            "month": "2022-09",
            "price": "16.16",
            "revenue": 139148
        },
        "2022-10": {
            "month": "2022-10",
            "price": "14.40",
            "revenue": 104081
        },
        "2022-11": {
            "month": "2022-11",
            "price": "15.27",
            "revenue": 113809
        },
        "2022-12": {
            "month": "2022-12",
            "price": "15.55",
            "revenue": 116679
        },
        "2023-01": {
            "month": "2023-01",
            "price": "15.29",
            "revenue": 60252
        },
        "2023-02": {
            "month": "2023-02",
            "price": "16.07",
            "revenue": 111029
        },
        "2023-03": {
            "month": "2023-03",
            "price": "17.32",
            "revenue": 149757
        },
        "2023-04": {
            "month": "2023-04",
            "price": "18.63",
            "revenue": 100494
        },
        "2023-05": {
            "month": "2023-05",
            "price": "19.01",
            "revenue": 93570
        },
        "2023-06": {
            "month": "2023-06",
            "price": "20.68",
            "revenue": 84391
        },
        "2023-07": {
            "month": "2023-07",
            "price": "18.89",
            "revenue": 79080
        },
        "2023-08": {
            "month": "2023-08",
            "price": "17.18",
            "revenue": 81575
        },
        "2023-09": {
            "month": "2023-09",
            "price": "17.22",
            "revenue": 93720
        },
        "2023-10": {
            "month": "2023-10",
            "price": "16.73",
            "revenue": 82975
        },
        "2023-11": {
            "month": "2023-11",
            "price": "17.37",
            "revenue": 98300
        },
        "2023-12": {
            "month": "2023-12",
            "price": "18.46",
            "revenue": 97310
        }
    }
}
