{
    "summary": {
        "stock_name": "偉訓",
        "stock_id": "3032",
        "category": "電子零組件",
        "main_business": "電腦機殼產品<br>電源供應器等資訊產品",
        "website_url": "http://www.hec-group.com.tw",
        "ceo": "王駿東",
        "pe_ratio": 15,
        "report_year_from": 2001,
        "report_year_to": 2023,
        "age": 23,
        "eps_negative_percentage": 0,
        "eps_growth_avg": {
            "last_all": 8.96,
            "last_2y": 5.38,
            "last_4y": 10.34,
            "last_8y": 16.88,
            "last_12y": 15.5,
            "last_16y": 11.33,
            "last_20y": 10.75,
            "at_2006_last_3y": 8.28,
            "at_2007_last_3y": 29.51,
            "at_2008_last_3y": 2.44,
            "at_2009_last_3y": -7.34,
            "at_2010_last_3y": -2.21,
            "at_2011_last_3y": -26.05,
            "at_2012_last_3y": -27.77,
            "at_2013_last_3y": -11.01,
            "at_2014_last_3y": 12.39,
            "at_2015_last_3y": 38.8,
            "at_2016_last_3y": 67.77,
            "at_2017_last_3y": 32.03,
            "at_2018_last_3y": 25.05,
            "at_2019_last_3y": 10.21,
            "at_2020_last_3y": 16.17,
            "at_2021_last_3y": 17.53,
            "at_2022_last_3y": 5.69,
            "at_2023_last_3y": 20.97,
            "at_2024_last_3y": 20.97,
            "at_2006_last_all": 0.9,
            "at_2007_last_all": 3.57,
            "at_2008_last_all": -6.24,
            "at_2009_last_all": -1.35,
            "at_2010_last_all": -0.48,
            "at_2011_last_all": -8.28,
            "at_2012_last_all": -14.07,
            "at_2013_last_all": -4.57,
            "at_2014_last_all": 3.48,
            "at_2015_last_all": 5.17,
            "at_2016_last_all": 7.75,
            "at_2017_last_all": 4.58,
            "at_2018_last_all": 8.55,
            "at_2019_last_all": 6.29,
            "at_2020_last_all": 9.52,
            "at_2021_last_all": 7.17,
            "at_2022_last_all": 8.01,
            "at_2023_last_all": 8.96,
            "at_2024_last_all": 8.96
        },
        "latest_eps": 5,
        "latest_price": 77.4,
        "latest_roe": 17.55,
        "latest_gross_margin": 22.89,
        "latest_equity": 4142317,
        "latest_revenue": 2067972,
        "latest_gross_profit": 473448,
        "latest_net_income": 212189,
        "latest_debt_ratio": 49.06,
        "latest_current_ratio": 156.31,
        "latest_account_receivable_turnover_ratio": 0.88,
        "latest_inventory_turnover_ratio": 1.1,
        "latest_reinvestment_rate": -23.94,
        "latest_research_to_sale_ratio": 1.71
    },
    "eps_dividends": {
        "1999": {
            "cash": 4,
            "stock": 4,
            "eps": 0
        },
        "2000": {
            "cash": 3,
            "stock": 3,
            "eps": 0
        },
        "2001": {
            "cash": 0,
            "stock": 2,
            "eps": 4.16
        },
        "2002": {
            "cash": 0.5,
            "stock": 2,
            "eps": 2.97
        },
        "2003": {
            "cash": 0,
            "stock": 0,
            "eps": 0.95
        },
        "2004": {
            "cash": 0.6,
            "stock": 0.4,
            "eps": 1.36
        },
        "2005": {
            "cash": 1,
            "stock": 0.1,
            "eps": 2.34
        },
        "2006": {
            "cash": 2,
            "stock": 0.1,
            "eps": 2.01
        },
        "2007": {
            "cash": 1.8,
            "stock": 0.2,
            "eps": 2.35
        },
        "2008": {
            "cash": 1.6,
            "stock": 0.4,
            "eps": 0.82
        },
        "2009": {
            "cash": 0,
            "stock": 0,
            "eps": 1.09
        },
        "2010": {
            "cash": 1,
            "stock": 0.1,
            "eps": 1.16
        },
        "2011": {
            "cash": 1,
            "stock": 0.1,
            "eps": 0.25
        },
        "2012": {
            "cash": 0,
            "stock": 0,
            "eps": 0.07
        },
        "2013": {
            "cash": 0.3,
            "stock": 0,
            "eps": 0.48
        },
        "2014": {
            "cash": 0.5,
            "stock": 0,
            "eps": 2.06
        },
        "2015": {
            "cash": 2,
            "stock": 0,
            "eps": 2.62
        },
        "2016": {
            "cash": 2,
            "stock": 0,
            "eps": 3.77
        },
        "2017": {
            "cash": 2.2,
            "stock": 0,
            "eps": 2.15
        },
        "2018": {
            "cash": 2,
            "stock": 0,
            "eps": 3.7
        },
        "2019": {
            "cash": 2.25,
            "stock": 0,
            "eps": 2.51
        },
        "2020": {
            "cash": 2,
            "stock": 0,
            "eps": 4.21
        },
        "2021": {
            "cash": 3.1,
            "stock": 0,
            "eps": 2.63
        },
        "2022": {
            "cash": 2,
            "stock": 0,
            "eps": 3.28
        },
        "2023": {
            "cash": 2,
            "stock": 0,
            "eps": 4.23
        }
    },
    "dividends": {
        "1999-05-05": {
            "cash": 4,
            "stock": 4
        },
        "2000-05-18": {
            "cash": 3,
            "stock": 3
        },
        "2001-04-12": {
            "cash": 0,
            "stock": 2
        },
        "2002-06-25": {
            "cash": 0.5,
            "stock": 2
        },
        "2004-04-26": {
            "cash": 0.6,
            "stock": 0.4
        },
        "2005-03-28": {
            "cash": 1,
            "stock": 0.1
        },
        "2006-03-24": {
            "cash": 2,
            "stock": 0.1
        },
        "2007-03-28": {
            "cash": 1.8,
            "stock": 0.2
        },
        "2008-03-27": {
            "cash": 1.6,
            "stock": 0.4
        },
        "2010-04-28": {
            "cash": 1,
            "stock": 0.1
        },
        "2011-03-28": {
            "cash": 1,
            "stock": 0.1
        },
        "2013-03-26": {
            "cash": 0.3,
            "stock": 0
        },
        "2014-06-20": {
            "cash": 0.5,
            "stock": 0
        },
        "2015-07-10": {
            "cash": 2,
            "stock": 0
        },
        "2016-08-16": {
            "cash": 2,
            "stock": 0
        },
        "2017-08-15": {
            "cash": 2.2,
            "stock": 0
        },
        "2018-08-15": {
            "cash": 2,
            "stock": 0
        },
        "2019-08-15": {
            "cash": 2.25,
            "stock": 0
        },
        "2020-08-13": {
            "cash": 2,
            "stock": 0
        },
        "2021-08-31": {
            "cash": 3.1,
            "stock": 0
        },
        "2022-08-19": {
            "cash": 2,
            "stock": 0
        },
        "2023-08-16": {
            "cash": 2,
            "stock": 0
        }
    },
    "prices": {
        "200101": "無",
        "200102": "無",
        "200103": "無",
        "200104": "無",
        "200105": "無",
        "200106": "無",
        "200107": "無",
        "200108": "無",
        "200109": "無",
        "200110": "無",
        "200111": "無",
        "200112": "無",
        "200201": "無",
        "200202": "無",
        "200203": "無",
        "200204": "無",
        "200205": "無",
        "200206": "無",
        "200207": "無",
        "200208": "39.50",
        "200209": "35.42",
        "200210": "30.08",
        "200211": "27.96",
        "200212": "26.81",
        "200301": "25.79",
        "200302": "22.68",
        "200303": "21.03",
        "200304": "21.36",
        "200305": "19.10",
        "200306": "21.34",
        "200307": "22.37",
        "200308": "21.84",
        "200309": "18.38",
        "200310": "16.31",
        "200311": "14.61",
        "200312": "15.24",
        "200401": "16.09",
        "200402": "17.39",
        "200403": "16.42",
        "200404": "20.10",
        "200405": "16.99",
        "200406": "16.19",
        "200407": "15.13",
        "200408": "14.06",
        "200409": "14.53",
        "200410": "14.40",
        "200411": "10.63",
        "200412": "15.58",
        "200501": "20.05",
        "200502": "26.41",
        "200503": "19.66",
        "200504": "16.94",
        "200505": "17.67",
        "200506": "19.83",
        "200507": "19.68",
        "200508": "17.51",
        "200509": "17.01",
        "200510": "14.80",
        "200511": "15.06",
        "200512": "17.82",
        "200601": "19.15",
        "200602": "17.73",
        "200603": "17.09",
        "200604": "19.87",
        "200605": "21.23",
        "200606": "19.11",
        "200607": "16.67",
        "200608": "16.20",
        "200609": "15.47",
        "200610": "16.56",
        "200611": "16.89",
        "200612": "17.95",
        "200701": "19.17",
        "200702": "18.80",
        "200703": "19.32",
        "200704": "20.64",
        "200705": "19.13",
        "200706": "19.32",
        "200707": "20.89",
        "200708": "20.08",
        "200709": "20.37",
        "200710": "22.00",
        "200711": "19.17",
        "200712": "17.91",
        "200801": "16.70",
        "200802": "16.62",
        "200803": "17.66",
        "200804": "19.94",
        "200805": "19.56",
        "200806": "18.10",
        "200807": "14.22",
        "200808": "13.26",
        "200809": "10.51",
        "200810": "9.32",
        "200811": "8.18",
        "200812": "7.07",
        "200901": "6.77",
        "200902": "6.90",
        "200903": "8.00",
        "200904": "8.88",
        "200905": "9.84",
        "200906": "9.36",
        "200907": "9.47",
        "200908": "10.49",
        "200909": "11.24",
        "200910": "12.84",
        "200911": "12.94",
        "200912": "14.25",
        "201001": "15.66",
        "201002": "13.92",
        "201003": "15.18",
        "201004": "16.69",
        "201005": "15.22",
        "201006": "14.95",
        "201007": "15.72",
        "201008": "14.90",
        "201009": "14.96",
        "201010": "15.00",
        "201011": "14.36",
        "201012": "14.55",
        "201101": "14.42",
        "201102": "13.98",
        "201103": "13.53",
        "201104": "14.10",
        "201105": "13.66",
        "201106": "13.31",
        "201107": "12.30",
        "201108": "9.93",
        "201109": "8.93",
        "201110": "8.66",
        "201111": "8.24",
        "201112": "7.45",
        "201201": "7.59",
        "201202": "9.02",
        "201203": "9.32",
        "201204": "8.14",
        "201205": "7.84",
        "201206": "7.59",
        "201207": "7.59",
        "201208": "7.60",
        "201209": "8.34",
        "201210": "8.54",
        "201211": "7.85",
        "201212": "8.19",
        "201301": "8.72",
        "201302": "8.67",
        "201303": "8.97",
        "201304": "9.14",
        "201305": "10.28",
        "201306": "12.77",
        "201307": "13.20",
        "201308": "12.24",
        "201309": "13.47",
        "201310": "13.04",
        "201311": "12.29",
        "201312": "12.34",
        "201401": "15.33",
        "201402": "18.01",
        "201403": "18.91",
        "201404": "24.51",
        "201405": "24.02",
        "201406": "27.54",
        "201407": "25.97",
        "201408": "25.49",
        "201409": "23.68",
        "201410": "22.94",
        "201411": "21.66",
        "201412": "22.19",
        "201501": "22.76",
        "201502": "22.75",
        "201503": "24.28",
        "201504": "23.77",
        "201505": "22.54",
        "201506": "20.20",
        "201507": "16.70",
        "201508": "15.18",
        "201509": "17.20",
        "201510": "20.17",
        "201511": "21.42",
        "201512": "21.91",
        "201601": "22.59",
        "201602": "25.93",
        "201603": "34.22",
        "201604": "38.62",
        "201605": "34.89",
        "201606": "38.09",
        "201607": "37.96",
        "201608": "39.46",
        "201609": "40.16",
        "201610": "45.16",
        "201611": "40.04",
        "201612": "39.00",
        "201701": "41.58",
        "201702": "42.57",
        "201703": "40.91",
        "201704": "40.50",
        "201705": "41.38",
        "201706": "46.93",
        "201707": "45.67",
        "201708": "42.93",
        "201709": "41.28",
        "201710": "40.87",
        "201711": "40.03",
        "201712": "39.06",
        "201801": "38.15",
        "201802": "34.39",
        "201803": "33.41",
        "201804": "33.89",
        "201805": "34.38",
        "201806": "33.71",
        "201807": "32.75",
        "201808": "31.94",
        "201809": "29.69",
        "201810": "24.10",
        "201811": "25.72",
        "201812": "26.11",
        "201901": "24.94",
        "201902": "26.03",
        "201903": "27.22",
        "201904": "28.07",
        "201905": "26.86",
        "201906": "27.16",
        "201907": "27.64",
        "201908": "25.31",
        "201909": "25.65",
        "201910": "25.81",
        "201911": "26.85",
        "201912": "27.85",
        "202001": "27.84",
        "202002": "26.39",
        "202003": "23.52",
        "202004": "25.40",
        "202005": "28.37",
        "202006": "30.38",
        "202007": "30.62",
        "202008": "38.14",
        "202009": "43.76",
        "202010": "49.04",
        "202011": "46.53",
        "202012": "44.11",
        "202101": "41.32",
        "202102": "43.35",
        "202103": "47.74",
        "202104": "47.73",
        "202105": "41.54",
        "202106": "41.90",
        "202107": "41.71",
        "202108": "36.05",
        "202109": "31.65",
        "202110": "31.08",
        "202111": "31.80",
        "202112": "31.79",
        "202201": "32.16",
        "202202": "31.89",
        "202203": "31.00",
        "202204": "30.46",
        "202205": "28.84",
        "202206": "28.73",
        "202207": "28.10",
        "202208": "30.27",
        "202209": "29.47",
        "202210": "27.04",
        "202211": "28.06",
        "202212": "29.85",
        "202301": "29.98",
        "202302": "32.02",
        "202303": "36.48",
        "202304": "50.54",
        "202305": "51.54",
        "202306": "59.14",
        "202307": "65.84",
        "202308": "64.29",
        "202309": "64.90",
        "202310": "68.93",
        "202311": "68.95",
        "202312": "68.98"
    },
    "quarters": {
        "20011": {
            "year_quarter": 20011,
            "year": 2001,
            "quarter": 1,
            "eps": 0.97,
            "eps_growth_year": 79.63,
            "eps_4q": 2.55,
            "eps_4q_growth_year": null,
            "roe": 6.58,
            "roe_4q": 6.58,
            "gross_profit": 53469,
            "gross_margin": 10.87,
            "gross_margin_4q_avg": 10.87,
            "net_income": 48148,
            "net_income_4q": null,
            "revenue": 491954,
            "revenue_4q": null,
            "common_shares": 494000,
            "book_valuer_per_share": 15.28,
            "book_valuer_per_share_4q_avg": 15.28,
            "equity": 754857,
            "current_ratio": 124.81,
            "debt_ratio": 41.7,
            "inventory_turnover_ratio": 4.77,
            "account_receivable_turnover_ratio": null,
            "reinvestment_rate": null,
            "research_to_sale_ratio": null,
            "price_fair": 0,
            "eps_avg_yearly": 0,
            "eps_latest_yearly": 0,
            "eps_growth_yearly": 0
        },
        "20012": {
            "year_quarter": 20012,
            "year": 2001,
            "quarter": 2,
            "eps": 0.75,
            "eps_growth_year": 120.59,
            "eps_4q": 3.04,
            "eps_4q_growth_year": null,
            "roe": 4.79,
            "roe_4q": 11.370000000000001,
            "gross_profit": 41607,
            "gross_margin": 10.87,
            "gross_margin_4q_avg": 10.87,
            "net_income": 37253,
            "net_income_4q": null,
            "revenue": 382672,
            "revenue_4q": null,
            "common_shares": 494000,
            "book_valuer_per_share": 16.22,
            "book_valuer_per_share_4q_avg": 15.75,
            "equity": 801060,
            "current_ratio": 129.18,
            "debt_ratio": 37.79,
            "inventory_turnover_ratio": 21.76,
            "account_receivable_turnover_ratio": null,
            "reinvestment_rate": null,
            "research_to_sale_ratio": null,
            "price_fair": 0,
            "eps_avg_yearly": 0,
            "eps_latest_yearly": 0,
            "eps_growth_yearly": 0
        },
        "20013": {
            "year_quarter": 20013,
            "year": 2001,
            "quarter": 3,
            "eps": 1.52,
            "eps_growth_year": 55.1,
            "eps_4q": 3.44,
            "eps_4q_growth_year": null,
            "roe": 10.65,
            "roe_4q": 22.020000000000003,
            "gross_profit": 72184,
            "gross_margin": 10.71,
            "gross_margin_4q_avg": 10.82,
            "net_income": 90296,
            "net_income_4q": null,
            "revenue": 673841,
            "revenue_4q": null,
            "common_shares": 594930,
            "book_valuer_per_share": 15.03,
            "book_valuer_per_share_4q_avg": 15.51,
            "equity": 893909,
            "current_ratio": 125.81,
            "debt_ratio": 43.91,
            "inventory_turnover_ratio": 33.33,
            "account_receivable_turnover_ratio": null,
            "reinvestment_rate": null,
            "research_to_sale_ratio": null,
            "price_fair": 0,
            "eps_avg_yearly": 0,
            "eps_latest_yearly": 0,
            "eps_growth_yearly": 0
        },
        "20014": {
            "year_quarter": 20014,
            "year": 2001,
            "quarter": 4,
            "eps": 0.92,
            "eps_growth_year": 58.62,
            "eps_4q": 3.87,
            "eps_4q_growth_year": 91.2,
            "roe": 5.91,
            "roe_4q": 27.93,
            "gross_profit": 62690,
            "gross_margin": 10.49,
            "gross_margin_4q_avg": 10.74,
            "net_income": 54813,
            "net_income_4q": null,
            "revenue": 597432,
            "revenue_4q": null,
            "common_shares": 594930,
            "book_valuer_per_share": 16.04,
            "book_valuer_per_share_4q_avg": 15.64,
            "equity": 959525,
            "current_ratio": 105.65,
            "debt_ratio": 55.6,
            "inventory_turnover_ratio": 3.02,
            "account_receivable_turnover_ratio": null,
            "reinvestment_rate": null,
            "research_to_sale_ratio": null,
            "price_fair": 0,
            "eps_avg_yearly": 0,
            "eps_latest_yearly": 0,
            "eps_growth_yearly": 0
        },
        "20021": {
            "year_quarter": 20021,
            "year": 2002,
            "quarter": 1,
            "eps": 1.08,
            "eps_growth_year": 11.34,
            "eps_4q": 4.14,
            "eps_4q_growth_year": 62.23,
            "roe": 6.48,
            "roe_4q": 27.83,
            "gross_profit": 57376,
            "gross_margin": 11.11,
            "gross_margin_4q_avg": 10.8,
            "net_income": 64321,
            "net_income_4q": null,
            "revenue": 516258,
            "revenue_4q": null,
            "common_shares": 594930,
            "book_valuer_per_share": 17.26,
            "book_valuer_per_share_4q_avg": 16.14,
            "equity": 1026955,
            "current_ratio": 144.8,
            "debt_ratio": 34.39,
            "inventory_turnover_ratio": 2.55,
            "account_receivable_turnover_ratio": null,
            "reinvestment_rate": null,
            "research_to_sale_ratio": null,
            "price_fair": 151.2,
            "eps_avg_yearly": 4.32,
            "eps_latest_yearly": 4.32,
            "eps_growth_yearly": 69.57
        },
        "20022": {
            "year_quarter": 20022,
            "year": 2002,
            "quarter": 2,
            "eps": 0.32,
            "eps_growth_year": -57.33,
            "eps_4q": 3.73,
            "eps_4q_growth_year": 22.65,
            "roe": 1.81,
            "roe_4q": 24.85,
            "gross_profit": 51722,
            "gross_margin": 13.16,
            "gross_margin_4q_avg": 11.37,
            "net_income": 19672,
            "net_income_4q": null,
            "revenue": 393134,
            "revenue_4q": null,
            "common_shares": 626180,
            "book_valuer_per_share": 18.25,
            "book_valuer_per_share_4q_avg": 16.65,
            "equity": 1142623,
            "current_ratio": 237.59,
            "debt_ratio": 21.22,
            "inventory_turnover_ratio": 14.1,
            "account_receivable_turnover_ratio": null,
            "reinvestment_rate": null,
            "research_to_sale_ratio": null,
            "price_fair": 8.4,
            "eps_avg_yearly": 2.8,
            "eps_latest_yearly": 1.28,
            "eps_growth_yearly": -105.96
        },
        "20023": {
            "year_quarter": 20023,
            "year": 2002,
            "quarter": 3,
            "eps": 0.82,
            "eps_growth_year": -46.05,
            "eps_4q": 2.67,
            "eps_4q_growth_year": -22.21,
            "roe": 5.2,
            "roe_4q": 19.4,
            "gross_profit": 67558,
            "gross_margin": 11.18,
            "gross_margin_4q_avg": 11.49,
            "net_income": 61416,
            "net_income_4q": null,
            "revenue": 604224,
            "revenue_4q": null,
            "common_shares": 761846,
            "book_valuer_per_share": 16.03,
            "book_valuer_per_share_4q_avg": 16.9,
            "equity": 1221061,
            "current_ratio": 191.16,
            "debt_ratio": 27.37,
            "inventory_turnover_ratio": 21.5,
            "account_receivable_turnover_ratio": null,
            "reinvestment_rate": null,
            "research_to_sale_ratio": null,
            "price_fair": 103.6,
            "eps_avg_yearly": 2.96,
            "eps_latest_yearly": 3.28,
            "eps_growth_yearly": 137.69
        },
        "20024": {
            "year_quarter": 20024,
            "year": 2002,
            "quarter": 4,
            "eps": 0.75,
            "eps_growth_year": -18.48,
            "eps_4q": 2.68,
            "eps_4q_growth_year": -30.71,
            "roe": 4.51,
            "roe_4q": 18,
            "gross_profit": 64677,
            "gross_margin": 11.2,
            "gross_margin_4q_avg": 11.66,
            "net_income": 56488,
            "net_income_4q": null,
            "revenue": 577662,
            "revenue_4q": null,
            "common_shares": 761846,
            "book_valuer_per_share": 16.73,
            "book_valuer_per_share_4q_avg": 17.07,
            "equity": 1281321,
            "current_ratio": 135.92,
            "debt_ratio": 43.09,
            "inventory_turnover_ratio": 2.57,
            "account_receivable_turnover_ratio": null,
            "reinvestment_rate": null,
            "research_to_sale_ratio": null,
            "price_fair": 103.95,
            "eps_avg_yearly": 2.97,
            "eps_latest_yearly": 3,
            "eps_growth_yearly": 94.73
        },
        "20031": {
            "year_quarter": 20031,
            "year": 2003,
            "quarter": 1,
            "eps": 0.27,
            "eps_growth_year": -75,
            "eps_4q": 2.07,
            "eps_4q_growth_year": -50.11,
            "roe": 1.6,
            "roe_4q": 13.12,
            "gross_profit": 40804,
            "gross_margin": 8.53,
            "gross_margin_4q_avg": 11.02,
            "net_income": 20679,
            "net_income_4q": null,
            "revenue": 478515,
            "revenue_4q": null,
            "common_shares": 761846,
            "book_valuer_per_share": 17.01,
            "book_valuer_per_share_4q_avg": 17.01,
            "equity": 1295796,
            "current_ratio": 190.22,
            "debt_ratio": 26.56,
            "inventory_turnover_ratio": 2.26,
            "account_receivable_turnover_ratio": null,
            "reinvestment_rate": null,
            "research_to_sale_ratio": null,
            "price_fair": 89.65,
            "eps_avg_yearly": 2.59,
            "eps_latest_yearly": 1.08,
            "eps_growth_yearly": 24.59
        },
        "20032": {
            "year_quarter": 20032,
            "year": 2003,
            "quarter": 2,
            "eps": -0.04,
            "eps_growth_year": -112.5,
            "eps_4q": 1.78,
            "eps_4q_growth_year": -52.18,
            "roe": -0.22,
            "roe_4q": 11.09,
            "gross_profit": 36681,
            "gross_margin": 9.21,
            "gross_margin_4q_avg": 10.03,
            "net_income": -2818,
            "net_income_4q": null,
            "revenue": 398400,
            "revenue_4q": null,
            "common_shares": 761846,
            "book_valuer_per_share": 16.38,
            "book_valuer_per_share_4q_avg": 16.54,
            "equity": 1247720,
            "current_ratio": 189.32,
            "debt_ratio": 24.42,
            "inventory_turnover_ratio": 32.99,
            "account_receivable_turnover_ratio": null,
            "reinvestment_rate": null,
            "research_to_sale_ratio": null,
            "price_fair": 89.65,
            "eps_avg_yearly": 2.59,
            "eps_latest_yearly": 1.08,
            "eps_growth_yearly": 24.59
        },
        "20033": {
            "year_quarter": 20033,
            "year": 2003,
            "quarter": 3,
            "eps": 0.3,
            "eps_growth_year": -63.41,
            "eps_4q": 1.28,
            "eps_4q_growth_year": -52.3,
            "roe": 1.82,
            "roe_4q": 7.71,
            "gross_profit": 54578,
            "gross_margin": 10.24,
            "gross_margin_4q_avg": 9.8,
            "net_income": 22872,
            "net_income_4q": null,
            "revenue": 533011,
            "revenue_4q": null,
            "common_shares": 761846,
            "book_valuer_per_share": 16.57,
            "book_valuer_per_share_4q_avg": 16.67,
            "equity": 1262307,
            "current_ratio": 151.1,
            "debt_ratio": 35.96,
            "inventory_turnover_ratio": 51.82,
            "account_receivable_turnover_ratio": null,
            "reinvestment_rate": null,
            "research_to_sale_ratio": null,
            "price_fair": 89.65,
            "eps_avg_yearly": 2.59,
            "eps_latest_yearly": 1.08,
            "eps_growth_yearly": 24.59
        },
        "20034": {
            "year_quarter": 20034,
            "year": 2003,
            "quarter": 4,
            "eps": 0.42,
            "eps_growth_year": -44,
            "eps_4q": 0.9,
            "eps_4q_growth_year": -66.53,
            "roe": 2.77,
            "roe_4q": 5.970000000000001,
            "gross_profit": 69787,
            "gross_margin": 10.68,
            "gross_margin_4q_avg": 9.67,
            "net_income": 35858,
            "net_income_4q": null,
            "revenue": 653492,
            "revenue_4q": null,
            "common_shares": 860378,
            "book_valuer_per_share": 15.13,
            "book_valuer_per_share_4q_avg": 16.27,
            "equity": 1322810,
            "current_ratio": 133.5,
            "debt_ratio": 47.09,
            "inventory_turnover_ratio": 2.87,
            "account_receivable_turnover_ratio": null,
            "reinvestment_rate": 61.63,
            "research_to_sale_ratio": null,
            "price_fair": 85.4,
            "eps_avg_yearly": 2.44,
            "eps_latest_yearly": 1.68,
            "eps_growth_yearly": 47.16
        },
        "20041": {
            "year_quarter": 20041,
            "year": 2004,
            "quarter": 1,
            "eps": 0.12,
            "eps_growth_year": -55.56,
            "eps_4q": 0.78,
            "eps_4q_growth_year": -62.36,
            "roe": 0.79,
            "roe_4q": 5.16,
            "gross_profit": 47207,
            "gross_margin": 10,
            "gross_margin_4q_avg": 10.03,
            "net_income": 10201,
            "net_income_4q": null,
            "revenue": 472208,
            "revenue_4q": null,
            "common_shares": 860378,
            "book_valuer_per_share": 14.74,
            "book_valuer_per_share_4q_avg": 15.71,
            "equity": 1268414,
            "current_ratio": 191.06,
            "debt_ratio": 24.5,
            "inventory_turnover_ratio": 2.09,
            "account_receivable_turnover_ratio": null,
            "reinvestment_rate": 4.2,
            "research_to_sale_ratio": null,
            "price_fair": 6.48,
            "eps_avg_yearly": 2.16,
            "eps_latest_yearly": 0.48,
            "eps_growth_yearly": -0.4
        },
        "20042": {
            "year_quarter": 20042,
            "year": 2004,
            "quarter": 2,
            "eps": 0.22,
            "eps_growth_year": null,
            "eps_4q": 0.99,
            "eps_4q_growth_year": -44.71,
            "roe": 1.58,
            "roe_4q": 6.960000000000001,
            "gross_profit": 39423,
            "gross_margin": 8.11,
            "gross_margin_4q_avg": 9.76,
            "net_income": 19814,
            "net_income_4q": null,
            "revenue": 486354,
            "revenue_4q": null,
            "common_shares": 860378,
            "book_valuer_per_share": 14.46,
            "book_valuer_per_share_4q_avg": 15.23,
            "equity": 1243990,
            "current_ratio": 168.36,
            "debt_ratio": 26.85,
            "inventory_turnover_ratio": 52.56,
            "account_receivable_turnover_ratio": null,
            "reinvestment_rate": 3.81,
            "research_to_sale_ratio": null,
            "price_fair": 70,
            "eps_avg_yearly": 2,
            "eps_latest_yearly": 0.88,
            "eps_growth_yearly": 41.32
        },
        "20043": {
            "year_quarter": 20043,
            "year": 2004,
            "quarter": 3,
            "eps": 0.55,
            "eps_growth_year": 83.33,
            "eps_4q": 1.3,
            "eps_4q_growth_year": 1.66,
            "roe": 3.82,
            "roe_4q": 8.96,
            "gross_profit": 50748,
            "gross_margin": 8.39,
            "gross_margin_4q_avg": 9.3,
            "net_income": 48540,
            "net_income_4q": null,
            "revenue": 604842,
            "revenue_4q": null,
            "common_shares": 898759,
            "book_valuer_per_share": 14.4,
            "book_valuer_per_share_4q_avg": 14.68,
            "equity": 1294459,
            "current_ratio": 174.71,
            "debt_ratio": 25.55,
            "inventory_turnover_ratio": 42.64,
            "account_receivable_turnover_ratio": null,
            "reinvestment_rate": 3.69,
            "research_to_sale_ratio": null,
            "price_fair": 70.78,
            "eps_avg_yearly": 2.02,
            "eps_latest_yearly": 2.2,
            "eps_growth_yearly": 103.4
        },
        "20044": {
            "year_quarter": 20044,
            "year": 2004,
            "quarter": 4,
            "eps": 0.47,
            "eps_growth_year": 11.9,
            "eps_4q": 1.37,
            "eps_4q_growth_year": 52.92,
            "roe": 3.18,
            "roe_4q": 9.370000000000001,
            "gross_profit": 52498,
            "gross_margin": 8.18,
            "gross_margin_4q_avg": 8.67,
            "net_income": 40939,
            "net_income_4q": null,
            "revenue": 641784,
            "revenue_4q": null,
            "common_shares": 898759,
            "book_valuer_per_share": 13.91,
            "book_valuer_per_share_4q_avg": 14.38,
            "equity": 1280522,
            "current_ratio": 151.84,
            "debt_ratio": 39.82,
            "inventory_turnover_ratio": 2.98,
            "account_receivable_turnover_ratio": null,
            "reinvestment_rate": -1.42,
            "research_to_sale_ratio": null,
            "price_fair": 70.28,
            "eps_avg_yearly": 2.01,
            "eps_latest_yearly": 1.88,
            "eps_growth_yearly": 87.24
        },
        "20051": {
            "year_quarter": 20051,
            "year": 2005,
            "quarter": 1,
            "eps": 0.6,
            "eps_growth_year": 400,
            "eps_4q": 1.88,
            "eps_4q_growth_year": 142.31,
            "roe": 3.96,
            "roe_4q": 12.540000000000001,
            "gross_profit": 46505,
            "gross_margin": 8.15,
            "gross_margin_4q_avg": 8.21,
            "net_income": 51050,
            "net_income_4q": null,
            "revenue": 570782,
            "revenue_4q": null,
            "common_shares": 898759,
            "book_valuer_per_share": 14.41,
            "book_valuer_per_share_4q_avg": 14.3,
            "equity": 1294817,
            "current_ratio": 154.15,
            "debt_ratio": 29.36,
            "inventory_turnover_ratio": 2.66,
            "account_receivable_turnover_ratio": null,
            "reinvestment_rate": 3.4,
            "research_to_sale_ratio": null,
            "price_fair": 71.53,
            "eps_avg_yearly": 2.04,
            "eps_latest_yearly": 2.4,
            "eps_growth_yearly": 89.36
        },
        "20052": {
            "year_quarter": 20052,
            "year": 2005,
            "quarter": 2,
            "eps": 0.38,
            "eps_growth_year": 72.73,
            "eps_4q": 2,
            "eps_4q_growth_year": 102.69,
            "roe": 2.61,
            "roe_4q": 13.57,
            "gross_profit": 47391,
            "gross_margin": 8.31,
            "gross_margin_4q_avg": 8.26,
            "net_income": 33021,
            "net_income_4q": null,
            "revenue": 570567,
            "revenue_4q": null,
            "common_shares": 898759,
            "book_valuer_per_share": 13.8,
            "book_valuer_per_share_4q_avg": 14.13,
            "equity": 1240106,
            "current_ratio": 133.74,
            "debt_ratio": 33.6,
            "inventory_turnover_ratio": 52.25,
            "account_receivable_turnover_ratio": null,
            "reinvestment_rate": 3.22,
            "research_to_sale_ratio": null,
            "price_fair": 70,
            "eps_avg_yearly": 2,
            "eps_latest_yearly": 1.52,
            "eps_growth_yearly": 69.7
        },
        "20053": {
            "year_quarter": 20053,
            "year": 2005,
            "quarter": 3,
            "eps": 0.47,
            "eps_growth_year": -14.55,
            "eps_4q": 1.91,
            "eps_4q_growth_year": 47.21,
            "roe": 3.08,
            "roe_4q": 12.829999999999998,
            "gross_profit": 49383,
            "gross_margin": 8.04,
            "gross_margin_4q_avg": 8.17,
            "net_income": 40848,
            "net_income_4q": null,
            "revenue": 614173,
            "revenue_4q": null,
            "common_shares": 913520,
            "book_valuer_per_share": 15.44,
            "book_valuer_per_share_4q_avg": 14.39,
            "equity": 1410353,
            "current_ratio": 147.8,
            "debt_ratio": 32.29,
            "inventory_turnover_ratio": 136.84,
            "account_receivable_turnover_ratio": null,
            "reinvestment_rate": 3.58,
            "research_to_sale_ratio": null,
            "price_fair": 69.68,
            "eps_avg_yearly": 1.99,
            "eps_latest_yearly": 1.88,
            "eps_growth_yearly": 71.62
        },
        "20054": {
            "year_quarter": 20054,
            "year": 2005,
            "quarter": 4,
            "eps": 0.89,
            "eps_growth_year": 89.36,
            "eps_4q": 2.32,
            "eps_4q_growth_year": 69.04,
            "roe": 5.39,
            "roe_4q": 15.04,
            "gross_profit": 60214,
            "gross_margin": 8.19,
            "gross_margin_4q_avg": 8.17,
            "net_income": 77800,
            "net_income_4q": null,
            "revenue": 735250,
            "revenue_4q": null,
            "common_shares": 913520,
            "book_valuer_per_share": 15.84,
            "book_valuer_per_share_4q_avg": 14.87,
            "equity": 1474419,
            "current_ratio": 175.27,
            "debt_ratio": 38.17,
            "inventory_turnover_ratio": 3.42,
            "account_receivable_turnover_ratio": null,
            "reinvestment_rate": -27.72,
            "research_to_sale_ratio": null,
            "price_fair": 73.6,
            "eps_avg_yearly": 2.1,
            "eps_latest_yearly": 3.56,
            "eps_growth_yearly": 92.04
        },
        "20061": {
            "year_quarter": 20061,
            "year": 2006,
            "quarter": 1,
            "eps": 0.54,
            "eps_growth_year": -10,
            "eps_4q": 2.22,
            "eps_4q_growth_year": 17.94,
            "roe": 3.25,
            "roe_4q": 14.33,
            "gross_profit": 48731,
            "gross_margin": 7.89,
            "gross_margin_4q_avg": 8.11,
            "net_income": 48676,
            "net_income_4q": null,
            "revenue": 617473,
            "revenue_4q": null,
            "common_shares": 913520,
            "book_valuer_per_share": 16.61,
            "book_valuer_per_share_4q_avg": 15.42,
            "equity": 1517742,
            "current_ratio": 159.52,
            "debt_ratio": 29.03,
            "inventory_turnover_ratio": 2.82,
            "account_receivable_turnover_ratio": null,
            "reinvestment_rate": 3.83,
            "research_to_sale_ratio": null,
            "price_fair": 68.2,
            "eps_avg_yearly": 1.95,
            "eps_latest_yearly": 2.16,
            "eps_growth_yearly": 75.83
        },
        "20062": {
            "year_quarter": 20062,
            "year": 2006,
            "quarter": 2,
            "eps": 0.04,
            "eps_growth_year": -89.47,
            "eps_4q": 1.7,
            "eps_4q_growth_year": -15.05,
            "roe": 0.28,
            "roe_4q": 12,
            "gross_profit": 38955,
            "gross_margin": 8.08,
            "gross_margin_4q_avg": 8.05,
            "net_income": 4040,
            "net_income_4q": null,
            "revenue": 482081,
            "revenue_4q": null,
            "common_shares": 913520,
            "book_valuer_per_share": 14.59,
            "book_valuer_per_share_4q_avg": 15.62,
            "equity": 1332775,
            "current_ratio": 121.93,
            "debt_ratio": 36.18,
            "inventory_turnover_ratio": 33.46,
            "account_receivable_turnover_ratio": null,
            "reinvestment_rate": 3.52,
            "research_to_sale_ratio": null,
            "price_fair": 65.4,
            "eps_avg_yearly": 1.87,
            "eps_latest_yearly": 0.16,
            "eps_growth_yearly": 69.48
        },
        "20063": {
            "year_quarter": 20063,
            "year": 2006,
            "quarter": 3,
            "eps": 0.57,
            "eps_growth_year": 21.28,
            "eps_4q": 1.96,
            "eps_4q_growth_year": 2.73,
            "roe": 3.9,
            "roe_4q": 12.82,
            "gross_profit": 56454,
            "gross_margin": 7.89,
            "gross_margin_4q_avg": 8.01,
            "net_income": 53506,
            "net_income_4q": null,
            "revenue": 715359,
            "revenue_4q": null,
            "common_shares": 933195,
            "book_valuer_per_share": 15.1,
            "book_valuer_per_share_4q_avg": 15.54,
            "equity": 1408866,
            "current_ratio": 125.48,
            "debt_ratio": 34.94,
            "inventory_turnover_ratio": 61.12,
            "account_receivable_turnover_ratio": null,
            "reinvestment_rate": 3.3,
            "research_to_sale_ratio": null,
            "price_fair": 62.9,
            "eps_avg_yearly": 1.8,
            "eps_latest_yearly": 2.28,
            "eps_growth_yearly": 403.41
        },
        "20064": {
            "year_quarter": 20064,
            "year": 2006,
            "quarter": 4,
            "eps": 0.86,
            "eps_growth_year": -3.37,
            "eps_4q": 2,
            "eps_4q_growth_year": -13.76,
            "roe": 5.48,
            "roe_4q": 12.91,
            "gross_profit": 53146,
            "gross_margin": 7.42,
            "gross_margin_4q_avg": 7.82,
            "net_income": 80141,
            "net_income_4q": null,
            "revenue": 715855,
            "revenue_4q": null,
            "common_shares": 933196,
            "book_valuer_per_share": 15.98,
            "book_valuer_per_share_4q_avg": 15.57,
            "equity": 1517545,
            "current_ratio": 193.08,
            "debt_ratio": 35.95,
            "inventory_turnover_ratio": 3.23,
            "account_receivable_turnover_ratio": null,
            "reinvestment_rate": -39.92,
            "research_to_sale_ratio": null,
            "price_fair": 64,
            "eps_avg_yearly": 1.83,
            "eps_latest_yearly": 3.44,
            "eps_growth_yearly": 420.39
        },
        "20071": {
            "year_quarter": 20071,
            "year": 2007,
            "quarter": 1,
            "eps": 0.47,
            "eps_growth_year": -12.96,
            "eps_4q": 1.95,
            "eps_4q_growth_year": -12.09,
            "roe": 2.84,
            "roe_4q": 12.5,
            "gross_profit": 37257,
            "gross_margin": 7.48,
            "gross_margin_4q_avg": 7.72,
            "net_income": 43609,
            "net_income_4q": null,
            "revenue": 498282,
            "revenue_4q": null,
            "common_shares": 933196,
            "book_valuer_per_share": 16.7,
            "book_valuer_per_share_4q_avg": 15.59,
            "equity": 1558305,
            "current_ratio": 136.64,
            "debt_ratio": 28.85,
            "inventory_turnover_ratio": 2.26,
            "account_receivable_turnover_ratio": null,
            "reinvestment_rate": -0.85,
            "research_to_sale_ratio": null,
            "price_fair": 66,
            "eps_avg_yearly": 1.89,
            "eps_latest_yearly": 1.88,
            "eps_growth_yearly": 425.72
        },
        "20072": {
            "year_quarter": 20072,
            "year": 2007,
            "quarter": 2,
            "eps": 0.43,
            "eps_growth_year": 975,
            "eps_4q": 2.27,
            "eps_4q_growth_year": 33.55,
            "roe": 2.78,
            "roe_4q": 15,
            "gross_profit": 40591,
            "gross_margin": 7.78,
            "gross_margin_4q_avg": 7.64,
            "net_income": 41516,
            "net_income_4q": null,
            "revenue": 521986,
            "revenue_4q": null,
            "common_shares": 933196,
            "book_valuer_per_share": 15.32,
            "book_valuer_per_share_4q_avg": 15.78,
            "equity": 1429302,
            "current_ratio": 104.96,
            "debt_ratio": 38.58,
            "inventory_turnover_ratio": 93.27,
            "account_receivable_turnover_ratio": null,
            "reinvestment_rate": -3.48,
            "research_to_sale_ratio": null,
            "price_fair": 65.61,
            "eps_avg_yearly": 1.87,
            "eps_latest_yearly": 1.72,
            "eps_growth_yearly": 395.07
        },
        "20073": {
            "year_quarter": 20073,
            "year": 2007,
            "quarter": 3,
            "eps": 0.78,
            "eps_growth_year": 36.84,
            "eps_4q": 2.5,
            "eps_4q_growth_year": 27.68,
            "roe": 5.1,
            "roe_4q": 16.2,
            "gross_profit": 62887,
            "gross_margin": 8.86,
            "gross_margin_4q_avg": 7.89,
            "net_income": 74816,
            "net_income_4q": null,
            "revenue": 710057,
            "revenue_4q": null,
            "common_shares": 962110,
            "book_valuer_per_share": 15.66,
            "book_valuer_per_share_4q_avg": 15.92,
            "equity": 1506413,
            "current_ratio": 106.65,
            "debt_ratio": 35.67,
            "inventory_turnover_ratio": 127.62,
            "account_receivable_turnover_ratio": null,
            "reinvestment_rate": -2.63,
            "research_to_sale_ratio": null,
            "price_fair": 68.34,
            "eps_avg_yearly": 1.95,
            "eps_latest_yearly": 3.12,
            "eps_growth_yearly": 390.72
        },
        "20074": {
            "year_quarter": 20074,
            "year": 2007,
            "quarter": 4,
            "eps": 0.67,
            "eps_growth_year": -22.09,
            "eps_4q": 2.32,
            "eps_4q_growth_year": 16.22,
            "roe": 4.13,
            "roe_4q": 14.85,
            "gross_profit": 87470,
            "gross_margin": 13.63,
            "gross_margin_4q_avg": 9.44,
            "net_income": 64778,
            "net_income_4q": null,
            "revenue": 641915,
            "revenue_4q": null,
            "common_shares": 962110,
            "book_valuer_per_share": 16.49,
            "book_valuer_per_share_4q_avg": 16.04,
            "equity": 1632874,
            "current_ratio": 197.22,
            "debt_ratio": 36.34,
            "inventory_turnover_ratio": 2.4,
            "account_receivable_turnover_ratio": null,
            "reinvestment_rate": -29.1,
            "research_to_sale_ratio": null,
            "price_fair": 70.53,
            "eps_avg_yearly": 2.02,
            "eps_latest_yearly": 2.68,
            "eps_growth_yearly": 377.2
        },
        "20081": {
            "year_quarter": 20081,
            "year": 2008,
            "quarter": 1,
            "eps": 0.11,
            "eps_growth_year": -76.6,
            "eps_4q": 1.78,
            "eps_4q_growth_year": -9.06,
            "roe": 0.73,
            "roe_4q": 12.739999999999998,
            "gross_profit": 173849,
            "gross_margin": 23.9,
            "gross_margin_4q_avg": 13.54,
            "net_income": 11860,
            "net_income_4q": null,
            "revenue": 727441,
            "revenue_4q": null,
            "common_shares": 962110,
            "book_valuer_per_share": 16.12,
            "book_valuer_per_share_4q_avg": 15.9,
            "equity": 1597887,
            "current_ratio": 221.82,
            "debt_ratio": 35.78,
            "inventory_turnover_ratio": 1.16,
            "account_receivable_turnover_ratio": null,
            "reinvestment_rate": 50.72,
            "research_to_sale_ratio": null,
            "price_fair": 70.44,
            "eps_avg_yearly": 2.01,
            "eps_latest_yearly": 0.44,
            "eps_growth_yearly": 374.16
        },
        "20082": {
            "year_quarter": 20082,
            "year": 2008,
            "quarter": 2,
            "eps": 0.27,
            "eps_growth_year": -37.21,
            "eps_4q": 1.64,
            "eps_4q_growth_year": -27.66,
            "roe": 1.91,
            "roe_4q": 11.87,
            "gross_profit": 162003,
            "gross_margin": 21.66,
            "gross_margin_4q_avg": 17.01,
            "net_income": 29287,
            "net_income_4q": null,
            "revenue": 748062,
            "revenue_4q": null,
            "common_shares": 962110,
            "book_valuer_per_share": 14.88,
            "book_valuer_per_share_4q_avg": 15.79,
            "equity": 1476708,
            "current_ratio": 182.9,
            "debt_ratio": 41.56,
            "inventory_turnover_ratio": 1.13,
            "account_receivable_turnover_ratio": null,
            "reinvestment_rate": 51.28,
            "research_to_sale_ratio": null,
            "price_fair": 70.88,
            "eps_avg_yearly": 2.03,
            "eps_latest_yearly": 1.08,
            "eps_growth_yearly": 389.69
        },
        "20083": {
            "year_quarter": 20083,
            "year": 2008,
            "quarter": 3,
            "eps": 0.36,
            "eps_growth_year": -53.85,
            "eps_4q": 1.24,
            "eps_4q_growth_year": -50.32,
            "roe": 2.63,
            "roe_4q": 9.399999999999999,
            "gross_profit": 207246,
            "gross_margin": 26.36,
            "gross_margin_4q_avg": 21.39,
            "net_income": 40236,
            "net_income_4q": null,
            "revenue": 786193,
            "revenue_4q": null,
            "common_shares": 1011164,
            "book_valuer_per_share": 15.17,
            "book_valuer_per_share_4q_avg": 15.67,
            "equity": 1582631,
            "current_ratio": 195.98,
            "debt_ratio": 38.32,
            "inventory_turnover_ratio": 0.98,
            "account_receivable_turnover_ratio": null,
            "reinvestment_rate": 53.94,
            "research_to_sale_ratio": null,
            "price_fair": 69.21,
            "eps_avg_yearly": 1.98,
            "eps_latest_yearly": 1.44,
            "eps_growth_yearly": 360.52
        },
        "20084": {
            "year_quarter": 20084,
            "year": 2008,
            "quarter": 4,
            "eps": 0.08,
            "eps_growth_year": -88.06,
            "eps_4q": 2.14,
            "eps_4q_growth_year": -7.84,
            "roe": 0.19,
            "roe_4q": 5.459999999999999,
            "gross_profit": 123325,
            "gross_margin": 20.73,
            "gross_margin_4q_avg": 23.16,
            "net_income": 3062,
            "net_income_4q": null,
            "revenue": 594906,
            "revenue_4q": null,
            "common_shares": 1011164,
            "book_valuer_per_share": 15.3,
            "book_valuer_per_share_4q_avg": 15.37,
            "equity": 1578590,
            "current_ratio": 209.82,
            "debt_ratio": 36.57,
            "inventory_turnover_ratio": 0.79,
            "account_receivable_turnover_ratio": 2.83,
            "reinvestment_rate": -4.8,
            "research_to_sale_ratio": null,
            "price_fair": 65.8,
            "eps_avg_yearly": 1.88,
            "eps_latest_yearly": 0.32,
            "eps_growth_yearly": 344.71
        },
        "20091": {
            "year_quarter": 20091,
            "year": 2009,
            "quarter": 1,
            "eps": 0.25,
            "eps_growth_year": 127.27,
            "eps_4q": 0.96,
            "eps_4q_growth_year": -45.84,
            "roe": 1.55,
            "roe_4q": 6.28,
            "gross_profit": 139560,
            "gross_margin": 28.33,
            "gross_margin_4q_avg": 24.27,
            "net_income": 24986,
            "net_income_4q": null,
            "revenue": 492651,
            "revenue_4q": null,
            "common_shares": 1011164,
            "book_valuer_per_share": 15.92,
            "book_valuer_per_share_4q_avg": 15.32,
            "equity": 1642819,
            "current_ratio": 216.64,
            "debt_ratio": 35.54,
            "inventory_turnover_ratio": 0.62,
            "account_receivable_turnover_ratio": 1.28,
            "reinvestment_rate": 59.64,
            "research_to_sale_ratio": null,
            "price_fair": 62.74,
            "eps_avg_yearly": 1.79,
            "eps_latest_yearly": 1,
            "eps_growth_yearly": 390.92
        },
        "20092": {
            "year_quarter": 20092,
            "year": 2009,
            "quarter": 2,
            "eps": 0.05,
            "eps_growth_year": -81.48,
            "eps_4q": 0.44,
            "eps_4q_growth_year": -72.92,
            "roe": 0.51,
            "roe_4q": 4.88,
            "gross_profit": 135264,
            "gross_margin": 26.85,
            "gross_margin_4q_avg": 25.57,
            "net_income": 8303,
            "net_income_4q": null,
            "revenue": 503823,
            "revenue_4q": null,
            "common_shares": 1011164,
            "book_valuer_per_share": 15.59,
            "book_valuer_per_share_4q_avg": 15.5,
            "equity": 1613968,
            "current_ratio": 210.22,
            "debt_ratio": 35.33,
            "inventory_turnover_ratio": 0.69,
            "account_receivable_turnover_ratio": 1.44,
            "reinvestment_rate": 58.68,
            "research_to_sale_ratio": null,
            "price_fair": 59.85,
            "eps_avg_yearly": 1.71,
            "eps_latest_yearly": 0.2,
            "eps_growth_yearly": 380.09
        },
        "20093": {
            "year_quarter": 20093,
            "year": 2009,
            "quarter": 3,
            "eps": 0.35,
            "eps_growth_year": -2.78,
            "eps_4q": 0.61,
            "eps_4q_growth_year": -50.59,
            "roe": 2.53,
            "roe_4q": 4.78,
            "gross_profit": 172740,
            "gross_margin": 27.95,
            "gross_margin_4q_avg": 25.97,
            "net_income": 41026,
            "net_income_4q": null,
            "revenue": 618071,
            "revenue_4q": null,
            "common_shares": 1011164,
            "book_valuer_per_share": 15.72,
            "book_valuer_per_share_4q_avg": 15.63,
            "equity": 1634419,
            "current_ratio": 206.39,
            "debt_ratio": 36.46,
            "inventory_turnover_ratio": 0.9,
            "account_receivable_turnover_ratio": 1.56,
            "reinvestment_rate": 55.8,
            "research_to_sale_ratio": null,
            "price_fair": 58.8,
            "eps_avg_yearly": 1.68,
            "eps_latest_yearly": 1.4,
            "eps_growth_yearly": 524.17
        },
        "20094": {
            "year_quarter": 20094,
            "year": 2009,
            "quarter": 4,
            "eps": 0.44,
            "eps_growth_year": 450,
            "eps_4q": 1.09,
            "eps_4q_growth_year": -49.05,
            "roe": 3.01,
            "roe_4q": 7.599999999999999,
            "gross_profit": 185429,
            "gross_margin": 27.38,
            "gross_margin_4q_avg": 27.63,
            "net_income": 49733,
            "net_income_4q": null,
            "revenue": 677255,
            "revenue_4q": null,
            "common_shares": 1011164,
            "book_valuer_per_share": 16.51,
            "book_valuer_per_share_4q_avg": 15.94,
            "equity": 1675255,
            "current_ratio": 252.77,
            "debt_ratio": 30.72,
            "inventory_turnover_ratio": 1.05,
            "account_receivable_turnover_ratio": 2.86,
            "reinvestment_rate": -15.55,
            "research_to_sale_ratio": null,
            "price_fair": 54.86,
            "eps_avg_yearly": 1.57,
            "eps_latest_yearly": 1.76,
            "eps_growth_yearly": 508.26
        },
        "20101": {
            "year_quarter": 20101,
            "year": 2010,
            "quarter": 1,
            "eps": 0.19,
            "eps_growth_year": -24,
            "eps_4q": 1.03,
            "eps_4q_growth_year": 7.07,
            "roe": 1.51,
            "roe_4q": 7.559999999999999,
            "gross_profit": 165066,
            "gross_margin": 26.22,
            "gross_margin_4q_avg": 27.1,
            "net_income": 25298,
            "net_income_4q": null,
            "revenue": 629471,
            "revenue_4q": null,
            "common_shares": 1011164,
            "book_valuer_per_share": 16.56,
            "book_valuer_per_share_4q_avg": 16.1,
            "equity": 1686248,
            "current_ratio": 250.8,
            "debt_ratio": 30.97,
            "inventory_turnover_ratio": 1.06,
            "account_receivable_turnover_ratio": 1.32,
            "reinvestment_rate": 304.03,
            "research_to_sale_ratio": 3.59,
            "price_fair": 51.8,
            "eps_avg_yearly": 1.48,
            "eps_latest_yearly": 0.76,
            "eps_growth_yearly": 503.89
        },
        "20102": {
            "year_quarter": 20102,
            "year": 2010,
            "quarter": 2,
            "eps": 0.47,
            "eps_growth_year": 839.4,
            "eps_4q": 1.43,
            "eps_4q_growth_year": 222.06,
            "roe": 3.06,
            "roe_4q": 10.11,
            "gross_profit": 192845,
            "gross_margin": 25.1,
            "gross_margin_4q_avg": 26.66,
            "net_income": 51075,
            "net_income_4q": null,
            "revenue": 768366,
            "revenue_4q": null,
            "common_shares": 1011164,
            "book_valuer_per_share": 16.25,
            "book_valuer_per_share_4q_avg": 16.26,
            "equity": 1647171,
            "current_ratio": 199.7,
            "debt_ratio": 40.15,
            "inventory_turnover_ratio": 1.09,
            "account_receivable_turnover_ratio": 1.36,
            "reinvestment_rate": 54.5,
            "research_to_sale_ratio": 2.62,
            "price_fair": 55.56,
            "eps_avg_yearly": 1.59,
            "eps_latest_yearly": 1.88,
            "eps_growth_yearly": 563.88
        },
        "20103": {
            "year_quarter": 20103,
            "year": 2010,
            "quarter": 3,
            "eps": 0.36,
            "eps_growth_year": 1.84,
            "eps_4q": 1.44,
            "eps_4q_growth_year": 135.07,
            "roe": 2.52,
            "roe_4q": 10.1,
            "gross_profit": 183517,
            "gross_margin": 24.5,
            "gross_margin_4q_avg": 25.8,
            "net_income": 41852,
            "net_income_4q": null,
            "revenue": 749100,
            "revenue_4q": null,
            "common_shares": 1028130,
            "book_valuer_per_share": 16.19,
            "book_valuer_per_share_4q_avg": 16.38,
            "equity": 1677139,
            "current_ratio": 232.86,
            "debt_ratio": 33.92,
            "inventory_turnover_ratio": 1.01,
            "account_receivable_turnover_ratio": 1.17,
            "reinvestment_rate": 292.93,
            "research_to_sale_ratio": 3.36,
            "price_fair": 53.73,
            "eps_avg_yearly": 1.54,
            "eps_latest_yearly": 1.44,
            "eps_growth_yearly": 226.77
        },
        "20104": {
            "year_quarter": 20104,
            "year": 2010,
            "quarter": 4,
            "eps": 0.14,
            "eps_growth_year": -67.05,
            "eps_4q": 1.15,
            "eps_4q_growth_year": 4.91,
            "roe": 1.14,
            "roe_4q": 8.23,
            "gross_profit": 165184,
            "gross_margin": 23.48,
            "gross_margin_4q_avg": 24.83,
            "net_income": 18846,
            "net_income_4q": null,
            "revenue": 703389,
            "revenue_4q": null,
            "common_shares": 1028130,
            "book_valuer_per_share": 15.53,
            "book_valuer_per_share_4q_avg": 16.13,
            "equity": 1629822,
            "current_ratio": 241.19,
            "debt_ratio": 31.93,
            "inventory_turnover_ratio": 1.12,
            "account_receivable_turnover_ratio": 1.21,
            "reinvestment_rate": -19.11,
            "research_to_sale_ratio": 3.23,
            "price_fair": 47.43,
            "eps_avg_yearly": 1.36,
            "eps_latest_yearly": 0.56,
            "eps_growth_yearly": 198.78
        },
        "20111": {
            "year_quarter": 20111,
            "year": 2011,
            "quarter": 1,
            "eps": -0.01,
            "eps_growth_year": -105.26,
            "eps_4q": 0.95,
            "eps_4q_growth_year": -7.89,
            "roe": -0.03,
            "roe_4q": 6.6899999999999995,
            "gross_profit": 111121,
            "gross_margin": 20.71,
            "gross_margin_4q_avg": 23.45,
            "net_income": -484,
            "net_income_4q": null,
            "revenue": 536679,
            "revenue_4q": null,
            "common_shares": 1028130,
            "book_valuer_per_share": 15.73,
            "book_valuer_per_share_4q_avg": 15.93,
            "equity": 1653174,
            "current_ratio": 273.46,
            "debt_ratio": 30.22,
            "inventory_turnover_ratio": 0.97,
            "account_receivable_turnover_ratio": 1.07,
            "reinvestment_rate": 346.47,
            "research_to_sale_ratio": 4.33,
            "price_fair": 46.2,
            "eps_avg_yearly": 1.32,
            "eps_latest_yearly": 0.56,
            "eps_growth_yearly": 224.12
        },
        "20112": {
            "year_quarter": 20112,
            "year": 2011,
            "quarter": 2,
            "eps": 0.1,
            "eps_growth_year": -78.86,
            "eps_4q": 0.58,
            "eps_4q_growth_year": -59.74,
            "roe": 0.69,
            "roe_4q": 4.32,
            "gross_profit": 148839,
            "gross_margin": 21,
            "gross_margin_4q_avg": 22.42,
            "net_income": 10990,
            "net_income_4q": null,
            "revenue": 708702,
            "revenue_4q": null,
            "common_shares": 1028130,
            "book_valuer_per_share": 14.75,
            "book_valuer_per_share_4q_avg": 15.55,
            "equity": 1554125,
            "current_ratio": 208.81,
            "debt_ratio": 38.07,
            "inventory_turnover_ratio": 1.2,
            "account_receivable_turnover_ratio": 1.28,
            "reinvestment_rate": 366.96,
            "research_to_sale_ratio": 3.53,
            "price_fair": 45.2,
            "eps_avg_yearly": 1.29,
            "eps_latest_yearly": 0.56,
            "eps_growth_yearly": 242.56
        },
        "20113": {
            "year_quarter": 20113,
            "year": 2011,
            "quarter": 3,
            "eps": 0.11,
            "eps_growth_year": -69.25,
            "eps_4q": 0.34,
            "eps_4q_growth_year": -76.51,
            "roe": 0.76,
            "roe_4q": 2.5599999999999996,
            "gross_profit": 139619,
            "gross_margin": 22.28,
            "gross_margin_4q_avg": 21.87,
            "net_income": 12182,
            "net_income_4q": null,
            "revenue": 626643,
            "revenue_4q": null,
            "common_shares": 1046476,
            "book_valuer_per_share": 15.44,
            "book_valuer_per_share_4q_avg": 15.36,
            "equity": 1653702,
            "current_ratio": 242.37,
            "debt_ratio": 35.61,
            "inventory_turnover_ratio": 0.91,
            "account_receivable_turnover_ratio": 1,
            "reinvestment_rate": 454.16,
            "research_to_sale_ratio": 3.75,
            "price_fair": 38.5,
            "eps_avg_yearly": 1.1,
            "eps_latest_yearly": 0.44,
            "eps_growth_yearly": 222.16
        },
        "20114": {
            "year_quarter": 20114,
            "year": 2011,
            "quarter": 4,
            "eps": 0.05,
            "eps_growth_year": -67.42,
            "eps_4q": 0.24,
            "eps_4q_growth_year": -78.68,
            "roe": -0.28,
            "roe_4q": 1.14,
            "gross_profit": 122387,
            "gross_margin": 17.75,
            "gross_margin_4q_avg": 20.44,
            "net_income": -4536,
            "net_income_4q": null,
            "revenue": 689542,
            "revenue_4q": null,
            "common_shares": 1032856,
            "book_valuer_per_share": 15.44,
            "book_valuer_per_share_4q_avg": 15.34,
            "equity": 1634898,
            "current_ratio": 224.78,
            "debt_ratio": 38.36,
            "inventory_turnover_ratio": 0.93,
            "account_receivable_turnover_ratio": 1.06,
            "reinvestment_rate": 6.86,
            "research_to_sale_ratio": 3.36,
            "price_fair": 32.3,
            "eps_avg_yearly": 0.92,
            "eps_latest_yearly": 0.2,
            "eps_growth_yearly": 210.61
        },
        "20121": {
            "year_quarter": 20121,
            "year": 2012,
            "quarter": 1,
            "eps": 0.04,
            "eps_growth_year": null,
            "eps_4q": 0.3,
            "eps_4q_growth_year": -68.61,
            "roe": 0.25,
            "roe_4q": 1.42,
            "gross_profit": 123900,
            "gross_margin": 18.57,
            "gross_margin_4q_avg": 19.9,
            "net_income": 4057,
            "net_income_4q": null,
            "revenue": 667139,
            "revenue_4q": null,
            "common_shares": 1032856,
            "book_valuer_per_share": 15.18,
            "book_valuer_per_share_4q_avg": 15.2,
            "equity": 1607287,
            "current_ratio": 233.08,
            "debt_ratio": 38.01,
            "inventory_turnover_ratio": 0.81,
            "account_receivable_turnover_ratio": 1.06,
            "reinvestment_rate": 448.46,
            "research_to_sale_ratio": 3.39,
            "price_fair": 31.6,
            "eps_avg_yearly": 0.9,
            "eps_latest_yearly": 0.16,
            "eps_growth_yearly": 228.78
        },
        "20122": {
            "year_quarter": 20122,
            "year": 2012,
            "quarter": 2,
            "eps": -0.11,
            "eps_growth_year": -213,
            "eps_4q": 0.09,
            "eps_4q_growth_year": -84.99,
            "roe": -0.72,
            "roe_4q": 0.010000000000000009,
            "gross_profit": 94681,
            "gross_margin": 15.28,
            "gross_margin_4q_avg": 18.47,
            "net_income": -11499,
            "net_income_4q": null,
            "revenue": 619626,
            "revenue_4q": null,
            "common_shares": 1032856,
            "book_valuer_per_share": 15.11,
            "book_valuer_per_share_4q_avg": 15.29,
            "equity": 1599027,
            "current_ratio": 241.43,
            "debt_ratio": 35.9,
            "inventory_turnover_ratio": 0.79,
            "account_receivable_turnover_ratio": 1.09,
            "reinvestment_rate": 516.66,
            "research_to_sale_ratio": 4.19,
            "price_fair": 31.12,
            "eps_avg_yearly": 0.89,
            "eps_latest_yearly": 0.16,
            "eps_growth_yearly": 201.62
        },
        "20123": {
            "year_quarter": 20123,
            "year": 2012,
            "quarter": 3,
            "eps": 0.16,
            "eps_growth_year": 43.95,
            "eps_4q": 0.13,
            "eps_4q_growth_year": -60.33,
            "roe": 0.96,
            "roe_4q": 0.20999999999999996,
            "gross_profit": 136641,
            "gross_margin": 20.52,
            "gross_margin_4q_avg": 18.03,
            "net_income": 15276,
            "net_income_4q": null,
            "revenue": 665732,
            "revenue_4q": null,
            "common_shares": 1032856,
            "book_valuer_per_share": 14.97,
            "book_valuer_per_share_4q_avg": 15.18,
            "equity": 1583941,
            "current_ratio": 240.51,
            "debt_ratio": 36.86,
            "inventory_turnover_ratio": 0.86,
            "account_receivable_turnover_ratio": 1.22,
            "reinvestment_rate": 547.66,
            "research_to_sale_ratio": 3.33,
            "price_fair": 29.52,
            "eps_avg_yearly": 0.84,
            "eps_latest_yearly": 0.16,
            "eps_growth_yearly": 207.31
        },
        "20124": {
            "year_quarter": 20124,
            "year": 2012,
            "quarter": 4,
            "eps": -0.02,
            "eps_growth_year": -151.98,
            "eps_4q": 0.06,
            "eps_4q_growth_year": -74.27,
            "roe": -0.38,
            "roe_4q": 0.10999999999999999,
            "gross_profit": 99185,
            "gross_margin": 16.98,
            "gross_margin_4q_avg": 17.84,
            "net_income": -6060,
            "net_income_4q": null,
            "revenue": 584295,
            "revenue_4q": null,
            "common_shares": 1032856,
            "book_valuer_per_share": 14.85,
            "book_valuer_per_share_4q_avg": 15.03,
            "equity": 1569364,
            "current_ratio": 246.23,
            "debt_ratio": 34.88,
            "inventory_turnover_ratio": 0.83,
            "account_receivable_turnover_ratio": 1.08,
            "reinvestment_rate": -15.79,
            "research_to_sale_ratio": 3.5,
            "price_fair": 31.18,
            "eps_avg_yearly": 0.89,
            "eps_latest_yearly": 0.16,
            "eps_growth_yearly": 254.44
        },
        "20131": {
            "year_quarter": 20131,
            "year": 2013,
            "quarter": 1,
            "eps": 0.1,
            "eps_growth_year": 150,
            "eps_4q": 0.12,
            "eps_4q_growth_year": -58.56,
            "roe": 0.61,
            "roe_4q": 0.47,
            "gross_profit": 119763,
            "gross_margin": 20.06,
            "gross_margin_4q_avg": 18.21,
            "net_income": 9737,
            "net_income_4q": null,
            "revenue": 597041,
            "revenue_4q": null,
            "common_shares": 1032856,
            "book_valuer_per_share": 15.18,
            "book_valuer_per_share_4q_avg": 15.03,
            "equity": 1601424,
            "current_ratio": 239.55,
            "debt_ratio": 34.81,
            "inventory_turnover_ratio": 0.87,
            "account_receivable_turnover_ratio": 1.14,
            "reinvestment_rate": -18.29,
            "research_to_sale_ratio": 3.04,
            "price_fair": 30.8,
            "eps_avg_yearly": 0.88,
            "eps_latest_yearly": 0.16,
            "eps_growth_yearly": 194.88
        },
        "20132": {
            "year_quarter": 20132,
            "year": 2013,
            "quarter": 2,
            "eps": 0.11,
            "eps_growth_year": null,
            "eps_4q": 0.34,
            "eps_4q_growth_year": 297.85,
            "roe": 0.58,
            "roe_4q": 1.77,
            "gross_profit": 115832,
            "gross_margin": 19.97,
            "gross_margin_4q_avg": 19.38,
            "net_income": 9293,
            "net_income_4q": null,
            "revenue": 579984,
            "revenue_4q": null,
            "common_shares": 1032856,
            "book_valuer_per_share": 15.14,
            "book_valuer_per_share_4q_avg": 15.04,
            "equity": 1596365,
            "current_ratio": 247.42,
            "debt_ratio": 32.73,
            "inventory_turnover_ratio": 0.9,
            "account_receivable_turnover_ratio": 1.1,
            "reinvestment_rate": -11.17,
            "research_to_sale_ratio": 3.51,
            "price_fair": 31.64,
            "eps_avg_yearly": 0.9,
            "eps_latest_yearly": 0.44,
            "eps_growth_yearly": 230.88
        },
        "20133": {
            "year_quarter": 20133,
            "year": 2013,
            "quarter": 3,
            "eps": 0.26,
            "eps_growth_year": 64.8,
            "eps_4q": 0.45,
            "eps_4q_growth_year": 232.11,
            "roe": 1.57,
            "roe_4q": 2.38,
            "gross_profit": 118263,
            "gross_margin": 19.18,
            "gross_margin_4q_avg": 19.05,
            "net_income": 25154,
            "net_income_4q": null,
            "revenue": 616549,
            "revenue_4q": null,
            "common_shares": 1032856,
            "book_valuer_per_share": 15.33,
            "book_valuer_per_share_4q_avg": 15.13,
            "equity": 1615008,
            "current_ratio": 239.04,
            "debt_ratio": 33.35,
            "inventory_turnover_ratio": 1.01,
            "account_receivable_turnover_ratio": 1.19,
            "reinvestment_rate": -10.56,
            "research_to_sale_ratio": 3.32,
            "price_fair": 30.38,
            "eps_avg_yearly": 0.87,
            "eps_latest_yearly": 1.04,
            "eps_growth_yearly": 45.43
        },
        "20134": {
            "year_quarter": 20134,
            "year": 2013,
            "quarter": 4,
            "eps": 0.01,
            "eps_growth_year": null,
            "eps_4q": 0.48,
            "eps_4q_growth_year": 672.06,
            "roe": -0.28,
            "roe_4q": 2.48,
            "gross_profit": 97520,
            "gross_margin": 16.61,
            "gross_margin_4q_avg": 18.96,
            "net_income": -4592,
            "net_income_4q": null,
            "revenue": 587075,
            "revenue_4q": null,
            "common_shares": 1032856,
            "book_valuer_per_share": 15.54,
            "book_valuer_per_share_4q_avg": 15.3,
            "equity": 1630637,
            "current_ratio": 212.4,
            "debt_ratio": 35.24,
            "inventory_turnover_ratio": 0.94,
            "account_receivable_turnover_ratio": 1.12,
            "reinvestment_rate": 23.2,
            "research_to_sale_ratio": 3.39,
            "price_fair": 2.09,
            "eps_avg_yearly": 0.7,
            "eps_latest_yearly": 0.04,
            "eps_growth_yearly": -3.32
        },
        "20141": {
            "year_quarter": 20141,
            "year": 2014,
            "quarter": 1,
            "eps": 0.56,
            "eps_growth_year": 460,
            "eps_4q": 0.95,
            "eps_4q_growth_year": 665.85,
            "roe": 3.39,
            "roe_4q": 5.260000000000001,
            "gross_profit": 187511,
            "gross_margin": 22.4,
            "gross_margin_4q_avg": 19.54,
            "net_income": 56577,
            "net_income_4q": null,
            "revenue": 837055,
            "revenue_4q": null,
            "common_shares": 1032856,
            "book_valuer_per_share": 16.28,
            "book_valuer_per_share_4q_avg": 15.57,
            "equity": 1706620,
            "current_ratio": 204.82,
            "debt_ratio": 37.48,
            "inventory_turnover_ratio": 1.15,
            "account_receivable_turnover_ratio": 1.38,
            "reinvestment_rate": -568.52,
            "research_to_sale_ratio": 2.25,
            "price_fair": 29.54,
            "eps_avg_yearly": 0.84,
            "eps_latest_yearly": 2.24,
            "eps_growth_yearly": 2219.41
        },
        "20142": {
            "year_quarter": 20142,
            "year": 2014,
            "quarter": 2,
            "eps": 0.62,
            "eps_growth_year": 463.64,
            "eps_4q": 1.46,
            "eps_4q_growth_year": 324.2,
            "roe": 3.83,
            "roe_4q": 8.51,
            "gross_profit": 206181,
            "gross_margin": 24.4,
            "gross_margin_4q_avg": 20.65,
            "net_income": 64943,
            "net_income_4q": null,
            "revenue": 844998,
            "revenue_4q": null,
            "common_shares": 1032856,
            "book_valuer_per_share": 16.1,
            "book_valuer_per_share_4q_avg": 15.81,
            "equity": 1687880,
            "current_ratio": 195.77,
            "debt_ratio": 39.61,
            "inventory_turnover_ratio": 1.08,
            "account_receivable_turnover_ratio": 1.24,
            "reinvestment_rate": 16.19,
            "research_to_sale_ratio": 2.5,
            "price_fair": 31.64,
            "eps_avg_yearly": 0.9,
            "eps_latest_yearly": 2.48,
            "eps_growth_yearly": 2164.75
        },
        "20143": {
            "year_quarter": 20143,
            "year": 2014,
            "quarter": 3,
            "eps": 0.39,
            "eps_growth_year": 50,
            "eps_4q": 1.59,
            "eps_4q_growth_year": 255.01,
            "roe": 2.35,
            "roe_4q": 9.290000000000001,
            "gross_profit": 157752,
            "gross_margin": 18.82,
            "gross_margin_4q_avg": 20.56,
            "net_income": 40377,
            "net_income_4q": null,
            "revenue": 838437,
            "revenue_4q": null,
            "common_shares": 1032856,
            "book_valuer_per_share": 16.75,
            "book_valuer_per_share_4q_avg": 16.17,
            "equity": 1753887,
            "current_ratio": 212.83,
            "debt_ratio": 35.67,
            "inventory_turnover_ratio": 1.15,
            "account_receivable_turnover_ratio": 1.13,
            "reinvestment_rate": -525.16,
            "research_to_sale_ratio": 2.42,
            "price_fair": 32.06,
            "eps_avg_yearly": 0.92,
            "eps_latest_yearly": 1.56,
            "eps_growth_yearly": 2159.27
        },
        "20144": {
            "year_quarter": 20144,
            "year": 2014,
            "quarter": 4,
            "eps": 0.49,
            "eps_growth_year": 3591.11,
            "eps_4q": 2.06,
            "eps_4q_growth_year": 325.76,
            "roe": 2.69,
            "roe_4q": 12.260000000000002,
            "gross_profit": 188608,
            "gross_margin": 20.76,
            "gross_margin_4q_avg": 21.6,
            "net_income": 48659,
            "net_income_4q": null,
            "revenue": 908649,
            "revenue_4q": null,
            "common_shares": 1032856,
            "book_valuer_per_share": 17.88,
            "book_valuer_per_share_4q_avg": 16.75,
            "equity": 1861539,
            "current_ratio": 210.58,
            "debt_ratio": 36.53,
            "inventory_turnover_ratio": 1.26,
            "account_receivable_turnover_ratio": 1.1,
            "reinvestment_rate": 32.92,
            "research_to_sale_ratio": 2.21,
            "price_fair": 36.96,
            "eps_avg_yearly": 1.06,
            "eps_latest_yearly": 1.96,
            "eps_growth_yearly": 2193.97
        },
        "20151": {
            "year_quarter": 20151,
            "year": 2015,
            "quarter": 1,
            "eps": 0.58,
            "eps_growth_year": 3.57,
            "eps_4q": 2.08,
            "eps_4q_growth_year": 120.37,
            "roe": 3.22,
            "roe_4q": 12.09,
            "gross_profit": 170669,
            "gross_margin": 20.6,
            "gross_margin_4q_avg": 21.15,
            "net_income": 60371,
            "net_income_4q": null,
            "revenue": 828454,
            "revenue_4q": null,
            "common_shares": 1032856,
            "book_valuer_per_share": 18.2,
            "book_valuer_per_share_4q_avg": 17.23,
            "equity": 1893129,
            "current_ratio": 220.61,
            "debt_ratio": 35.06,
            "inventory_turnover_ratio": 1.15,
            "account_receivable_turnover_ratio": 0.95,
            "reinvestment_rate": -359.39,
            "research_to_sale_ratio": 2.07,
            "price_fair": 40.98,
            "eps_avg_yearly": 1.17,
            "eps_latest_yearly": 2.32,
            "eps_growth_yearly": 2001.2
        },
        "20152": {
            "year_quarter": 20152,
            "year": 2015,
            "quarter": 2,
            "eps": 0.27,
            "eps_growth_year": -56.45,
            "eps_4q": 1.74,
            "eps_4q_growth_year": 19.11,
            "roe": 1.56,
            "roe_4q": 9.82,
            "gross_profit": 142620,
            "gross_margin": 20.23,
            "gross_margin_4q_avg": 20.1,
            "net_income": 28040,
            "net_income_4q": null,
            "revenue": 704962,
            "revenue_4q": null,
            "common_shares": 1032856,
            "book_valuer_per_share": 16.27,
            "book_valuer_per_share_4q_avg": 17.28,
            "equity": 1693999,
            "current_ratio": 189.24,
            "debt_ratio": 40.71,
            "inventory_turnover_ratio": 0.95,
            "account_receivable_turnover_ratio": 0.87,
            "reinvestment_rate": -341.43,
            "research_to_sale_ratio": 2.44,
            "price_fair": 40.72,
            "eps_avg_yearly": 1.16,
            "eps_latest_yearly": 1.08,
            "eps_growth_yearly": 1816.61
        },
        "20153": {
            "year_quarter": 20153,
            "year": 2015,
            "quarter": 3,
            "eps": 0.84,
            "eps_growth_year": 115.38,
            "eps_4q": 2.19,
            "eps_4q_growth_year": 37.81,
            "roe": 4.94,
            "roe_4q": 12.41,
            "gross_profit": 179900,
            "gross_margin": 18.01,
            "gross_margin_4q_avg": 19.9,
            "net_income": 86755,
            "net_income_4q": null,
            "revenue": 998825,
            "revenue_4q": null,
            "common_shares": 1032856,
            "book_valuer_per_share": 17.46,
            "book_valuer_per_share_4q_avg": 17.45,
            "equity": 1817264,
            "current_ratio": 183.31,
            "debt_ratio": 43.33,
            "inventory_turnover_ratio": 1.36,
            "account_receivable_turnover_ratio": 1.11,
            "reinvestment_rate": -307.62,
            "research_to_sale_ratio": 1.83,
            "price_fair": 49.23,
            "eps_avg_yearly": 1.41,
            "eps_latest_yearly": 3.36,
            "eps_growth_yearly": 1883.65
        },
        "20154": {
            "year_quarter": 20154,
            "year": 2015,
            "quarter": 4,
            "eps": 0.93,
            "eps_growth_year": 88.72,
            "eps_4q": 2.62,
            "eps_4q_growth_year": 27.03,
            "roe": 5.01,
            "roe_4q": 14.73,
            "gross_profit": 245976,
            "gross_margin": 22.26,
            "gross_margin_4q_avg": 20.28,
            "net_income": 92539,
            "net_income_4q": null,
            "revenue": 1105054,
            "revenue_4q": null,
            "common_shares": 1032856,
            "book_valuer_per_share": 18.07,
            "book_valuer_per_share_4q_avg": 17.5,
            "equity": 1876768,
            "current_ratio": 178.52,
            "debt_ratio": 45.47,
            "inventory_turnover_ratio": 1.34,
            "account_receivable_turnover_ratio": 1.01,
            "reinvestment_rate": -8.04,
            "research_to_sale_ratio": 2.18,
            "price_fair": 59.5,
            "eps_avg_yearly": 1.7,
            "eps_latest_yearly": 3.72,
            "eps_growth_yearly": 1905.4
        },
        "20161": {
            "year_quarter": 20161,
            "year": 2016,
            "quarter": 1,
            "eps": 0.87,
            "eps_growth_year": 50,
            "eps_4q": 2.9,
            "eps_4q_growth_year": 39.41,
            "roe": 4.65,
            "roe_4q": 16.16,
            "gross_profit": 223355,
            "gross_margin": 21.14,
            "gross_margin_4q_avg": 20.41,
            "net_income": 89261,
            "net_income_4q": null,
            "revenue": 1056302,
            "revenue_4q": null,
            "common_shares": 1032856,
            "book_valuer_per_share": 18.87,
            "book_valuer_per_share_4q_avg": 17.67,
            "equity": 1959785,
            "current_ratio": 239.05,
            "debt_ratio": 51.37,
            "inventory_turnover_ratio": 1.33,
            "account_receivable_turnover_ratio": 0.97,
            "reinvestment_rate": -211.19,
            "research_to_sale_ratio": 1.94,
            "price_fair": 69.18,
            "eps_avg_yearly": 1.98,
            "eps_latest_yearly": 3.48,
            "eps_growth_yearly": 1909.92
        },
        "20162": {
            "year_quarter": 20162,
            "year": 2016,
            "quarter": 2,
            "eps": 0.59,
            "eps_growth_year": 118.52,
            "eps_4q": 3.22,
            "eps_4q_growth_year": 85.29,
            "roe": 2.57,
            "roe_4q": 17.17,
            "gross_profit": 186977,
            "gross_margin": 16.68,
            "gross_margin_4q_avg": 19.52,
            "net_income": 60305,
            "net_income_4q": null,
            "revenue": 1120812,
            "revenue_4q": null,
            "common_shares": 1032856,
            "book_valuer_per_share": 17.14,
            "book_valuer_per_share_4q_avg": 17.89,
            "equity": 2724976,
            "current_ratio": 166.14,
            "debt_ratio": 61.42,
            "inventory_turnover_ratio": 1.3,
            "account_receivable_turnover_ratio": 0.78,
            "reinvestment_rate": -148.85,
            "research_to_sale_ratio": 1.87,
            "price_fair": 70.22,
            "eps_avg_yearly": 2.01,
            "eps_latest_yearly": 2.36,
            "eps_growth_yearly": 1753.1
        },
        "20163": {
            "year_quarter": 20163,
            "year": 2016,
            "quarter": 3,
            "eps": 0.89,
            "eps_growth_year": 5.95,
            "eps_4q": 3.27,
            "eps_4q_growth_year": 49.56,
            "roe": 3.66,
            "roe_4q": 15.89,
            "gross_profit": 322560,
            "gross_margin": 17.26,
            "gross_margin_4q_avg": 19.34,
            "net_income": 99990,
            "net_income_4q": null,
            "revenue": 1869196,
            "revenue_4q": null,
            "common_shares": 1032856,
            "book_valuer_per_share": 17.39,
            "book_valuer_per_share_4q_avg": 17.87,
            "equity": 2744319,
            "current_ratio": 218.82,
            "debt_ratio": 60.05,
            "inventory_turnover_ratio": 1.9,
            "account_receivable_turnover_ratio": 1,
            "reinvestment_rate": -135.44,
            "research_to_sale_ratio": 1.79,
            "price_fair": 74.1,
            "eps_avg_yearly": 2.12,
            "eps_latest_yearly": 3.56,
            "eps_growth_yearly": 1642.41
        },
        "20164": {
            "year_quarter": 20164,
            "year": 2016,
            "quarter": 4,
            "eps": 1.42,
            "eps_growth_year": 53.29,
            "eps_4q": 3.56,
            "eps_4q_growth_year": 35.65,
            "roe": 6.66,
            "roe_4q": 17.54,
            "gross_profit": 460090,
            "gross_margin": 24.39,
            "gross_margin_4q_avg": 19.87,
            "net_income": 202827,
            "net_income_4q": null,
            "revenue": 1886235,
            "revenue_4q": null,
            "common_shares": 1132856,
            "book_valuer_per_share": 20.14,
            "book_valuer_per_share_4q_avg": 18.39,
            "equity": 3351172,
            "current_ratio": 226.46,
            "debt_ratio": 53.17,
            "inventory_turnover_ratio": 1.8,
            "account_receivable_turnover_ratio": 0.96,
            "reinvestment_rate": 37.8,
            "research_to_sale_ratio": 2.08,
            "price_fair": 82.41,
            "eps_avg_yearly": 2.35,
            "eps_latest_yearly": 5.68,
            "eps_growth_yearly": 1548.79
        },
        "20171": {
            "year_quarter": 20171,
            "year": 2017,
            "quarter": 1,
            "eps": 0.5,
            "eps_growth_year": -42.53,
            "eps_4q": 3.27,
            "eps_4q_growth_year": 12.52,
            "roe": 1.8,
            "roe_4q": 14.690000000000001,
            "gross_profit": 347424,
            "gross_margin": 20.17,
            "gross_margin_4q_avg": 19.63,
            "net_income": 59764,
            "net_income_4q": null,
            "revenue": 1722478,
            "revenue_4q": null,
            "common_shares": 1132856,
            "book_valuer_per_share": 19.65,
            "book_valuer_per_share_4q_avg": 18.58,
            "equity": 3270761,
            "current_ratio": 191.07,
            "debt_ratio": 53.79,
            "inventory_turnover_ratio": 1.63,
            "account_receivable_turnover_ratio": 0.92,
            "reinvestment_rate": 33.34,
            "research_to_sale_ratio": 2.24,
            "price_fair": 81.64,
            "eps_avg_yearly": 2.33,
            "eps_latest_yearly": 2,
            "eps_growth_yearly": 1435.8
        },
        "20172": {
            "year_quarter": 20172,
            "year": 2017,
            "quarter": 2,
            "eps": 0.52,
            "eps_growth_year": -11.86,
            "eps_4q": 3.25,
            "eps_4q_growth_year": 1.06,
            "roe": 2.23,
            "roe_4q": 14.350000000000001,
            "gross_profit": 279682,
            "gross_margin": 17.31,
            "gross_margin_4q_avg": 19.78,
            "net_income": 71280,
            "net_income_4q": null,
            "revenue": 1616161,
            "revenue_4q": null,
            "common_shares": 1132856,
            "book_valuer_per_share": 18.26,
            "book_valuer_per_share_4q_avg": 18.86,
            "equity": 3122344,
            "current_ratio": 144.76,
            "debt_ratio": 56.97,
            "inventory_turnover_ratio": 1.41,
            "account_receivable_turnover_ratio": 0.96,
            "reinvestment_rate": 42.09,
            "research_to_sale_ratio": 2.19,
            "price_fair": 85.23,
            "eps_avg_yearly": 2.44,
            "eps_latest_yearly": 2.08,
            "eps_growth_yearly": 1434.3
        },
        "20173": {
            "year_quarter": 20173,
            "year": 2017,
            "quarter": 3,
            "eps": 0.8,
            "eps_growth_year": -10.11,
            "eps_4q": 3.24,
            "eps_4q_growth_year": -1.01,
            "roe": 3.67,
            "roe_4q": 14.36,
            "gross_profit": 353263,
            "gross_margin": 18.16,
            "gross_margin_4q_avg": 20.01,
            "net_income": 117140,
            "net_income_4q": null,
            "revenue": 1944896,
            "revenue_4q": null,
            "common_shares": 1132856,
            "book_valuer_per_share": 19.25,
            "book_valuer_per_share_4q_avg": 19.33,
            "equity": 3268082,
            "current_ratio": 168.88,
            "debt_ratio": 57.23,
            "inventory_turnover_ratio": 1.43,
            "account_receivable_turnover_ratio": 1.04,
            "reinvestment_rate": 59.59,
            "research_to_sale_ratio": 2.04,
            "price_fair": 89.95,
            "eps_avg_yearly": 2.57,
            "eps_latest_yearly": 3.2,
            "eps_growth_yearly": 1413.67
        },
        "20174": {
            "year_quarter": 20174,
            "year": 2017,
            "quarter": 4,
            "eps": 0.33,
            "eps_growth_year": -76.76,
            "eps_4q": 2.15,
            "eps_4q_growth_year": -39.62,
            "roe": 1.52,
            "roe_4q": 9.22,
            "gross_profit": 260032,
            "gross_margin": 13.85,
            "gross_margin_4q_avg": 17.37,
            "net_income": 49923,
            "net_income_4q": null,
            "revenue": 1877934,
            "revenue_4q": null,
            "common_shares": 1132856,
            "book_valuer_per_share": 19.47,
            "book_valuer_per_share_4q_avg": 19.16,
            "equity": 3300426,
            "current_ratio": 168.96,
            "debt_ratio": 56.59,
            "inventory_turnover_ratio": 1.33,
            "account_receivable_turnover_ratio": 0.89,
            "reinvestment_rate": 61.39,
            "research_to_sale_ratio": 1.91,
            "price_fair": 92.75,
            "eps_avg_yearly": 2.65,
            "eps_latest_yearly": 1.32,
            "eps_growth_yearly": 1423.02
        },
        "20181": {
            "year_quarter": 20181,
            "year": 2018,
            "quarter": 1,
            "eps": -0.34,
            "eps_growth_year": -168,
            "eps_4q": 1.31,
            "eps_4q_growth_year": -59.93,
            "roe": -1.42,
            "roe_4q": 6,
            "gross_profit": 185565,
            "gross_margin": 10.29,
            "gross_margin_4q_avg": 14.9,
            "net_income": -46771,
            "net_income_4q": null,
            "revenue": 1803210,
            "revenue_4q": null,
            "common_shares": 1132856,
            "book_valuer_per_share": 19.33,
            "book_valuer_per_share_4q_avg": 19.08,
            "equity": 3282566,
            "current_ratio": 165.59,
            "debt_ratio": 56.53,
            "inventory_turnover_ratio": 1.28,
            "account_receivable_turnover_ratio": 0.88,
            "reinvestment_rate": 78.6,
            "research_to_sale_ratio": 1.9,
            "price_fair": 93.71,
            "eps_avg_yearly": 2.68,
            "eps_latest_yearly": 1.32,
            "eps_growth_yearly": 51.22
        },
        "20182": {
            "year_quarter": 20182,
            "year": 2018,
            "quarter": 2,
            "eps": 3.02,
            "eps_growth_year": 480.77,
            "eps_4q": 3.8,
            "eps_4q_growth_year": 16.95,
            "roe": 10.91,
            "roe_4q": 14.68,
            "gross_profit": 266460,
            "gross_margin": 14.29,
            "gross_margin_4q_avg": 14.15,
            "net_income": 365296,
            "net_income_4q": null,
            "revenue": 1864935,
            "revenue_4q": null,
            "common_shares": 1132856,
            "book_valuer_per_share": 20.36,
            "book_valuer_per_share_4q_avg": 19.6,
            "equity": 3416418,
            "current_ratio": 139.43,
            "debt_ratio": 56.06,
            "inventory_turnover_ratio": 1.19,
            "account_receivable_turnover_ratio": 0.91,
            "reinvestment_rate": 67.02,
            "research_to_sale_ratio": 2.39,
            "price_fair": 94.2,
            "eps_avg_yearly": 2.69,
            "eps_latest_yearly": 1.32,
            "eps_growth_yearly": 51.82
        },
        "20183": {
            "year_quarter": 20183,
            "year": 2018,
            "quarter": 3,
            "eps": 0.36,
            "eps_growth_year": -55,
            "eps_4q": 3.37,
            "eps_4q_growth_year": 4.1,
            "roe": 1.24,
            "roe_4q": 12.25,
            "gross_profit": 239392,
            "gross_margin": 13.42,
            "gross_margin_4q_avg": 12.96,
            "net_income": 43799,
            "net_income_4q": null,
            "revenue": 1783804,
            "revenue_4q": null,
            "common_shares": 1132856,
            "book_valuer_per_share": 20.19,
            "book_valuer_per_share_4q_avg": 19.84,
            "equity": 3630297,
            "current_ratio": 146.71,
            "debt_ratio": 52.88,
            "inventory_turnover_ratio": 1.11,
            "account_receivable_turnover_ratio": 0.87,
            "reinvestment_rate": 68.24,
            "research_to_sale_ratio": 2.19,
            "price_fair": 93.9,
            "eps_avg_yearly": 2.68,
            "eps_latest_yearly": 1.44,
            "eps_growth_yearly": 37.25
        },
        "20184": {
            "year_quarter": 20184,
            "year": 2018,
            "quarter": 4,
            "eps": 0.66,
            "eps_growth_year": 101.14,
            "eps_4q": 3.73,
            "eps_4q_growth_year": 73.76,
            "roe": 2.7,
            "roe_4q": 13.430000000000001,
            "gross_profit": 282495,
            "gross_margin": 14.26,
            "gross_margin_4q_avg": 13.07,
            "net_income": 98487,
            "net_income_4q": null,
            "revenue": 1981018,
            "revenue_4q": null,
            "common_shares": 1132856,
            "book_valuer_per_share": 20.36,
            "book_valuer_per_share_4q_avg": 20.06,
            "equity": 3670343,
            "current_ratio": 138.91,
            "debt_ratio": 56.23,
            "inventory_turnover_ratio": 1.13,
            "account_receivable_turnover_ratio": 0.96,
            "reinvestment_rate": 75.67,
            "research_to_sale_ratio": 2.23,
            "price_fair": 95.6,
            "eps_avg_yearly": 2.73,
            "eps_latest_yearly": 2.64,
            "eps_growth_yearly": 53.73
        },
        "20191": {
            "year_quarter": 20191,
            "year": 2019,
            "quarter": 1,
            "eps": 0.52,
            "eps_growth_year": null,
            "eps_4q": 4.59,
            "eps_4q_growth_year": 250.61,
            "roe": 2.04,
            "roe_4q": 16.89,
            "gross_profit": 272989,
            "gross_margin": 14.91,
            "gross_margin_4q_avg": 14.22,
            "net_income": 76206,
            "net_income_4q": null,
            "revenue": 1831458,
            "revenue_4q": null,
            "common_shares": 1132856,
            "book_valuer_per_share": 21.33,
            "book_valuer_per_share_4q_avg": 20.56,
            "equity": 3813163,
            "current_ratio": 145.31,
            "debt_ratio": 52.63,
            "inventory_turnover_ratio": 1.04,
            "account_receivable_turnover_ratio": 0.85,
            "reinvestment_rate": 77.96,
            "research_to_sale_ratio": 2.22,
            "price_fair": 95,
            "eps_avg_yearly": 2.71,
            "eps_latest_yearly": 2.08,
            "eps_growth_yearly": 42.43
        },
        "20192": {
            "year_quarter": 20192,
            "year": 2019,
            "quarter": 2,
            "eps": 0.62,
            "eps_growth_year": -79.47,
            "eps_4q": 2.17,
            "eps_4q_growth_year": -43.03,
            "roe": 2.24,
            "roe_4q": 8.22,
            "gross_profit": 266338,
            "gross_margin": 14.83,
            "gross_margin_4q_avg": 14.36,
            "net_income": 82698,
            "net_income_4q": null,
            "revenue": 1795872,
            "revenue_4q": null,
            "common_shares": 1132856,
            "book_valuer_per_share": 19.48,
            "book_valuer_per_share_4q_avg": 20.34,
            "equity": 3564137,
            "current_ratio": 137.98,
            "debt_ratio": 54.72,
            "inventory_turnover_ratio": 1.14,
            "account_receivable_turnover_ratio": 0.89,
            "reinvestment_rate": 78.45,
            "research_to_sale_ratio": 1.92,
            "price_fair": 98.5,
            "eps_avg_yearly": 2.81,
            "eps_latest_yearly": 2.48,
            "eps_growth_yearly": 63.19
        },
        "20193": {
            "year_quarter": 20193,
            "year": 2019,
            "quarter": 3,
            "eps": 0.77,
            "eps_growth_year": 113.89,
            "eps_4q": 2.57,
            "eps_4q_growth_year": -23.71,
            "roe": 3.12,
            "roe_4q": 10.100000000000001,
            "gross_profit": 316221,
            "gross_margin": 15.73,
            "gross_margin_4q_avg": 14.93,
            "net_income": 111303,
            "net_income_4q": null,
            "revenue": 2010519,
            "revenue_4q": null,
            "common_shares": 1132856,
            "book_valuer_per_share": 19.61,
            "book_valuer_per_share_4q_avg": 20.2,
            "equity": 3565379,
            "current_ratio": 137.71,
            "debt_ratio": 55.95,
            "inventory_turnover_ratio": 1.35,
            "account_receivable_turnover_ratio": 0.99,
            "reinvestment_rate": 73.62,
            "research_to_sale_ratio": 2.14,
            "price_fair": 55.29,
            "eps_avg_yearly": 2.79,
            "eps_latest_yearly": 3.08,
            "eps_growth_yearly": 9.79
        },
        "20194": {
            "year_quarter": 20194,
            "year": 2019,
            "quarter": 4,
            "eps": 0.6,
            "eps_growth_year": -10.29,
            "eps_4q": 2.5,
            "eps_4q_growth_year": -32.94,
            "roe": 2.44,
            "roe_4q": 9.84,
            "gross_profit": 370642,
            "gross_margin": 18.06,
            "gross_margin_4q_avg": 15.88,
            "net_income": 87250,
            "net_income_4q": null,
            "revenue": 2051751,
            "revenue_4q": null,
            "common_shares": 1132856,
            "book_valuer_per_share": 19.74,
            "book_valuer_per_share_4q_avg": 20.04,
            "equity": 3595237,
            "current_ratio": 138.14,
            "debt_ratio": 56.35,
            "inventory_turnover_ratio": 1.33,
            "account_receivable_turnover_ratio": 0.95,
            "reinvestment_rate": 73.4,
            "research_to_sale_ratio": 1.74,
            "price_fair": 27,
            "eps_avg_yearly": 2.7,
            "eps_latest_yearly": 2.4,
            "eps_growth_yearly": 0.42
        },
        "20201": {
            "year_quarter": 20201,
            "year": 2020,
            "quarter": 1,
            "eps": 0.67,
            "eps_growth_year": 28.85,
            "eps_4q": 2.66,
            "eps_4q_growth_year": -42.03,
            "roe": 2.9,
            "roe_4q": 10.700000000000001,
            "gross_profit": 301817,
            "gross_margin": 17.58,
            "gross_margin_4q_avg": 16.55,
            "net_income": 104006,
            "net_income_4q": null,
            "revenue": 1716505,
            "revenue_4q": null,
            "common_shares": 1132856,
            "book_valuer_per_share": 20.14,
            "book_valuer_per_share_4q_avg": 19.74,
            "equity": 3580050,
            "current_ratio": 140.86,
            "debt_ratio": 55.28,
            "inventory_turnover_ratio": 1.14,
            "account_receivable_turnover_ratio": 0.83,
            "reinvestment_rate": 60.27,
            "research_to_sale_ratio": 2.04,
            "price_fair": 41.21,
            "eps_avg_yearly": 2.64,
            "eps_latest_yearly": 2.68,
            "eps_growth_yearly": 5.59
        },
        "20202": {
            "year_quarter": 20202,
            "year": 2020,
            "quarter": 2,
            "eps": 1.19,
            "eps_growth_year": 91.94,
            "eps_4q": 3.27,
            "eps_4q_growth_year": 51.01,
            "roe": 4.64,
            "roe_4q": 13.099999999999998,
            "gross_profit": 430454,
            "gross_margin": 21.07,
            "gross_margin_4q_avg": 18.11,
            "net_income": 160168,
            "net_income_4q": null,
            "revenue": 2042741,
            "revenue_4q": null,
            "common_shares": 1132856,
            "book_valuer_per_share": 18.8,
            "book_valuer_per_share_4q_avg": 19.57,
            "equity": 3321347,
            "current_ratio": 131.01,
            "debt_ratio": 60.37,
            "inventory_turnover_ratio": 1.28,
            "account_receivable_turnover_ratio": 0.96,
            "reinvestment_rate": 33.91,
            "research_to_sale_ratio": 2.71,
            "price_fair": 98.5,
            "eps_avg_yearly": 2.81,
            "eps_latest_yearly": 4.76,
            "eps_growth_yearly": 36.96
        },
        "20203": {
            "year_quarter": 20203,
            "year": 2020,
            "quarter": 3,
            "eps": 1.51,
            "eps_growth_year": 96.1,
            "eps_4q": 4,
            "eps_4q_growth_year": 55.55,
            "roe": 5.97,
            "roe_4q": 15.95,
            "gross_profit": 526155,
            "gross_margin": 19.01,
            "gross_margin_4q_avg": 18.93,
            "net_income": 203039,
            "net_income_4q": null,
            "revenue": 2767176,
            "revenue_4q": null,
            "common_shares": 1132856,
            "book_valuer_per_share": 20.69,
            "book_valuer_per_share_4q_avg": 19.84,
            "equity": 3476458,
            "current_ratio": 129.67,
            "debt_ratio": 62.19,
            "inventory_turnover_ratio": 1.62,
            "account_receivable_turnover_ratio": 1.05,
            "reinvestment_rate": 34.36,
            "research_to_sale_ratio": 2.26,
            "price_fair": 104.7,
            "eps_avg_yearly": 2.99,
            "eps_latest_yearly": 6.04,
            "eps_growth_yearly": 30.12
        },
        "20204": {
            "year_quarter": 20204,
            "year": 2020,
            "quarter": 4,
            "eps": 0.84,
            "eps_growth_year": 40.49,
            "eps_4q": 4.23,
            "eps_4q_growth_year": 69,
            "roe": 2.59,
            "roe_4q": 16.099999999999998,
            "gross_profit": 439203,
            "gross_margin": 16.23,
            "gross_margin_4q_avg": 18.47,
            "net_income": 92430,
            "net_income_4q": null,
            "revenue": 2706752,
            "revenue_4q": null,
            "common_shares": 1132856,
            "book_valuer_per_share": 22.13,
            "book_valuer_per_share_4q_avg": 20.44,
            "equity": 3647865,
            "current_ratio": 129.9,
            "debt_ratio": 61.51,
            "inventory_turnover_ratio": 1.5,
            "account_receivable_turnover_ratio": 0.94,
            "reinvestment_rate": 47.18,
            "research_to_sale_ratio": 2.36,
            "price_fair": 28.26,
            "eps_avg_yearly": 2.83,
            "eps_latest_yearly": 3.36,
            "eps_growth_yearly": 0.43
        },
        "20211": {
            "year_quarter": 20211,
            "year": 2021,
            "quarter": 1,
            "eps": 0.64,
            "eps_growth_year": -4.48,
            "eps_4q": 4.08,
            "eps_4q_growth_year": 53.36,
            "roe": 2.37,
            "roe_4q": 15.57,
            "gross_profit": 420486,
            "gross_margin": 16.88,
            "gross_margin_4q_avg": 18.3,
            "net_income": 88857,
            "net_income_4q": null,
            "revenue": 2490790,
            "revenue_4q": null,
            "common_shares": 1132856,
            "book_valuer_per_share": 23.17,
            "book_valuer_per_share_4q_avg": 21.2,
            "equity": 3845906,
            "current_ratio": 139.69,
            "debt_ratio": 56.27,
            "inventory_turnover_ratio": 1.33,
            "account_receivable_turnover_ratio": 0.9,
            "reinvestment_rate": 50.25,
            "research_to_sale_ratio": 2.67,
            "price_fair": 63.43,
            "eps_avg_yearly": 2.87,
            "eps_latest_yearly": 2.56,
            "eps_growth_yearly": 12.14
        },
        "20212": {
            "year_quarter": 20212,
            "year": 2021,
            "quarter": 2,
            "eps": 0.85,
            "eps_growth_year": -28.57,
            "eps_4q": 3.77,
            "eps_4q_growth_year": 15.08,
            "roe": 3.04,
            "roe_4q": 13.969999999999999,
            "gross_profit": 377630,
            "gross_margin": 17.62,
            "gross_margin_4q_avg": 17.44,
            "net_income": 116875,
            "net_income_4q": null,
            "revenue": 2143368,
            "revenue_4q": null,
            "common_shares": 1132856,
            "book_valuer_per_share": 23.8,
            "book_valuer_per_share_4q_avg": 22.45,
            "equity": 3838758,
            "current_ratio": 144.25,
            "debt_ratio": 54.52,
            "inventory_turnover_ratio": 1.09,
            "account_receivable_turnover_ratio": 0.86,
            "reinvestment_rate": 36.83,
            "research_to_sale_ratio": 2.8,
            "price_fair": 89.89,
            "eps_avg_yearly": 2.96,
            "eps_latest_yearly": 3.4,
            "eps_growth_yearly": 20.37
        },
        "20213": {
            "year_quarter": 20213,
            "year": 2021,
            "quarter": 3,
            "eps": 0.68,
            "eps_growth_year": -54.97,
            "eps_4q": 2.98,
            "eps_4q_growth_year": -25.61,
            "roe": 2.96,
            "roe_4q": 10.96,
            "gross_profit": 368459,
            "gross_margin": 19.56,
            "gross_margin_4q_avg": 17.57,
            "net_income": 109907,
            "net_income_4q": null,
            "revenue": 1883984,
            "revenue_4q": null,
            "common_shares": 1132856,
            "book_valuer_per_share": 21.31,
            "book_valuer_per_share_4q_avg": 22.6,
            "equity": 3588879,
            "current_ratio": 140.28,
            "debt_ratio": 54.33,
            "inventory_turnover_ratio": 0.89,
            "account_receivable_turnover_ratio": 0.86,
            "reinvestment_rate": 29.17,
            "research_to_sale_ratio": 2.93,
            "price_fair": 8.78,
            "eps_avg_yearly": 2.93,
            "eps_latest_yearly": 2.72,
            "eps_growth_yearly": -0.73
        },
        "20214": {
            "year_quarter": 20214,
            "year": 2021,
            "quarter": 4,
            "eps": 0.46,
            "eps_growth_year": -45.23,
            "eps_4q": 2.62,
            "eps_4q_growth_year": -38.07,
            "roe": 1.86,
            "roe_4q": 10.23,
            "gross_profit": 412781,
            "gross_margin": 23.25,
            "gross_margin_4q_avg": 19.33,
            "net_income": 66911,
            "net_income_4q": null,
            "revenue": 1775047,
            "revenue_4q": null,
            "common_shares": 1132856,
            "book_valuer_per_share": 21.96,
            "book_valuer_per_share_4q_avg": 22.56,
            "equity": 3603286,
            "current_ratio": 140.92,
            "debt_ratio": 54.85,
            "inventory_turnover_ratio": 0.75,
            "account_receivable_turnover_ratio": 0.85,
            "reinvestment_rate": 17.96,
            "research_to_sale_ratio": 3.01,
            "price_fair": 49.81,
            "eps_avg_yearly": 2.96,
            "eps_latest_yearly": 1.84,
            "eps_growth_yearly": 6.81
        },
        "20221": {
            "year_quarter": 20221,
            "year": 2022,
            "quarter": 1,
            "eps": 0.65,
            "eps_growth_year": 1.56,
            "eps_4q": 2.63,
            "eps_4q_growth_year": -35.53,
            "roe": 2.81,
            "roe_4q": 10.67,
            "gross_profit": 291734,
            "gross_margin": 18.59,
            "gross_margin_4q_avg": 19.76,
            "net_income": 104719,
            "net_income_4q": null,
            "revenue": 1569101,
            "revenue_4q": null,
            "common_shares": 1132856,
            "book_valuer_per_share": 23.57,
            "book_valuer_per_share_4q_avg": 22.66,
            "equity": 3846287,
            "current_ratio": 149.76,
            "debt_ratio": 51.99,
            "inventory_turnover_ratio": 0.65,
            "account_receivable_turnover_ratio": 0.76,
            "reinvestment_rate": 6.76,
            "research_to_sale_ratio": 2.09,
            "price_fair": 80.43,
            "eps_avg_yearly": 2.94,
            "eps_latest_yearly": 2.6,
            "eps_growth_yearly": 17.37
        },
        "20222": {
            "year_quarter": 20222,
            "year": 2022,
            "quarter": 2,
            "eps": 0.94,
            "eps_growth_year": 10.59,
            "eps_4q": 2.72,
            "eps_4q_growth_year": -27.7,
            "roe": 3.88,
            "roe_4q": 11.509999999999998,
            "gross_profit": 320296,
            "gross_margin": 19.52,
            "gross_margin_4q_avg": 20.23,
            "net_income": 144851,
            "net_income_4q": null,
            "revenue": 1640841,
            "revenue_4q": null,
            "common_shares": 1132856,
            "book_valuer_per_share": 22,
            "book_valuer_per_share_4q_avg": 22.21,
            "equity": 3627534,
            "current_ratio": 147.32,
            "debt_ratio": 53.31,
            "inventory_turnover_ratio": 0.7,
            "account_receivable_turnover_ratio": 0.79,
            "reinvestment_rate": -2.97,
            "research_to_sale_ratio": 2.02,
            "price_fair": 104.65,
            "eps_avg_yearly": 2.99,
            "eps_latest_yearly": 3.76,
            "eps_growth_yearly": 27.44
        },
        "20223": {
            "year_quarter": 20223,
            "year": 2022,
            "quarter": 3,
            "eps": 0.89,
            "eps_growth_year": 30.88,
            "eps_4q": 2.98,
            "eps_4q_growth_year": 0.17,
            "roe": 4,
            "roe_4q": 12.549999999999999,
            "gross_profit": 331305,
            "gross_margin": 21.72,
            "gross_margin_4q_avg": 20.77,
            "net_income": 148164,
            "net_income_4q": null,
            "revenue": 1525656,
            "revenue_4q": null,
            "common_shares": 1132856,
            "book_valuer_per_share": 23.19,
            "book_valuer_per_share_4q_avg": 22.68,
            "equity": 3772111,
            "current_ratio": 158.73,
            "debt_ratio": 49,
            "inventory_turnover_ratio": 0.74,
            "account_receivable_turnover_ratio": 0.73,
            "reinvestment_rate": -7.19,
            "research_to_sale_ratio": 2.04,
            "price_fair": 109.29,
            "eps_avg_yearly": 3.12,
            "eps_latest_yearly": 3.56,
            "eps_growth_yearly": 48.13
        },
        "20224": {
            "year_quarter": 20224,
            "year": 2022,
            "quarter": 4,
            "eps": 0.8,
            "eps_growth_year": 74.59,
            "eps_4q": 3.31,
            "eps_4q_growth_year": 26.5,
            "roe": 2.88,
            "roe_4q": 13.57,
            "gross_profit": 421038,
            "gross_margin": 25.68,
            "gross_margin_4q_avg": 21.38,
            "net_income": 109606,
            "net_income_4q": null,
            "revenue": 1639844,
            "revenue_4q": null,
            "common_shares": 1132856,
            "book_valuer_per_share": 23.59,
            "book_valuer_per_share_4q_avg": 23.09,
            "equity": 3829239,
            "current_ratio": 143.96,
            "debt_ratio": 51.37,
            "inventory_turnover_ratio": 0.81,
            "account_receivable_turnover_ratio": 0.81,
            "reinvestment_rate": -19.39,
            "research_to_sale_ratio": 1.89,
            "price_fair": 109.78,
            "eps_avg_yearly": 3.16,
            "eps_latest_yearly": 3.2,
            "eps_growth_yearly": 24.77
        },
        "20231": {
            "year_quarter": 20231,
            "year": 2023,
            "quarter": 1,
            "eps": 0.86,
            "eps_growth_year": 32.31,
            "eps_4q": 3.51,
            "eps_4q_growth_year": 33.49,
            "roe": 3.32,
            "roe_4q": 14.079999999999998,
            "gross_profit": 393594,
            "gross_margin": 21.2,
            "gross_margin_4q_avg": 22.03,
            "net_income": 129616,
            "net_income_4q": null,
            "revenue": 1856275,
            "revenue_4q": null,
            "common_shares": 1132856,
            "book_valuer_per_share": 24.53,
            "book_valuer_per_share_4q_avg": 23.33,
            "equity": 3973687,
            "current_ratio": 149.66,
            "debt_ratio": 50.35,
            "inventory_turnover_ratio": 1,
            "account_receivable_turnover_ratio": 0.95,
            "reinvestment_rate": -25.97,
            "research_to_sale_ratio": 1.61,
            "price_fair": 113.49,
            "eps_avg_yearly": 3.24,
            "eps_latest_yearly": 3.44,
            "eps_growth_yearly": 31.95
        },
        "20232": {
            "year_quarter": 20232,
            "year": 2023,
            "quarter": 2,
            "eps": 1.75,
            "eps_growth_year": 86.17,
            "eps_4q": 4.27,
            "eps_4q_growth_year": 56.9,
            "roe": 6.25,
            "roe_4q": 16.45,
            "gross_profit": 515899,
            "gross_margin": 23.47,
            "gross_margin_4q_avg": 23.02,
            "net_income": 243186,
            "net_income_4q": null,
            "revenue": 2198470,
            "revenue_4q": null,
            "common_shares": 1132856,
            "book_valuer_per_share": 23.67,
            "book_valuer_per_share_4q_avg": 23.75,
            "equity": 3804550,
            "current_ratio": 143.65,
            "debt_ratio": 53.67,
            "inventory_turnover_ratio": 1.17,
            "account_receivable_turnover_ratio": 1.02,
            "reinvestment_rate": -29.58,
            "research_to_sale_ratio": 1.79,
            "price_fair": 123.38,
            "eps_avg_yearly": 3.53,
            "eps_latest_yearly": 7,
            "eps_growth_yearly": 53.01
        },
        "20233": {
            "year_quarter": 20233,
            "year": 2023,
            "quarter": 3,
            "eps": 1.62,
            "eps_growth_year": 82.02,
            "eps_4q": 5,
            "eps_4q_growth_year": 67.68,
            "roe": 5.34,
            "roe_4q": 17.79,
            "gross_profit": 473448,
            "gross_margin": 22.89,
            "gross_margin_4q_avg": 23.31,
            "net_income": 212189,
            "net_income_4q": null,
            "revenue": 2067972,
            "revenue_4q": null,
            "common_shares": 1132856,
            "book_valuer_per_share": 26.1,
            "book_valuer_per_share_4q_avg": 24.47,
            "equity": 4142317,
            "current_ratio": 156.31,
            "debt_ratio": 49.06,
            "inventory_turnover_ratio": 1.1,
            "account_receivable_turnover_ratio": 0.88,
            "reinvestment_rate": -23.94,
            "research_to_sale_ratio": 1.71,
            "price_fair": 130.81,
            "eps_avg_yearly": 3.74,
            "eps_latest_yearly": 6.48,
            "eps_growth_yearly": 45.1
        }
    },
    "months": {
        "2002-08": {
            "month": "2002-08",
            "price": "39.50",
            "revenue": 200570
        },
        "2002-09": {
            "month": "2002-09",
            "price": "35.42",
            "revenue": 236544
        },
        "2002-10": {
            "month": "2002-10",
            "price": "30.08",
            "revenue": 215202
        },
        "2002-11": {
            "month": "2002-11",
            "price": "27.96",
            "revenue": 170706
        },
        "2002-12": {
            "month": "2002-12",
            "price": "26.81",
            "revenue": 194183
        },
        "2003-01": {
            "month": "2003-01",
            "price": "25.79",
            "revenue": 178291
        },
        "2003-02": {
            "month": "2003-02",
            "price": "22.68",
            "revenue": 155673
        },
        "2003-03": {
            "month": "2003-03",
            "price": "21.03",
            "revenue": 144552
        },
        "2003-04": {
            "month": "2003-04",
            "price": "21.36",
            "revenue": 128354
        },
        "2003-05": {
            "month": "2003-05",
            "price": "19.10",
            "revenue": 152552
        },
        "2003-06": {
            "month": "2003-06",
            "price": "21.34",
            "revenue": 117493
        },
        "2003-07": {
            "month": "2003-07",
            "price": "22.37",
            "revenue": 172248
        },
        "2003-08": {
            "month": "2003-08",
            "price": "21.84",
            "revenue": 181106
        },
        "2003-09": {
            "month": "2003-09",
            "price": "18.38",
            "revenue": 179658
        },
        "2003-10": {
            "month": "2003-10",
            "price": "16.31",
            "revenue": 206261
        },
        "2003-11": {
            "month": "2003-11",
            "price": "14.61",
            "revenue": 223993
        },
        "2003-12": {
            "month": "2003-12",
            "price": "15.24",
            "revenue": 223639
        },
        "2004-01": {
            "month": "2004-01",
            "price": "16.09",
            "revenue": 114064
        },
        "2004-02": {
            "month": "2004-02",
            "price": "17.39",
            "revenue": 178374
        },
        "2004-03": {
            "month": "2004-03",
            "price": "16.42",
            "revenue": 179769
        },
        "2004-04": {
            "month": "2004-04",
            "price": "20.10",
            "revenue": 190306
        },
        "2004-05": {
            "month": "2004-05",
            "price": "16.99",
            "revenue": 129485
        },
        "2004-06": {
            "month": "2004-06",
            "price": "16.19",
            "revenue": 166563
        },
        "2004-07": {
            "month": "2004-07",
            "price": "15.13",
            "revenue": 178642
        },
        "2004-08": {
            "month": "2004-08",
            "price": "14.06",
            "revenue": 213978
        },
        "2004-09": {
            "month": "2004-09",
            "price": "14.53",
            "revenue": 212221
        },
        "2004-10": {
            "month": "2004-10",
            "price": "14.40",
            "revenue": 213430
        },
        "2004-11": {
            "month": "2004-11",
            "price": "10.63",
            "revenue": 220652
        },
        "2004-12": {
            "month": "2004-12",
            "price": "15.58",
            "revenue": 207692
        },
        "2005-01": {
            "month": "2005-01",
            "price": "20.05",
            "revenue": 215030
        },
        "2005-02": {
            "month": "2005-02",
            "price": "26.41",
            "revenue": 146926
        },
        "2005-03": {
            "month": "2005-03",
            "price": "19.66",
            "revenue": 208827
        },
        "2005-04": {
            "month": "2005-04",
            "price": "16.94",
            "revenue": 209974
        },
        "2005-05": {
            "month": "2005-05",
            "price": "17.67",
            "revenue": 181878
        },
        "2005-06": {
            "month": "2005-06",
            "price": "19.83",
            "revenue": 178715
        },
        "2005-07": {
            "month": "2005-07",
            "price": "19.68",
            "revenue": 174229
        },
        "2005-08": {
            "month": "2005-08",
            "price": "17.51",
            "revenue": 209013
        },
        "2005-09": {
            "month": "2005-09",
            "price": "17.01",
            "revenue": 230932
        },
        "2005-10": {
            "month": "2005-10",
            "price": "14.80",
            "revenue": 255872
        },
        "2005-11": {
            "month": "2005-11",
            "price": "15.06",
            "revenue": 267817
        },
        "2005-12": {
            "month": "2005-12",
            "price": "17.82",
            "revenue": 211561
        },
        "2006-01": {
            "month": "2006-01",
            "price": "19.15",
            "revenue": 208660
        },
        "2006-02": {
            "month": "2006-02",
            "price": "17.73",
            "revenue": 185647
        },
        "2006-03": {
            "month": "2006-03",
            "price": "17.09",
            "revenue": 223166
        },
        "2006-04": {
            "month": "2006-04",
            "price": "19.87",
            "revenue": 207653
        },
        "2006-05": {
            "month": "2006-05",
            "price": "21.23",
            "revenue": 133357
        },
        "2006-06": {
            "month": "2006-06",
            "price": "19.11",
            "revenue": 141072
        },
        "2006-07": {
            "month": "2006-07",
            "price": "16.67",
            "revenue": 184011
        },
        "2006-08": {
            "month": "2006-08",
            "price": "16.20",
            "revenue": 242662
        },
        "2006-09": {
            "month": "2006-09",
            "price": "15.47",
            "revenue": 288686
        },
        "2006-10": {
            "month": "2006-10",
            "price": "16.56",
            "revenue": 283295
        },
        "2006-11": {
            "month": "2006-11",
            "price": "16.89",
            "revenue": 232094
        },
        "2006-12": {
            "month": "2006-12",
            "price": "17.95",
            "revenue": 200467
        },
        "2007-01": {
            "month": "2007-01",
            "price": "19.17",
            "revenue": 259713
        },
        "2007-02": {
            "month": "2007-02",
            "price": "18.80",
            "revenue": 176904
        },
        "2007-03": {
            "month": "2007-03",
            "price": "19.32",
            "revenue": 229719
        },
        "2007-04": {
            "month": "2007-04",
            "price": "20.64",
            "revenue": 224910
        },
        "2007-05": {
            "month": "2007-05",
            "price": "19.13",
            "revenue": 259547
        },
        "2007-06": {
            "month": "2007-06",
            "price": "19.32",
            "revenue": 218987
        },
        "2007-07": {
            "month": "2007-07",
            "price": "20.89",
            "revenue": 258874
        },
        "2007-08": {
            "month": "2007-08",
            "price": "20.08",
            "revenue": 334538
        },
        "2007-09": {
            "month": "2007-09",
            "price": "20.37",
            "revenue": 332861
        },
        "2007-10": {
            "month": "2007-10",
            "price": "22.00",
            "revenue": 325021
        },
        "2007-11": {
            "month": "2007-11",
            "price": "19.17",
            "revenue": 315023
        },
        "2007-12": {
            "month": "2007-12",
            "price": "17.91",
            "revenue": 248818
        },
        "2008-01": {
            "month": "2008-01",
            "price": "16.70",
            "revenue": 282108
        },
        "2008-02": {
            "month": "2008-02",
            "price": "16.62",
            "revenue": 189039
        },
        "2008-03": {
            "month": "2008-03",
            "price": "17.66",
            "revenue": 254877
        },
        "2008-04": {
            "month": "2008-04",
            "price": "19.94",
            "revenue": 243204
        },
        "2008-05": {
            "month": "2008-05",
            "price": "19.56",
            "revenue": 260042
        },
        "2008-06": {
            "month": "2008-06",
            "price": "18.10",
            "revenue": 251654
        },
        "2008-07": {
            "month": "2008-07",
            "price": "14.22",
            "revenue": 242697
        },
        "2008-08": {
            "month": "2008-08",
            "price": "13.26",
            "revenue": 248685
        },
        "2008-09": {
            "month": "2008-09",
            "price": "10.51",
            "revenue": 283727
        },
        "2008-10": {
            "month": "2008-10",
            "price": "9.32",
            "revenue": 258160
        },
        "2008-11": {
            "month": "2008-11",
            "price": "8.18",
            "revenue": 186164
        },
        "2008-12": {
            "month": "2008-12",
            "price": "7.07",
            "revenue": 150419
        },
        "2009-01": {
            "month": "2009-01",
            "price": "6.77",
            "revenue": 146293
        },
        "2009-02": {
            "month": "2009-02",
            "price": "6.90",
            "revenue": 132658
        },
        "2009-03": {
            "month": "2009-03",
            "price": "8.00",
            "revenue": 211654
        },
        "2009-04": {
            "month": "2009-04",
            "price": "8.88",
            "revenue": 172101
        },
        "2009-05": {
            "month": "2009-05",
            "price": "9.84",
            "revenue": 200587
        },
        "2009-06": {
            "month": "2009-06",
            "price": "9.36",
            "revenue": 134121
        },
        "2009-07": {
            "month": "2009-07",
            "price": "9.47",
            "revenue": 205931
        },
        "2009-08": {
            "month": "2009-08",
            "price": "10.49",
            "revenue": 201660
        },
        "2009-09": {
            "month": "2009-09",
            "price": "11.24",
            "revenue": 210125
        },
        "2009-10": {
            "month": "2009-10",
            "price": "12.84",
            "revenue": 189907
        },
        "2009-11": {
            "month": "2009-11",
            "price": "12.94",
            "revenue": 234182
        },
        "2009-12": {
            "month": "2009-12",
            "price": "14.25",
            "revenue": 252412
        },
        "2010-01": {
            "month": "2010-01",
            "price": "15.66",
            "revenue": 215698
        },
        "2010-02": {
            "month": "2010-02",
            "price": "13.92",
            "revenue": 198815
        },
        "2010-03": {
            "month": "2010-03",
            "price": "15.18",
            "revenue": 213587
        },
        "2010-04": {
            "month": "2010-04",
            "price": "16.69",
            "revenue": 233874
        },
        "2010-05": {
            "month": "2010-05",
            "price": "15.22",
            "revenue": 260732
        },
        "2010-06": {
            "month": "2010-06",
            "price": "14.95",
            "revenue": 273888
        },
        "2010-07": {
            "month": "2010-07",
            "price": "15.72",
            "revenue": 219320
        },
        "2010-08": {
            "month": "2010-08",
            "price": "14.90",
            "revenue": 260810
        },
        "2010-09": {
            "month": "2010-09",
            "price": "14.96",
            "revenue": 270653
        },
        "2010-10": {
            "month": "2010-10",
            "price": "15.00",
            "revenue": 235922
        },
        "2010-11": {
            "month": "2010-11",
            "price": "14.36",
            "revenue": 228969
        },
        "2010-12": {
            "month": "2010-12",
            "price": "14.55",
            "revenue": 237410
        },
        "2011-01": {
            "month": "2011-01",
            "price": "14.42",
            "revenue": 175878
        },
        "2011-02": {
            "month": "2011-02",
            "price": "13.98",
            "revenue": 131124
        },
        "2011-03": {
            "month": "2011-03",
            "price": "13.53",
            "revenue": 233481
        },
        "2011-04": {
            "month": "2011-04",
            "price": "14.10",
            "revenue": 255098
        },
        "2011-05": {
            "month": "2011-05",
            "price": "13.66",
            "revenue": 247612
        },
        "2011-06": {
            "month": "2011-06",
            "price": "13.31",
            "revenue": 200609
        },
        "2011-07": {
            "month": "2011-07",
            "price": "12.30",
            "revenue": 178172
        },
        "2011-08": {
            "month": "2011-08",
            "price": "9.93",
            "revenue": 211115
        },
        "2011-09": {
            "month": "2011-09",
            "price": "8.93",
            "revenue": 238984
        },
        "2011-10": {
            "month": "2011-10",
            "price": "8.66",
            "revenue": 248361
        },
        "2011-11": {
            "month": "2011-11",
            "price": "8.24",
            "revenue": 221177
        },
        "2011-12": {
            "month": "2011-12",
            "price": "7.45",
            "revenue": 214892
        },
        "2012-01": {
            "month": "2012-01",
            "price": "7.59",
            "revenue": 213692
        },
        "2012-02": {
            "month": "2012-02",
            "price": "9.02",
            "revenue": 201716
        },
        "2012-03": {
            "month": "2012-03",
            "price": "9.32",
            "revenue": 247594
        },
        "2012-04": {
            "month": "2012-04",
            "price": "8.14",
            "revenue": 244250
        },
        "2012-05": {
            "month": "2012-05",
            "price": "7.84",
            "revenue": 203297
        },
        "2012-06": {
            "month": "2012-06",
            "price": "7.59",
            "revenue": 164989
        },
        "2012-07": {
            "month": "2012-07",
            "price": "7.59",
            "revenue": 178044
        },
        "2012-08": {
            "month": "2012-08",
            "price": "7.60",
            "revenue": 266603
        },
        "2012-09": {
            "month": "2012-09",
            "price": "8.34",
            "revenue": 231295
        },
        "2012-10": {
            "month": "2012-10",
            "price": "8.54",
            "revenue": 200414
        },
        "2012-11": {
            "month": "2012-11",
            "price": "7.85",
            "revenue": 220119
        },
        "2012-12": {
            "month": "2012-12",
            "price": "8.19",
            "revenue": 165241
        },
        "2013-01": {
            "month": "2013-01",
            "price": "8.72",
            "revenue": 241222
        },
        "2013-02": {
            "month": "2013-02",
            "price": "8.67",
            "revenue": 157885
        },
        "2013-03": {
            "month": "2013-03",
            "price": "8.97",
            "revenue": 199306
        },
        "2013-04": {
            "month": "2013-04",
            "price": "9.14",
            "revenue": 190484
        },
        "2013-05": {
            "month": "2013-05",
            "price": "10.28",
            "revenue": 208792
        },
        "2013-06": {
            "month": "2013-06",
            "price": "12.77",
            "revenue": 178855
        },
        "2013-07": {
            "month": "2013-07",
            "price": "13.20",
            "revenue": 201375
        },
        "2013-08": {
            "month": "2013-08",
            "price": "12.24",
            "revenue": 191832
        },
        "2013-09": {
            "month": "2013-09",
            "price": "13.47",
            "revenue": 223756
        },
        "2013-10": {
            "month": "2013-10",
            "price": "13.04",
            "revenue": 175287
        },
        "2013-11": {
            "month": "2013-11",
            "price": "12.29",
            "revenue": 193805
        },
        "2013-12": {
            "month": "2013-12",
            "price": "12.34",
            "revenue": 220336
        },
        "2014-01": {
            "month": "2014-01",
            "price": "15.33",
            "revenue": 285481
        },
        "2014-02": {
            "month": "2014-02",
            "price": "18.01",
            "revenue": 198046
        },
        "2014-03": {
            "month": "2014-03",
            "price": "18.91",
            "revenue": 351121
        },
        "2014-04": {
            "month": "2014-04",
            "price": "24.51",
            "revenue": 312511
        },
        "2014-05": {
            "month": "2014-05",
            "price": "24.02",
            "revenue": 274237
        },
        "2014-06": {
            "month": "2014-06",
            "price": "27.54",
            "revenue": 261237
        },
        "2014-07": {
            "month": "2014-07",
            "price": "25.97",
            "revenue": 252556
        },
        "2014-08": {
            "month": "2014-08",
            "price": "25.49",
            "revenue": 229836
        },
        "2014-09": {
            "month": "2014-09",
            "price": "23.68",
            "revenue": 356632
        },
        "2014-10": {
            "month": "2014-10",
            "price": "22.94",
            "revenue": 285427
        },
        "2014-11": {
            "month": "2014-11",
            "price": "21.66",
            "revenue": 296380
        },
        "2014-12": {
            "month": "2014-12",
            "price": "22.19",
            "revenue": 314076
        },
        "2015-01": {
            "month": "2015-01",
            "price": "22.76",
            "revenue": 318151
        },
        "2015-02": {
            "month": "2015-02",
            "price": "22.75",
            "revenue": 204539
        },
        "2015-03": {
            "month": "2015-03",
            "price": "24.28",
            "revenue": 307183
        },
        "2015-04": {
            "month": "2015-04",
            "price": "23.77",
            "revenue": 252709
        },
        "2015-05": {
            "month": "2015-05",
            "price": "22.54",
            "revenue": 231296
        },
        "2015-06": {
            "month": "2015-06",
            "price": "20.20",
            "revenue": 219281
        },
        "2015-07": {
            "month": "2015-07",
            "price": "16.70",
            "revenue": 239609
        },
        "2015-08": {
            "month": "2015-08",
            "price": "15.18",
            "revenue": 331122
        },
        "2015-09": {
            "month": "2015-09",
            "price": "17.20",
            "revenue": 440964
        },
        "2015-10": {
            "month": "2015-10",
            "price": "20.17",
            "revenue": 356485
        },
        "2015-11": {
            "month": "2015-11",
            "price": "21.42",
            "revenue": 349748
        },
        "2015-12": {
            "month": "2015-12",
            "price": "21.91",
            "revenue": 437137
        },
        "2016-01": {
            "month": "2016-01",
            "price": "22.59",
            "revenue": 402150
        },
        "2016-02": {
            "month": "2016-02",
            "price": "25.93",
            "revenue": 228152
        },
        "2016-03": {
            "month": "2016-03",
            "price": "34.22",
            "revenue": 420460
        },
        "2016-04": {
            "month": "2016-04",
            "price": "38.62",
            "revenue": 316959
        },
        "2016-05": {
            "month": "2016-05",
            "price": "34.89",
            "revenue": 402102
        },
        "2016-06": {
            "month": "2016-06",
            "price": "38.09",
            "revenue": 413530
        },
        "2016-07": {
            "month": "2016-07",
            "price": "37.96",
            "revenue": 551018
        },
        "2016-08": {
            "month": "2016-08",
            "price": "39.46",
            "revenue": 628661
        },
        "2016-09": {
            "month": "2016-09",
            "price": "40.16",
            "revenue": 676255
        },
        "2016-10": {
            "month": "2016-10",
            "price": "45.16",
            "revenue": 581125
        },
        "2016-11": {
            "month": "2016-11",
            "price": "40.04",
            "revenue": 576635
        },
        "2016-12": {
            "month": "2016-12",
            "price": "39.00",
            "revenue": 704271
        },
        "2017-01": {
            "month": "2017-01",
            "price": "41.58",
            "revenue": 597128
        },
        "2017-02": {
            "month": "2017-02",
            "price": "42.57",
            "revenue": 480012
        },
        "2017-03": {
            "month": "2017-03",
            "price": "40.91",
            "revenue": 628498
        },
        "2017-04": {
            "month": "2017-04",
            "price": "40.50",
            "revenue": 536013
        },
        "2017-05": {
            "month": "2017-05",
            "price": "41.38",
            "revenue": 531404
        },
        "2017-06": {
            "month": "2017-06",
            "price": "46.93",
            "revenue": 565302
        },
        "2017-07": {
            "month": "2017-07",
            "price": "45.67",
            "revenue": 597383
        },
        "2017-08": {
            "month": "2017-08",
            "price": "42.93",
            "revenue": 619763
        },
        "2017-09": {
            "month": "2017-09",
            "price": "41.28",
            "revenue": 715652
        },
        "2017-10": {
            "month": "2017-10",
            "price": "40.87",
            "revenue": 631792
        },
        "2017-11": {
            "month": "2017-11",
            "price": "40.03",
            "revenue": 597274
        },
        "2017-12": {
            "month": "2017-12",
            "price": "39.06",
            "revenue": 650361
        },
        "2018-01": {
            "month": "2018-01",
            "price": "38.15",
            "revenue": 679942
        },
        "2018-02": {
            "month": "2018-02",
            "price": "34.39",
            "revenue": 433175
        },
        "2018-03": {
            "month": "2018-03",
            "price": "33.41",
            "revenue": 699317
        },
        "2018-04": {
            "month": "2018-04",
            "price": "33.89",
            "revenue": 674490
        },
        "2018-05": {
            "month": "2018-05",
            "price": "34.38",
            "revenue": 620767
        },
        "2018-06": {
            "month": "2018-06",
            "price": "33.71",
            "revenue": 561382
        },
        "2018-07": {
            "month": "2018-07",
            "price": "32.75",
            "revenue": 547161
        },
        "2018-08": {
            "month": "2018-08",
            "price": "31.94",
            "revenue": 615940
        },
        "2018-09": {
            "month": "2018-09",
            "price": "29.69",
            "revenue": 585889
        },
        "2018-10": {
            "month": "2018-10",
            "price": "24.10",
            "revenue": 663965
        },
        "2018-11": {
            "month": "2018-11",
            "price": "25.72",
            "revenue": 714290
        },
        "2018-12": {
            "month": "2018-12",
            "price": "26.11",
            "revenue": 657147
        },
        "2019-01": {
            "month": "2019-01",
            "price": "24.94",
            "revenue": 806619
        },
        "2019-02": {
            "month": "2019-02",
            "price": "26.03",
            "revenue": 407113
        },
        "2019-03": {
            "month": "2019-03",
            "price": "27.22",
            "revenue": 656376
        },
        "2019-04": {
            "month": "2019-04",
            "price": "28.07",
            "revenue": 580374
        },
        "2019-05": {
            "month": "2019-05",
            "price": "26.86",
            "revenue": 601955
        },
        "2019-06": {
            "month": "2019-06",
            "price": "27.16",
            "revenue": 595398
        },
        "2019-07": {
            "month": "2019-07",
            "price": "27.64",
            "revenue": 596687
        },
        "2019-08": {
            "month": "2019-08",
            "price": "25.31",
            "revenue": 668806
        },
        "2019-09": {
            "month": "2019-09",
            "price": "25.65",
            "revenue": 707350
        },
        "2019-10": {
            "month": "2019-10",
            "price": "25.81",
            "revenue": 682215
        },
        "2019-11": {
            "month": "2019-11",
            "price": "26.85",
            "revenue": 719221
        },
        "2019-12": {
            "month": "2019-12",
            "price": "27.85",
            "revenue": 658781
        },
        "2020-01": {
            "month": "2020-01",
            "price": "27.84",
            "revenue": 631831
        },
        "2020-02": {
            "month": "2020-02",
            "price": "26.39",
            "revenue": 407951
        },
        "2020-03": {
            "month": "2020-03",
            "price": "23.52",
            "revenue": 648113
        },
        "2020-04": {
            "month": "2020-04",
            "price": "25.40",
            "revenue": 715195
        },
        "2020-05": {
            "month": "2020-05",
            "price": "28.37",
            "revenue": 674741
        },
        "2020-06": {
            "month": "2020-06",
            "price": "30.38",
            "revenue": 686379
        },
        "2020-07": {
            "month": "2020-07",
            "price": "30.62",
            "revenue": 786104
        },
        "2020-08": {
            "month": "2020-08",
            "price": "38.14",
            "revenue": 843513
        },
        "2020-09": {
            "month": "2020-09",
            "price": "43.76",
            "revenue": 1111628
        },
        "2020-10": {
            "month": "2020-10",
            "price": "49.04",
            "revenue": 870377
        },
        "2020-11": {
            "month": "2020-11",
            "price": "46.53",
            "revenue": 961271
        },
        "2020-12": {
            "month": "2020-12",
            "price": "44.11",
            "revenue": 828630
        },
        "2021-01": {
            "month": "2021-01",
            "price": "41.32",
            "revenue": 1128754
        },
        "2021-02": {
            "month": "2021-02",
            "price": "43.35",
            "revenue": 519399
        },
        "2021-03": {
            "month": "2021-03",
            "price": "47.74",
            "revenue": 848220
        },
        "2021-04": {
            "month": "2021-04",
            "price": "47.73",
            "revenue": 701447
        },
        "2021-05": {
            "month": "2021-05",
            "price": "41.54",
            "revenue": 751463
        },
        "2021-06": {
            "month": "2021-06",
            "price": "41.90",
            "revenue": 674064
        },
        "2021-07": {
            "month": "2021-07",
            "price": "41.71",
            "revenue": 616461
        },
        "2021-08": {
            "month": "2021-08",
            "price": "36.05",
            "revenue": 622145
        },
        "2021-09": {
            "month": "2021-09",
            "price": "31.65",
            "revenue": 629607
        },
        "2021-10": {
            "month": "2021-10",
            "price": "31.08",
            "revenue": 612510
        },
        "2021-11": {
            "month": "2021-11",
            "price": "31.80",
            "revenue": 573059
        },
        "2021-12": {
            "month": "2021-12",
            "price": "31.79",
            "revenue": 634198
        },
        "2022-01": {
            "month": "2022-01",
            "price": "32.16",
            "revenue": 621027
        },
        "2022-02": {
            "month": "2022-02",
            "price": "31.89",
            "revenue": 426146
        },
        "2022-03": {
            "month": "2022-03",
            "price": "31.00",
            "revenue": 541392
        },
        "2022-04": {
            "month": "2022-04",
            "price": "30.46",
            "revenue": 542017
        },
        "2022-05": {
            "month": "2022-05",
            "price": "28.84",
            "revenue": 536635
        },
        "2022-06": {
            "month": "2022-06",
            "price": "28.73",
            "revenue": 486141
        },
        "2022-07": {
            "month": "2022-07",
            "price": "28.10",
            "revenue": 500405
        },
        "2022-08": {
            "month": "2022-08",
            "price": "30.27",
            "revenue": 517801
        },
        "2022-09": {
            "month": "2022-09",
            "price": "29.47",
            "revenue": 551036
        },
        "2022-10": {
            "month": "2022-10",
            "price": "27.04",
            "revenue": 550950
        },
        "2022-11": {
            "month": "2022-11",
            "price": "28.06",
            "revenue": 597456
        },
        "2022-12": {
            "month": "2022-12",
            "price": "29.85",
            "revenue": 514442
        },
        "2023-01": {
            "month": "2023-01",
            "price": "29.98",
            "revenue": 577311
        },
        "2023-02": {
            "month": "2023-02",
            "price": "32.02",
            "revenue": 540798
        },
        "2023-03": {
            "month": "2023-03",
            "price": "36.48",
            "revenue": 753256
        },
        "2023-04": {
            "month": "2023-04",
            "price": "50.54",
            "revenue": 722463
        },
        "2023-05": {
            "month": "2023-05",
            "price": "51.54",
            "revenue": 754543
        },
        "2023-06": {
            "month": "2023-06",
            "price": "59.14",
            "revenue": 700785
        },
        "2023-07": {
            "month": "2023-07",
            "price": "65.84",
            "revenue": 674433
        },
        "2023-08": {
            "month": "2023-08",
            "price": "64.29",
            "revenue": 692758
        },
        "2023-09": {
            "month": "2023-09",
            "price": "64.90",
            "revenue": 706374
        },
        "2023-10": {
            "month": "2023-10",
            "price": "68.93",
            "revenue": 670983
        },
        "2023-11": {
            "month": "2023-11",
            "price": "68.95",
            "revenue": 665028
        },
        "2023-12": {
            "month": "2023-12",
            "price": "68.98",
            "revenue": 694684
        }
    }
}
