{
    "summary": {
        "stock_name": "威健",
        "stock_id": "3033",
        "category": "電子通路",
        "main_business": "電子零組件暨周邊設備之代理銷售",
        "website_url": "http://www.weikeng.com.tw",
        "ceo": "紀廷芳",
        "pe_ratio": 17,
        "report_year_from": 2001,
        "report_year_to": 2023,
        "age": 23,
        "eps_negative_percentage": 0,
        "eps_growth_avg": {
            "last_all": 5.17,
            "last_2y": 11.64,
            "last_4y": 14.94,
            "last_8y": 9.02,
            "last_12y": 3.62,
            "last_16y": 6.95,
            "last_20y": 6.99,
            "at_2006_last_3y": 7.16,
            "at_2007_last_3y": 1.22,
            "at_2008_last_3y": -14.15,
            "at_2009_last_3y": 5.66,
            "at_2010_last_3y": 17.8,
            "at_2011_last_3y": 21.65,
            "at_2012_last_3y": 28.41,
            "at_2013_last_3y": 8.92,
            "at_2014_last_3y": -8.54,
            "at_2015_last_3y": -9.02,
            "at_2016_last_3y": -5.26,
            "at_2017_last_3y": 0.34,
            "at_2018_last_3y": 1.62,
            "at_2019_last_3y": -10.36,
            "at_2020_last_3y": 19.9,
            "at_2021_last_3y": 33.79,
            "at_2022_last_3y": 32.29,
            "at_2023_last_3y": 33.73,
            "at_2024_last_3y": 33.73,
            "at_2006_last_all": -0.89,
            "at_2007_last_all": -5.04,
            "at_2008_last_all": -13.34,
            "at_2009_last_all": 0.83,
            "at_2010_last_all": 7.42,
            "at_2011_last_all": 5.64,
            "at_2012_last_all": 1.85,
            "at_2013_last_all": 3.53,
            "at_2014_last_all": 2.51,
            "at_2015_last_all": 1.45,
            "at_2016_last_all": -0.05,
            "at_2017_last_all": 2.73,
            "at_2018_last_all": 2.3,
            "at_2019_last_all": -1.17,
            "at_2020_last_all": 4.15,
            "at_2021_last_all": 8.94,
            "at_2022_last_all": 8.01,
            "at_2023_last_all": 5.17,
            "at_2024_last_all": 5.17
        },
        "latest_eps": 1.84,
        "latest_price": 31.65,
        "latest_roe": 8.77,
        "latest_gross_margin": 6.37,
        "latest_equity": 8766220,
        "latest_revenue": 18192291,
        "latest_gross_profit": 1158488,
        "latest_net_income": 227294,
        "latest_debt_ratio": 77.32,
        "latest_current_ratio": 140.16,
        "latest_account_receivable_turnover_ratio": 1.33,
        "latest_inventory_turnover_ratio": 0.83,
        "latest_reinvestment_rate": -0.05,
        "latest_research_to_sale_ratio": null
    },
    "eps_dividends": {
        "1998": {
            "cash": 0,
            "stock": 1.85,
            "eps": 0
        },
        "1999": {
            "cash": 0,
            "stock": 2,
            "eps": 0
        },
        "2000": {
            "cash": 0,
            "stock": 3,
            "eps": 0
        },
        "2001": {
            "cash": 1,
            "stock": 3.3,
            "eps": 3.66
        },
        "2002": {
            "cash": 0.35,
            "stock": 2,
            "eps": 2.45
        },
        "2003": {
            "cash": 1,
            "stock": 1,
            "eps": 2.4
        },
        "2004": {
            "cash": 1.57,
            "stock": 0.52,
            "eps": 2.36
        },
        "2005": {
            "cash": 1.2,
            "stock": 0.8,
            "eps": 2.85
        },
        "2006": {
            "cash": 1.18,
            "stock": 0.97,
            "eps": 3.18
        },
        "2007": {
            "cash": 1.8,
            "stock": 0.7,
            "eps": 2.36
        },
        "2008": {
            "cash": 1.55,
            "stock": 0.5,
            "eps": 0.87
        },
        "2009": {
            "cash": 0.91,
            "stock": 0,
            "eps": 1.93
        },
        "2010": {
            "cash": 1.77,
            "stock": 0,
            "eps": 3.09
        },
        "2011": {
            "cash": 4.66,
            "stock": 0.5,
            "eps": 2.77
        },
        "2012": {
            "cash": 0,
            "stock": 0,
            "eps": 1.77
        },
        "2013": {
            "cash": 1.5,
            "stock": 0,
            "eps": 2.16
        },
        "2014": {
            "cash": 2.02,
            "stock": 0,
            "eps": 1.95
        },
        "2015": {
            "cash": 1.95,
            "stock": 0,
            "eps": 1.71
        },
        "2016": {
            "cash": 1.5,
            "stock": 0,
            "eps": 1.35
        },
        "2017": {
            "cash": 1.06,
            "stock": 0,
            "eps": 1.95
        },
        "2018": {
            "cash": 1.32,
            "stock": 0.37,
            "eps": 1.86
        },
        "2019": {
            "cash": 1.02,
            "stock": 0.6,
            "eps": 0.74
        },
        "2020": {
            "cash": 0.58,
            "stock": 0,
            "eps": 1.9
        },
        "2021": {
            "cash": 1.34,
            "stock": 0,
            "eps": 4.52
        },
        "2022": {
            "cash": 3.02,
            "stock": 0,
            "eps": 4.04
        },
        "2023": {
            "cash": 3.1,
            "stock": 0,
            "eps": 1.84
        }
    },
    "dividends": {
        "1998-04-22": {
            "cash": 0,
            "stock": 1.85
        },
        "1999-05-29": {
            "cash": 0,
            "stock": 2
        },
        "2000-04-20": {
            "cash": 0,
            "stock": 3
        },
        "2001-05-07": {
            "cash": 1,
            "stock": 3.3
        },
        "2002-06-21": {
            "cash": 0.35,
            "stock": 2
        },
        "2003-04-23": {
            "cash": 1,
            "stock": 1
        },
        "2004-04-28": {
            "cash": 1.57,
            "stock": 0.52
        },
        "2005-03-24": {
            "cash": 1.2,
            "stock": 0.8
        },
        "2006-03-28": {
            "cash": 1.18,
            "stock": 0.97
        },
        "2007-06-13": {
            "cash": 1.8,
            "stock": 0.7
        },
        "2008-03-26": {
            "cash": 1.55,
            "stock": 0.5
        },
        "2009-03-25": {
            "cash": 0.91,
            "stock": 0
        },
        "2010-03-29": {
            "cash": 1.77,
            "stock": 0
        },
        "2011-01-01": {
            "cash": 2.5,
            "stock": 0
        },
        "2011-03-28": {
            "cash": 2.16,
            "stock": 0.5
        },
        "2013-03-29": {
            "cash": 1.5,
            "stock": 0
        },
        "2014-08-15": {
            "cash": 2.02,
            "stock": 0
        },
        "2015-08-14": {
            "cash": 1.95,
            "stock": 0
        },
        "2016-08-15": {
            "cash": 1.5,
            "stock": 0
        },
        "2017-08-15": {
            "cash": 1.06,
            "stock": 0
        },
        "2018-09-20": {
            "cash": 1.32,
            "stock": 0.37
        },
        "2019-09-26": {
            "cash": 1.02,
            "stock": 0.6
        },
        "2020-07-31": {
            "cash": 0.58,
            "stock": 0
        },
        "2021-08-20": {
            "cash": 1.34,
            "stock": 0
        },
        "2022-08-25": {
            "cash": 3.02,
            "stock": 0
        },
        "2023-09-01": {
            "cash": 3.1,
            "stock": 0
        }
    },
    "prices": {
        "200101": "無",
        "200102": "無",
        "200103": "無",
        "200104": "無",
        "200105": "無",
        "200106": "無",
        "200107": "無",
        "200108": "無",
        "200109": "無",
        "200110": "無",
        "200111": "無",
        "200112": "無",
        "200201": "無",
        "200202": "無",
        "200203": "無",
        "200204": "無",
        "200205": "無",
        "200206": "無",
        "200207": "無",
        "200208": "33.66",
        "200209": "30.68",
        "200210": "26.89",
        "200211": "25.49",
        "200212": "23.33",
        "200301": "22.63",
        "200302": "21.34",
        "200303": "19.98",
        "200304": "20.50",
        "200305": "20.61",
        "200306": "23.16",
        "200307": "25.32",
        "200308": "22.35",
        "200309": "22.46",
        "200310": "23.00",
        "200311": "23.37",
        "200312": "23.23",
        "200401": "23.28",
        "200402": "24.14",
        "200403": "23.13",
        "200404": "23.81",
        "200405": "22.77",
        "200406": "21.67",
        "200407": "20.48",
        "200408": "18.69",
        "200409": "18.74",
        "200410": "18.56",
        "200411": "18.01",
        "200412": "17.57",
        "200501": "16.10",
        "200502": "16.69",
        "200503": "17.01",
        "200504": "17.42",
        "200505": "16.65",
        "200506": "17.29",
        "200507": "17.62",
        "200508": "15.88",
        "200509": "14.03",
        "200510": "14.17",
        "200511": "15.18",
        "200512": "16.87",
        "200601": "17.45",
        "200602": "17.22",
        "200603": "16.91",
        "200604": "18.73",
        "200605": "20.14",
        "200606": "18.64",
        "200607": "18.90",
        "200608": "18.81",
        "200609": "18.39",
        "200610": "19.57",
        "200611": "20.54",
        "200612": "22.10",
        "200701": "22.16",
        "200702": "21.85",
        "200703": "21.60",
        "200704": "22.77",
        "200705": "23.05",
        "200706": "23.81",
        "200707": "26.72",
        "200708": "24.77",
        "200709": "23.49",
        "200710": "23.20",
        "200711": "20.88",
        "200712": "18.80",
        "200801": "17.67",
        "200802": "17.69",
        "200803": "18.30",
        "200804": "20.41",
        "200805": "19.66",
        "200806": "18.04",
        "200807": "16.62",
        "200808": "14.53",
        "200809": "10.08",
        "200810": "9.31",
        "200811": "8.14",
        "200812": "7.20",
        "200901": "6.95",
        "200902": "7.03",
        "200903": "8.25",
        "200904": "12.18",
        "200905": "14.02",
        "200906": "13.28",
        "200907": "14.14",
        "200908": "15.23",
        "200909": "16.58",
        "200910": "18.48",
        "200911": "18.40",
        "200912": "19.37",
        "201001": "20.33",
        "201002": "18.79",
        "201003": "19.93",
        "201004": "22.59",
        "201005": "22.06",
        "201006": "21.55",
        "201007": "21.85",
        "201008": "22.20",
        "201009": "22.91",
        "201010": "25.40",
        "201011": "25.74",
        "201012": "27.47",
        "201101": "27.04",
        "201102": "26.49",
        "201103": "26.53",
        "201104": "27.49",
        "201105": "27.75",
        "201106": "27.78",
        "201107": "27.65",
        "201108": "23.89",
        "201109": "22.69",
        "201110": "21.82",
        "201111": "21.28",
        "201112": "20.03",
        "201201": "20.54",
        "201202": "23.08",
        "201203": "24.40",
        "201204": "25.32",
        "201205": "25.01",
        "201206": "24.33",
        "201207": "24.16",
        "201208": "21.60",
        "201209": "21.69",
        "201210": "21.15",
        "201211": "20.34",
        "201212": "20.96",
        "201301": "21.24",
        "201302": "21.60",
        "201303": "21.72",
        "201304": "20.93",
        "201305": "21.07",
        "201306": "21.18",
        "201307": "21.42",
        "201308": "20.56",
        "201309": "20.84",
        "201310": "21.57",
        "201311": "21.55",
        "201312": "22.16",
        "201401": "23.69",
        "201402": "23.76",
        "201403": "24.49",
        "201404": "24.79",
        "201405": "24.96",
        "201406": "25.66",
        "201407": "25.92",
        "201408": "23.31",
        "201409": "23.29",
        "201410": "23.07",
        "201411": "22.91",
        "201412": "22.96",
        "201501": "23.31",
        "201502": "23.52",
        "201503": "23.94",
        "201504": "23.12",
        "201505": "23.31",
        "201506": "22.88",
        "201507": "22.37",
        "201508": "18.41",
        "201509": "18.03",
        "201510": "19.09",
        "201511": "19.53",
        "201512": "19.05",
        "201601": "18.65",
        "201602": "19.31",
        "201603": "20.07",
        "201604": "19.95",
        "201605": "19.41",
        "201606": "19.25",
        "201607": "19.10",
        "201608": "18.06",
        "201609": "17.33",
        "201610": "17.42",
        "201611": "16.98",
        "201612": "16.98",
        "201701": "17.08",
        "201702": "17.49",
        "201703": "17.82",
        "201704": "17.46",
        "201705": "17.22",
        "201706": "17.34",
        "201707": "16.88",
        "201708": "16.56",
        "201709": "16.72",
        "201710": "17.00",
        "201711": "18.55",
        "201712": "19.22",
        "201801": "19.77",
        "201802": "20.66",
        "201803": "21.84",
        "201804": "22.04",
        "201805": "22.76",
        "201806": "23.13",
        "201807": "22.50",
        "201808": "22.32",
        "201809": "20.89",
        "201810": "19.70",
        "201811": "19.20",
        "201812": "18.90",
        "201901": "18.80",
        "201902": "19.27",
        "201903": "19.84",
        "201904": "20.44",
        "201905": "19.97",
        "201906": "19.77",
        "201907": "20.12",
        "201908": "19.63",
        "201909": "17.97",
        "201910": "18.11",
        "201911": "17.90",
        "201912": "17.76",
        "202001": "17.72",
        "202002": "17.10",
        "202003": "14.25",
        "202004": "14.14",
        "202005": "14.72",
        "202006": "15.38",
        "202007": "15.58",
        "202008": "17.76",
        "202009": "17.96",
        "202010": "18.05",
        "202011": "18.78",
        "202012": "19.23",
        "202101": "18.72",
        "202102": "19.01",
        "202103": "20.64",
        "202104": "22.13",
        "202105": "22.59",
        "202106": "23.97",
        "202107": "24.37",
        "202108": "23.85",
        "202109": "26.92",
        "202110": "26.94",
        "202111": "29.43",
        "202112": "30.38",
        "202201": "31.01",
        "202202": "30.88",
        "202203": "32.30",
        "202204": "31.06",
        "202205": "30.73",
        "202206": "30.06",
        "202207": "26.79",
        "202208": "26.73",
        "202209": "26.42",
        "202210": "25.74",
        "202211": "26.48",
        "202212": "26.64",
        "202301": "26.70",
        "202302": "27.56",
        "202303": "29.30",
        "202304": "30.24",
        "202305": "30.59",
        "202306": "33.10",
        "202307": "34.90",
        "202308": "29.29",
        "202309": "28.47",
        "202310": "27.41",
        "202311": "27.58",
        "202312": "28.74",
        "202401": "29.94",
        "202402": "32.20",
        "202403": "31.76",
        "202404": "無"
    },
    "quarters": {
        "20011": {
            "year_quarter": 20011,
            "year": 2001,
            "quarter": 1,
            "eps": 1.25,
            "eps_growth_year": -16.11,
            "eps_4q": 5.78,
            "eps_4q_growth_year": 47.55,
            "roe": 6.74,
            "roe_4q": 6.74,
            "gross_profit": 149614,
            "gross_margin": 8.55,
            "gross_margin_4q_avg": 8.55,
            "net_income": 69907,
            "net_income_4q": null,
            "revenue": 1749292,
            "revenue_4q": null,
            "common_shares": 561000,
            "book_valuer_per_share": 19.09,
            "book_valuer_per_share_4q_avg": 19.09,
            "equity": 1070739,
            "current_ratio": 137.65,
            "debt_ratio": 63.19,
            "inventory_turnover_ratio": 1.27,
            "account_receivable_turnover_ratio": null,
            "reinvestment_rate": null,
            "research_to_sale_ratio": null,
            "price_fair": 0,
            "eps_avg_yearly": 0,
            "eps_latest_yearly": 0,
            "eps_growth_yearly": 0
        },
        "20012": {
            "year_quarter": 20012,
            "year": 2001,
            "quarter": 2,
            "eps": 0.82,
            "eps_growth_year": -55.19,
            "eps_4q": 3.63,
            "eps_4q_growth_year": -6.9,
            "roe": 5.96,
            "roe_4q": 12.7,
            "gross_profit": 155041,
            "gross_margin": 7.58,
            "gross_margin_4q_avg": 8.07,
            "net_income": 64352,
            "net_income_4q": null,
            "revenue": 2046508,
            "revenue_4q": null,
            "common_shares": 561000,
            "book_valuer_per_share": 19.39,
            "book_valuer_per_share_4q_avg": 19.24,
            "equity": 1088015,
            "current_ratio": 139.79,
            "debt_ratio": 61.81,
            "inventory_turnover_ratio": 1.83,
            "account_receivable_turnover_ratio": null,
            "reinvestment_rate": null,
            "research_to_sale_ratio": null,
            "price_fair": 0,
            "eps_avg_yearly": 0,
            "eps_latest_yearly": 0,
            "eps_growth_yearly": 0
        },
        "20013": {
            "year_quarter": 20013,
            "year": 2001,
            "quarter": 3,
            "eps": 0.92,
            "eps_growth_year": -39.07,
            "eps_4q": 3.32,
            "eps_4q_growth_year": -30.06,
            "roe": 5.67,
            "roe_4q": 18.369999999999997,
            "gross_profit": 193983,
            "gross_margin": 7.19,
            "gross_margin_4q_avg": 7.77,
            "net_income": 76741,
            "net_income_4q": null,
            "revenue": 2697530,
            "revenue_4q": null,
            "common_shares": 880000,
            "book_valuer_per_share": 18.37,
            "book_valuer_per_share_4q_avg": 18.95,
            "equity": 1616551,
            "current_ratio": 176.05,
            "debt_ratio": 50.26,
            "inventory_turnover_ratio": 2.7,
            "account_receivable_turnover_ratio": null,
            "reinvestment_rate": null,
            "research_to_sale_ratio": null,
            "price_fair": 0,
            "eps_avg_yearly": 0,
            "eps_latest_yearly": 0,
            "eps_growth_yearly": 0
        },
        "20014": {
            "year_quarter": 20014,
            "year": 2001,
            "quarter": 4,
            "eps": 0.67,
            "eps_growth_year": -43.22,
            "eps_4q": 3.21,
            "eps_4q_growth_year": -42.98,
            "roe": 3.38,
            "roe_4q": 21.75,
            "gross_profit": 185734,
            "gross_margin": 6.77,
            "gross_margin_4q_avg": 7.52,
            "net_income": 55568,
            "net_income_4q": null,
            "revenue": 2742243,
            "revenue_4q": null,
            "common_shares": 880000,
            "book_valuer_per_share": 19.02,
            "book_valuer_per_share_4q_avg": 18.97,
            "equity": 1673345,
            "current_ratio": 170.6,
            "debt_ratio": 55.6,
            "inventory_turnover_ratio": 2.15,
            "account_receivable_turnover_ratio": null,
            "reinvestment_rate": null,
            "research_to_sale_ratio": null,
            "price_fair": 0,
            "eps_avg_yearly": 0,
            "eps_latest_yearly": 0,
            "eps_growth_yearly": 0
        },
        "20021": {
            "year_quarter": 20021,
            "year": 2002,
            "quarter": 1,
            "eps": 0.74,
            "eps_growth_year": -40.8,
            "eps_4q": 2.98,
            "eps_4q_growth_year": -48.51,
            "roe": 3.81,
            "roe_4q": 18.82,
            "gross_profit": 170476,
            "gross_margin": 7.36,
            "gross_margin_4q_avg": 7.23,
            "net_income": 65043,
            "net_income_4q": null,
            "revenue": 2316104,
            "revenue_4q": null,
            "common_shares": 880000,
            "book_valuer_per_share": 19.75,
            "book_valuer_per_share_4q_avg": 19.13,
            "equity": 1737998,
            "current_ratio": 172.51,
            "debt_ratio": 51.4,
            "inventory_turnover_ratio": 1.87,
            "account_receivable_turnover_ratio": null,
            "reinvestment_rate": null,
            "research_to_sale_ratio": null,
            "price_fair": 103.6,
            "eps_avg_yearly": 2.96,
            "eps_latest_yearly": 2.96,
            "eps_growth_yearly": 41.79
        },
        "20022": {
            "year_quarter": 20022,
            "year": 2002,
            "quarter": 2,
            "eps": 0.73,
            "eps_growth_year": -10.98,
            "eps_4q": 2.96,
            "eps_4q_growth_year": -18.4,
            "roe": 3.7,
            "roe_4q": 16.560000000000002,
            "gross_profit": 139224,
            "gross_margin": 5.93,
            "gross_margin_4q_avg": 6.81,
            "net_income": 64522,
            "net_income_4q": null,
            "revenue": 2349717,
            "revenue_4q": null,
            "common_shares": 880000,
            "book_valuer_per_share": 19.89,
            "book_valuer_per_share_4q_avg": 19.26,
            "equity": 1750129,
            "current_ratio": 160.21,
            "debt_ratio": 56.07,
            "inventory_turnover_ratio": 2.29,
            "account_receivable_turnover_ratio": null,
            "reinvestment_rate": null,
            "research_to_sale_ratio": null,
            "price_fair": 82.89,
            "eps_avg_yearly": 2.94,
            "eps_latest_yearly": 2.92,
            "eps_growth_yearly": 18.19
        },
        "20023": {
            "year_quarter": 20023,
            "year": 2002,
            "quarter": 3,
            "eps": 0.43,
            "eps_growth_year": -53.26,
            "eps_4q": 2.16,
            "eps_4q_growth_year": -35.1,
            "roe": 2.6,
            "roe_4q": 13.490000000000002,
            "gross_profit": 160312,
            "gross_margin": 5.92,
            "gross_margin_4q_avg": 6.5,
            "net_income": 46116,
            "net_income_4q": null,
            "revenue": 2705672,
            "revenue_4q": null,
            "common_shares": 1084000,
            "book_valuer_per_share": 16.6,
            "book_valuer_per_share_4q_avg": 18.82,
            "equity": 1799849,
            "current_ratio": 205.99,
            "debt_ratio": 57.46,
            "inventory_turnover_ratio": 2.43,
            "account_receivable_turnover_ratio": null,
            "reinvestment_rate": null,
            "research_to_sale_ratio": null,
            "price_fair": 7.6,
            "eps_avg_yearly": 2.53,
            "eps_latest_yearly": 1.72,
            "eps_growth_yearly": -42.67
        },
        "20024": {
            "year_quarter": 20024,
            "year": 2002,
            "quarter": 4,
            "eps": 0.55,
            "eps_growth_year": -17.91,
            "eps_4q": 2.17,
            "eps_4q_growth_year": -32.43,
            "roe": 3.26,
            "roe_4q": 13.37,
            "gross_profit": 187522,
            "gross_margin": 6.26,
            "gross_margin_4q_avg": 6.37,
            "net_income": 59576,
            "net_income_4q": null,
            "revenue": 2994918,
            "revenue_4q": null,
            "common_shares": 1084000,
            "book_valuer_per_share": 17.14,
            "book_valuer_per_share_4q_avg": 18.35,
            "equity": 1857557,
            "current_ratio": 188.46,
            "debt_ratio": 61.7,
            "inventory_turnover_ratio": 2.03,
            "account_receivable_turnover_ratio": null,
            "reinvestment_rate": 7.22,
            "research_to_sale_ratio": null,
            "price_fair": 7.35,
            "eps_avg_yearly": 2.45,
            "eps_latest_yearly": 2.2,
            "eps_growth_yearly": -4.09
        },
        "20031": {
            "year_quarter": 20031,
            "year": 2003,
            "quarter": 1,
            "eps": 0.53,
            "eps_growth_year": -28.38,
            "eps_4q": 2.1,
            "eps_4q_growth_year": -29.43,
            "roe": 3.07,
            "roe_4q": 12.629999999999999,
            "gross_profit": 185197,
            "gross_margin": 7.41,
            "gross_margin_4q_avg": 6.38,
            "net_income": 57414,
            "net_income_4q": null,
            "revenue": 2499562,
            "revenue_4q": null,
            "common_shares": 1064370,
            "book_valuer_per_share": 17.69,
            "book_valuer_per_share_4q_avg": 17.83,
            "equity": 1882369,
            "current_ratio": 205.2,
            "debt_ratio": 56.64,
            "inventory_turnover_ratio": 1.58,
            "account_receivable_turnover_ratio": null,
            "reinvestment_rate": 7.18,
            "research_to_sale_ratio": null,
            "price_fair": 7.15,
            "eps_avg_yearly": 2.38,
            "eps_latest_yearly": 2.12,
            "eps_growth_yearly": -6.18
        },
        "20032": {
            "year_quarter": 20032,
            "year": 2003,
            "quarter": 2,
            "eps": 0.65,
            "eps_growth_year": -10.96,
            "eps_4q": 2.16,
            "eps_4q_growth_year": -26.94,
            "roe": 3.77,
            "roe_4q": 12.7,
            "gross_profit": 165866,
            "gross_margin": 7.56,
            "gross_margin_4q_avg": 6.79,
            "net_income": 69996,
            "net_income_4q": null,
            "revenue": 2192925,
            "revenue_4q": null,
            "common_shares": 1064370,
            "book_valuer_per_share": 17.18,
            "book_valuer_per_share_4q_avg": 17.15,
            "equity": 1828581,
            "current_ratio": 191.21,
            "debt_ratio": 59.58,
            "inventory_turnover_ratio": 1.43,
            "account_receivable_turnover_ratio": null,
            "reinvestment_rate": 1.45,
            "research_to_sale_ratio": null,
            "price_fair": 48.26,
            "eps_avg_yearly": 2.42,
            "eps_latest_yearly": 2.6,
            "eps_growth_yearly": 9.94
        },
        "20033": {
            "year_quarter": 20033,
            "year": 2003,
            "quarter": 3,
            "eps": 0.6,
            "eps_growth_year": 39.53,
            "eps_4q": 2.17,
            "eps_4q_growth_year": 0.77,
            "roe": 3.83,
            "roe_4q": 13.93,
            "gross_profit": 193236,
            "gross_margin": 6.59,
            "gross_margin_4q_avg": 6.96,
            "net_income": 71327,
            "net_income_4q": null,
            "revenue": 2931523,
            "revenue_4q": null,
            "common_shares": 1190250,
            "book_valuer_per_share": 15.91,
            "book_valuer_per_share_4q_avg": 16.98,
            "equity": 1894127,
            "current_ratio": 178.5,
            "debt_ratio": 62.14,
            "inventory_turnover_ratio": 1.85,
            "account_receivable_turnover_ratio": null,
            "reinvestment_rate": 1.06,
            "research_to_sale_ratio": null,
            "price_fair": 34.14,
            "eps_avg_yearly": 2.42,
            "eps_latest_yearly": 2.4,
            "eps_growth_yearly": 4.13
        },
        "20034": {
            "year_quarter": 20034,
            "year": 2003,
            "quarter": 4,
            "eps": 0.62,
            "eps_growth_year": 12.73,
            "eps_4q": 2.29,
            "eps_4q_growth_year": 5.39,
            "roe": 3.79,
            "roe_4q": 14.46,
            "gross_profit": 236457,
            "gross_margin": 7.46,
            "gross_margin_4q_avg": 7.26,
            "net_income": 73832,
            "net_income_4q": null,
            "revenue": 3168904,
            "revenue_4q": null,
            "common_shares": 1200930,
            "book_valuer_per_share": 16.63,
            "book_valuer_per_share_4q_avg": 16.85,
            "equity": 1997346,
            "current_ratio": 177.96,
            "debt_ratio": 63.39,
            "inventory_turnover_ratio": 1.76,
            "account_receivable_turnover_ratio": null,
            "reinvestment_rate": 1.68,
            "research_to_sale_ratio": null,
            "price_fair": 37.05,
            "eps_avg_yearly": 2.43,
            "eps_latest_yearly": 2.48,
            "eps_growth_yearly": 5.28
        },
        "20041": {
            "year_quarter": 20041,
            "year": 2004,
            "quarter": 1,
            "eps": 0.88,
            "eps_growth_year": 66.04,
            "eps_4q": 2.67,
            "eps_4q_growth_year": 27.1,
            "roe": 5.18,
            "roe_4q": 16.57,
            "gross_profit": 221534,
            "gross_margin": 7.61,
            "gross_margin_4q_avg": 7.31,
            "net_income": 105737,
            "net_income_4q": null,
            "revenue": 2909887,
            "revenue_4q": null,
            "common_shares": 1202144,
            "book_valuer_per_share": 17.32,
            "book_valuer_per_share_4q_avg": 16.76,
            "equity": 2081863,
            "current_ratio": 184.57,
            "debt_ratio": 59.53,
            "inventory_turnover_ratio": 1.39,
            "account_receivable_turnover_ratio": null,
            "reinvestment_rate": 0.99,
            "research_to_sale_ratio": null,
            "price_fair": 84.88,
            "eps_avg_yearly": 2.55,
            "eps_latest_yearly": 3.52,
            "eps_growth_yearly": 23.33
        },
        "20042": {
            "year_quarter": 20042,
            "year": 2004,
            "quarter": 2,
            "eps": 0.71,
            "eps_growth_year": 9.23,
            "eps_4q": 2.81,
            "eps_4q_growth_year": 29.71,
            "roe": 4.29,
            "roe_4q": 17.089999999999996,
            "gross_profit": 228961,
            "gross_margin": 7.98,
            "gross_margin_4q_avg": 7.41,
            "net_income": 84915,
            "net_income_4q": null,
            "revenue": 2870264,
            "revenue_4q": null,
            "common_shares": 1202144,
            "book_valuer_per_share": 15.63,
            "book_valuer_per_share_4q_avg": 16.37,
            "equity": 1878674,
            "current_ratio": 163.72,
            "debt_ratio": 64.7,
            "inventory_turnover_ratio": 1.37,
            "account_receivable_turnover_ratio": null,
            "reinvestment_rate": 0.97,
            "research_to_sale_ratio": null,
            "price_fair": 59.94,
            "eps_avg_yearly": 2.58,
            "eps_latest_yearly": 2.84,
            "eps_growth_yearly": 13.27
        },
        "20043": {
            "year_quarter": 20043,
            "year": 2004,
            "quarter": 3,
            "eps": 0.66,
            "eps_growth_year": 10,
            "eps_4q": 2.77,
            "eps_4q_growth_year": 27.44,
            "roe": 4.31,
            "roe_4q": 17.57,
            "gross_profit": 219261,
            "gross_margin": 7.26,
            "gross_margin_4q_avg": 7.58,
            "net_income": 82762,
            "net_income_4q": null,
            "revenue": 3021579,
            "revenue_4q": null,
            "common_shares": 1226961,
            "book_valuer_per_share": 15.96,
            "book_valuer_per_share_4q_avg": 16.39,
            "equity": 1958752,
            "current_ratio": 137.97,
            "debt_ratio": 62.27,
            "inventory_turnover_ratio": 1.51,
            "account_receivable_turnover_ratio": null,
            "reinvestment_rate": 0.88,
            "research_to_sale_ratio": null,
            "price_fair": 50.35,
            "eps_avg_yearly": 2.58,
            "eps_latest_yearly": 2.64,
            "eps_growth_yearly": 9.5
        },
        "20044": {
            "year_quarter": 20044,
            "year": 2004,
            "quarter": 4,
            "eps": 0.11,
            "eps_growth_year": -82.26,
            "eps_4q": 2.28,
            "eps_4q_growth_year": -0.36,
            "roe": 0.71,
            "roe_4q": 14.489999999999998,
            "gross_profit": 155949,
            "gross_margin": 5.26,
            "gross_margin_4q_avg": 7.03,
            "net_income": 13856,
            "net_income_4q": null,
            "revenue": 2965023,
            "revenue_4q": null,
            "common_shares": 1226961,
            "book_valuer_per_share": 15.75,
            "book_valuer_per_share_4q_avg": 16.17,
            "equity": 1933024,
            "current_ratio": 135.7,
            "debt_ratio": 68.54,
            "inventory_turnover_ratio": 1.31,
            "account_receivable_turnover_ratio": null,
            "reinvestment_rate": 0.39,
            "research_to_sale_ratio": null,
            "price_fair": 7.21,
            "eps_avg_yearly": 2.4,
            "eps_latest_yearly": 0.44,
            "eps_growth_yearly": -19.07
        },
        "20051": {
            "year_quarter": 20051,
            "year": 2005,
            "quarter": 1,
            "eps": 0.38,
            "eps_growth_year": -56.82,
            "eps_4q": 1.88,
            "eps_4q_growth_year": -29.65,
            "roe": 2.34,
            "roe_4q": 11.649999999999999,
            "gross_profit": 190097,
            "gross_margin": 6.38,
            "gross_margin_4q_avg": 6.72,
            "net_income": 46026,
            "net_income_4q": null,
            "revenue": 2977768,
            "revenue_4q": null,
            "common_shares": 1226961,
            "book_valuer_per_share": 16.24,
            "book_valuer_per_share_4q_avg": 15.9,
            "equity": 1992876,
            "current_ratio": 141.92,
            "debt_ratio": 60.43,
            "inventory_turnover_ratio": 1.42,
            "account_receivable_turnover_ratio": null,
            "reinvestment_rate": -4.83,
            "research_to_sale_ratio": null,
            "price_fair": 81.74,
            "eps_avg_yearly": 2.34,
            "eps_latest_yearly": 1.52,
            "eps_growth_yearly": 57.92
        },
        "20052": {
            "year_quarter": 20052,
            "year": 2005,
            "quarter": 2,
            "eps": 0.45,
            "eps_growth_year": -36.62,
            "eps_4q": 1.62,
            "eps_4q_growth_year": -42.22,
            "roe": 2.83,
            "roe_4q": 10.19,
            "gross_profit": 220859,
            "gross_margin": 7.1,
            "gross_margin_4q_avg": 6.5,
            "net_income": 54750,
            "net_income_4q": null,
            "revenue": 3109529,
            "revenue_4q": null,
            "common_shares": 1226961,
            "book_valuer_per_share": 15.34,
            "book_valuer_per_share_4q_avg": 15.82,
            "equity": 1882168,
            "current_ratio": 132.18,
            "debt_ratio": 64.74,
            "inventory_turnover_ratio": 2.06,
            "account_receivable_turnover_ratio": null,
            "reinvestment_rate": -4.79,
            "research_to_sale_ratio": null,
            "price_fair": 80.4,
            "eps_avg_yearly": 2.3,
            "eps_latest_yearly": 1.8,
            "eps_growth_yearly": 59.05
        },
        "20053": {
            "year_quarter": 20053,
            "year": 2005,
            "quarter": 3,
            "eps": 0.82,
            "eps_growth_year": 24.24,
            "eps_4q": 1.64,
            "eps_4q_growth_year": -40.8,
            "roe": 5.42,
            "roe_4q": 11.3,
            "gross_profit": 254883,
            "gross_margin": 7.03,
            "gross_margin_4q_avg": 6.44,
            "net_income": 114725,
            "net_income_4q": null,
            "revenue": 3626685,
            "revenue_4q": null,
            "common_shares": 1532669,
            "book_valuer_per_share": 15.35,
            "book_valuer_per_share_4q_avg": 15.67,
            "equity": 2352857,
            "current_ratio": 145.01,
            "debt_ratio": 60.95,
            "inventory_turnover_ratio": 2.15,
            "account_receivable_turnover_ratio": null,
            "reinvestment_rate": -4.46,
            "research_to_sale_ratio": null,
            "price_fair": 82.69,
            "eps_avg_yearly": 2.36,
            "eps_latest_yearly": 3.28,
            "eps_growth_yearly": 77.04
        },
        "20054": {
            "year_quarter": 20054,
            "year": 2005,
            "quarter": 4,
            "eps": 1.2,
            "eps_growth_year": 990.91,
            "eps_4q": 2.71,
            "eps_4q_growth_year": 18.86,
            "roe": 7.02,
            "roe_4q": 17.61,
            "gross_profit": 314243,
            "gross_margin": 7.1,
            "gross_margin_4q_avg": 6.9,
            "net_income": 171170,
            "net_income_4q": null,
            "revenue": 4425933,
            "revenue_4q": null,
            "common_shares": 1536481,
            "book_valuer_per_share": 16.23,
            "book_valuer_per_share_4q_avg": 15.79,
            "equity": 2525166,
            "current_ratio": 146.74,
            "debt_ratio": 66.81,
            "inventory_turnover_ratio": 1.79,
            "account_receivable_turnover_ratio": null,
            "reinvestment_rate": -0.6,
            "research_to_sale_ratio": null,
            "price_fair": 88.03,
            "eps_avg_yearly": 2.52,
            "eps_latest_yearly": 4.8,
            "eps_growth_yearly": 83.81
        },
        "20061": {
            "year_quarter": 20061,
            "year": 2006,
            "quarter": 1,
            "eps": 0.72,
            "eps_growth_year": 89.47,
            "eps_4q": 2.92,
            "eps_4q_growth_year": 55.33,
            "roe": 4.34,
            "roe_4q": 19.61,
            "gross_profit": 263503,
            "gross_margin": 7.08,
            "gross_margin_4q_avg": 7.08,
            "net_income": 111567,
            "net_income_4q": null,
            "revenue": 3724092,
            "revenue_4q": null,
            "common_shares": 1545331,
            "book_valuer_per_share": 16.93,
            "book_valuer_per_share_4q_avg": 15.96,
            "equity": 2616531,
            "current_ratio": 148.95,
            "debt_ratio": 57.66,
            "inventory_turnover_ratio": 1.45,
            "account_receivable_turnover_ratio": null,
            "reinvestment_rate": -3.78,
            "research_to_sale_ratio": null,
            "price_fair": 87.85,
            "eps_avg_yearly": 2.51,
            "eps_latest_yearly": 2.88,
            "eps_growth_yearly": 71.2
        },
        "20062": {
            "year_quarter": 20062,
            "year": 2006,
            "quarter": 2,
            "eps": 0.84,
            "eps_growth_year": 86.67,
            "eps_4q": 3.4,
            "eps_4q_growth_year": 109.84,
            "roe": 5.04,
            "roe_4q": 21.82,
            "gross_profit": 254242,
            "gross_margin": 7.59,
            "gross_margin_4q_avg": 7.2,
            "net_income": 130193,
            "net_income_4q": null,
            "revenue": 3349350,
            "revenue_4q": null,
            "common_shares": 1546680,
            "book_valuer_per_share": 16.47,
            "book_valuer_per_share_4q_avg": 16.25,
            "equity": 2547271,
            "current_ratio": 149.43,
            "debt_ratio": 56.42,
            "inventory_turnover_ratio": 1.89,
            "account_receivable_turnover_ratio": null,
            "reinvestment_rate": -3.2,
            "research_to_sale_ratio": null,
            "price_fair": 88.81,
            "eps_avg_yearly": 2.54,
            "eps_latest_yearly": 3.36,
            "eps_growth_yearly": 75.7
        },
        "20063": {
            "year_quarter": 20063,
            "year": 2006,
            "quarter": 3,
            "eps": 1,
            "eps_growth_year": 21.95,
            "eps_4q": 3.41,
            "eps_4q_growth_year": 108.24,
            "roe": 6.32,
            "roe_4q": 22.72,
            "gross_profit": 310568,
            "gross_margin": 7.62,
            "gross_margin_4q_avg": 7.35,
            "net_income": 171070,
            "net_income_4q": null,
            "revenue": 4077131,
            "revenue_4q": null,
            "common_shares": 1784424,
            "book_valuer_per_share": 16.08,
            "book_valuer_per_share_4q_avg": 16.43,
            "equity": 2869936,
            "current_ratio": 204.99,
            "debt_ratio": 52.5,
            "inventory_turnover_ratio": 2.62,
            "account_receivable_turnover_ratio": null,
            "reinvestment_rate": -3.3,
            "research_to_sale_ratio": null,
            "price_fair": 93.8,
            "eps_avg_yearly": 2.68,
            "eps_latest_yearly": 4,
            "eps_growth_yearly": 90.74
        },
        "20064": {
            "year_quarter": 20064,
            "year": 2006,
            "quarter": 4,
            "eps": 0.62,
            "eps_growth_year": -48.33,
            "eps_4q": 2.98,
            "eps_4q_growth_year": 10.08,
            "roe": 3.58,
            "roe_4q": 19.28,
            "gross_profit": 282901,
            "gross_margin": 7.7,
            "gross_margin_4q_avg": 7.5,
            "net_income": 108274,
            "net_income_4q": null,
            "revenue": 3674942,
            "revenue_4q": null,
            "common_shares": 1916163,
            "book_valuer_per_share": 16.54,
            "book_valuer_per_share_4q_avg": 16.51,
            "equity": 3178534,
            "current_ratio": 179.54,
            "debt_ratio": 60.82,
            "inventory_turnover_ratio": 1.59,
            "account_receivable_turnover_ratio": null,
            "reinvestment_rate": -0.8,
            "research_to_sale_ratio": null,
            "price_fair": 94.41,
            "eps_avg_yearly": 2.7,
            "eps_latest_yearly": 2.48,
            "eps_growth_yearly": 74.26
        },
        "20071": {
            "year_quarter": 20071,
            "year": 2007,
            "quarter": 1,
            "eps": 0.6,
            "eps_growth_year": -16.67,
            "eps_4q": 2.7,
            "eps_4q_growth_year": -7.43,
            "roe": 3.55,
            "roe_4q": 18.49,
            "gross_profit": 280500,
            "gross_margin": 7.84,
            "gross_margin_4q_avg": 7.69,
            "net_income": 116918,
            "net_income_4q": null,
            "revenue": 3576628,
            "revenue_4q": null,
            "common_shares": 1981279,
            "book_valuer_per_share": 17.23,
            "book_valuer_per_share_4q_avg": 16.58,
            "equity": 3414481,
            "current_ratio": 192.7,
            "debt_ratio": 49.24,
            "inventory_turnover_ratio": 1.5,
            "account_receivable_turnover_ratio": null,
            "reinvestment_rate": -3.1,
            "research_to_sale_ratio": null,
            "price_fair": 95.03,
            "eps_avg_yearly": 2.72,
            "eps_latest_yearly": 2.4,
            "eps_growth_yearly": 74.36
        },
        "20072": {
            "year_quarter": 20072,
            "year": 2007,
            "quarter": 2,
            "eps": 0.68,
            "eps_growth_year": -19.05,
            "eps_4q": 2.68,
            "eps_4q_growth_year": -21.34,
            "roe": 4.06,
            "roe_4q": 17.509999999999998,
            "gross_profit": 267356,
            "gross_margin": 7.01,
            "gross_margin_4q_avg": 7.54,
            "net_income": 134872,
            "net_income_4q": null,
            "revenue": 3814965,
            "revenue_4q": null,
            "common_shares": 2044776,
            "book_valuer_per_share": 15.79,
            "book_valuer_per_share_4q_avg": 16.41,
            "equity": 3229157,
            "current_ratio": 175.75,
            "debt_ratio": 51.29,
            "inventory_turnover_ratio": 2.41,
            "account_receivable_turnover_ratio": null,
            "reinvestment_rate": 0.59,
            "research_to_sale_ratio": null,
            "price_fair": 95.29,
            "eps_avg_yearly": 2.72,
            "eps_latest_yearly": 2.72,
            "eps_growth_yearly": 72.04
        },
        "20073": {
            "year_quarter": 20073,
            "year": 2007,
            "quarter": 3,
            "eps": 0.66,
            "eps_growth_year": -34,
            "eps_4q": 2.31,
            "eps_4q_growth_year": -32.45,
            "roe": 4.28,
            "roe_4q": 15.47,
            "gross_profit": 285474,
            "gross_margin": 6.35,
            "gross_margin_4q_avg": 7.23,
            "net_income": 144362,
            "net_income_4q": null,
            "revenue": 4494822,
            "revenue_4q": null,
            "common_shares": 2312375,
            "book_valuer_per_share": 15.21,
            "book_valuer_per_share_4q_avg": 16.19,
            "equity": 3517101,
            "current_ratio": 170.64,
            "debt_ratio": 48.88,
            "inventory_turnover_ratio": 2.99,
            "account_receivable_turnover_ratio": null,
            "reinvestment_rate": 0.53,
            "research_to_sale_ratio": null,
            "price_fair": 95.81,
            "eps_avg_yearly": 2.74,
            "eps_latest_yearly": 2.64,
            "eps_growth_yearly": 73.22
        },
        "20074": {
            "year_quarter": 20074,
            "year": 2007,
            "quarter": 4,
            "eps": 0.42,
            "eps_growth_year": -32.26,
            "eps_4q": 2.19,
            "eps_4q_growth_year": -26.53,
            "roe": 2.61,
            "roe_4q": 14.5,
            "gross_profit": 267411,
            "gross_margin": 6.4,
            "gross_margin_4q_avg": 6.9,
            "net_income": 93884,
            "net_income_4q": null,
            "revenue": 4179793,
            "revenue_4q": null,
            "common_shares": 2359902,
            "book_valuer_per_share": 15.58,
            "book_valuer_per_share_4q_avg": 15.95,
            "equity": 3681252,
            "current_ratio": 172.15,
            "debt_ratio": 56.78,
            "inventory_turnover_ratio": 1.69,
            "account_receivable_turnover_ratio": null,
            "reinvestment_rate": 2.09,
            "research_to_sale_ratio": null,
            "price_fair": 94.06,
            "eps_avg_yearly": 2.69,
            "eps_latest_yearly": 1.68,
            "eps_growth_yearly": 63.3
        },
        "20081": {
            "year_quarter": 20081,
            "year": 2008,
            "quarter": 1,
            "eps": 0.24,
            "eps_growth_year": -60,
            "eps_4q": 1.81,
            "eps_4q_growth_year": -32.92,
            "roe": 1.55,
            "roe_4q": 12.5,
            "gross_profit": 329193,
            "gross_margin": 5.91,
            "gross_margin_4q_avg": 6.42,
            "net_income": 56952,
            "net_income_4q": null,
            "revenue": 5571092,
            "revenue_4q": null,
            "common_shares": 2365622,
            "book_valuer_per_share": 15.43,
            "book_valuer_per_share_4q_avg": 15.5,
            "equity": 3650323,
            "current_ratio": 177.73,
            "debt_ratio": 54.63,
            "inventory_turnover_ratio": 1.7,
            "account_receivable_turnover_ratio": null,
            "reinvestment_rate": 2.66,
            "research_to_sale_ratio": null,
            "price_fair": 88.46,
            "eps_avg_yearly": 2.53,
            "eps_latest_yearly": 0.96,
            "eps_growth_yearly": 42.1
        },
        "20082": {
            "year_quarter": 20082,
            "year": 2008,
            "quarter": 2,
            "eps": 0.09,
            "eps_growth_year": -86.76,
            "eps_4q": 1.22,
            "eps_4q_growth_year": -54.55,
            "roe": 0.68,
            "roe_4q": 9.120000000000001,
            "gross_profit": 359495,
            "gross_margin": 6.51,
            "gross_margin_4q_avg": 6.29,
            "net_income": 23570,
            "net_income_4q": null,
            "revenue": 5520383,
            "revenue_4q": null,
            "common_shares": 2370280,
            "book_valuer_per_share": 13.89,
            "book_valuer_per_share_4q_avg": 15.03,
            "equity": 3292671,
            "current_ratio": 156.09,
            "debt_ratio": 62.25,
            "inventory_turnover_ratio": 1.64,
            "account_receivable_turnover_ratio": null,
            "reinvestment_rate": 2.23,
            "research_to_sale_ratio": null,
            "price_fair": 83.04,
            "eps_avg_yearly": 2.37,
            "eps_latest_yearly": 0.36,
            "eps_growth_yearly": 31.31
        },
        "20083": {
            "year_quarter": 20083,
            "year": 2008,
            "quarter": 3,
            "eps": 0.31,
            "eps_growth_year": -53.03,
            "eps_4q": 1,
            "eps_4q_growth_year": -56.47,
            "roe": 2.31,
            "roe_4q": 7.15,
            "gross_profit": 539612,
            "gross_margin": 8.56,
            "gross_margin_4q_avg": 6.85,
            "net_income": 77932,
            "net_income_4q": null,
            "revenue": 6304617,
            "revenue_4q": null,
            "common_shares": 2494915,
            "book_valuer_per_share": 13.83,
            "book_valuer_per_share_4q_avg": 14.68,
            "equity": 3450454,
            "current_ratio": 156.38,
            "debt_ratio": 62,
            "inventory_turnover_ratio": 1.83,
            "account_receivable_turnover_ratio": null,
            "reinvestment_rate": 2.19,
            "research_to_sale_ratio": null,
            "price_fair": 79.98,
            "eps_avg_yearly": 2.29,
            "eps_latest_yearly": 1.24,
            "eps_growth_yearly": 94.18
        },
        "20084": {
            "year_quarter": 20084,
            "year": 2008,
            "quarter": 4,
            "eps": 0.23,
            "eps_growth_year": -45.24,
            "eps_4q": 0.88,
            "eps_4q_growth_year": -59.65,
            "roe": 1.62,
            "roe_4q": 6.16,
            "gross_profit": 275102,
            "gross_margin": 5.84,
            "gross_margin_4q_avg": 6.71,
            "net_income": 55678,
            "net_income_4q": null,
            "revenue": 4710739,
            "revenue_4q": null,
            "common_shares": 2394915,
            "book_valuer_per_share": 14.3,
            "book_valuer_per_share_4q_avg": 14.36,
            "equity": 3425323,
            "current_ratio": 162.02,
            "debt_ratio": 59.87,
            "inventory_turnover_ratio": 1.46,
            "account_receivable_turnover_ratio": 2.91,
            "reinvestment_rate": 1.63,
            "research_to_sale_ratio": null,
            "price_fair": 81.03,
            "eps_avg_yearly": 2.32,
            "eps_latest_yearly": 0.92,
            "eps_growth_yearly": 108.56
        },
        "20091": {
            "year_quarter": 20091,
            "year": 2009,
            "quarter": 1,
            "eps": 0.5,
            "eps_growth_year": 108.33,
            "eps_4q": 1.16,
            "eps_4q_growth_year": -36.22,
            "roe": 3.44,
            "roe_4q": 8.05,
            "gross_profit": 429902,
            "gross_margin": 8.57,
            "gross_margin_4q_avg": 7.37,
            "net_income": 119807,
            "net_income_4q": null,
            "revenue": 5014529,
            "revenue_4q": null,
            "common_shares": 2394915,
            "book_valuer_per_share": 14.81,
            "book_valuer_per_share_4q_avg": 14.21,
            "equity": 3547572,
            "current_ratio": 168.91,
            "debt_ratio": 57.41,
            "inventory_turnover_ratio": 1.64,
            "account_receivable_turnover_ratio": 1.59,
            "reinvestment_rate": 1.82,
            "research_to_sale_ratio": null,
            "price_fair": 82.08,
            "eps_avg_yearly": 2.35,
            "eps_latest_yearly": 2,
            "eps_growth_yearly": 76.54
        },
        "20092": {
            "year_quarter": 20092,
            "year": 2009,
            "quarter": 2,
            "eps": 0.43,
            "eps_growth_year": 377.78,
            "eps_4q": 1.5,
            "eps_4q_growth_year": 23.27,
            "roe": 2.95,
            "roe_4q": 10.320000000000002,
            "gross_profit": 379345,
            "gross_margin": 6.53,
            "gross_margin_4q_avg": 7.38,
            "net_income": 101804,
            "net_income_4q": null,
            "revenue": 5808881,
            "revenue_4q": null,
            "common_shares": 2320035,
            "book_valuer_per_share": 14.43,
            "book_valuer_per_share_4q_avg": 14.34,
            "equity": 3346875,
            "current_ratio": 152.9,
            "debt_ratio": 63.45,
            "inventory_turnover_ratio": 1.98,
            "account_receivable_turnover_ratio": 1.67,
            "reinvestment_rate": 1.55,
            "research_to_sale_ratio": null,
            "price_fair": 81.9,
            "eps_avg_yearly": 2.34,
            "eps_latest_yearly": 1.72,
            "eps_growth_yearly": 68.44
        },
        "20093": {
            "year_quarter": 20093,
            "year": 2009,
            "quarter": 3,
            "eps": 0.47,
            "eps_growth_year": 51.61,
            "eps_4q": 1.64,
            "eps_4q_growth_year": 63.83,
            "roe": 3.27,
            "roe_4q": 11.280000000000001,
            "gross_profit": 417629,
            "gross_margin": 6.66,
            "gross_margin_4q_avg": 6.9,
            "net_income": 110966,
            "net_income_4q": null,
            "revenue": 6272691,
            "revenue_4q": null,
            "common_shares": 2320805,
            "book_valuer_per_share": 14.85,
            "book_valuer_per_share_4q_avg": 14.6,
            "equity": 3445671,
            "current_ratio": 155.86,
            "debt_ratio": 62.17,
            "inventory_turnover_ratio": 2.1,
            "account_receivable_turnover_ratio": 1.65,
            "reinvestment_rate": 1.18,
            "research_to_sale_ratio": null,
            "price_fair": 78.84,
            "eps_avg_yearly": 2.25,
            "eps_latest_yearly": 1.88,
            "eps_growth_yearly": 50.21
        },
        "20094": {
            "year_quarter": 20094,
            "year": 2009,
            "quarter": 4,
            "eps": 0.53,
            "eps_growth_year": 130.43,
            "eps_4q": 1.97,
            "eps_4q_growth_year": 122.46,
            "roe": 3.54,
            "roe_4q": 13.200000000000001,
            "gross_profit": 490086,
            "gross_margin": 7.56,
            "gross_margin_4q_avg": 7.33,
            "net_income": 124250,
            "net_income_4q": null,
            "revenue": 6480333,
            "revenue_4q": null,
            "common_shares": 2321555,
            "book_valuer_per_share": 15.4,
            "book_valuer_per_share_4q_avg": 14.87,
            "equity": 3576074,
            "current_ratio": 148.86,
            "debt_ratio": 65.25,
            "inventory_turnover_ratio": 1.93,
            "account_receivable_turnover_ratio": 3.82,
            "reinvestment_rate": 104.5,
            "research_to_sale_ratio": null,
            "price_fair": 72.98,
            "eps_avg_yearly": 2.09,
            "eps_latest_yearly": 2.12,
            "eps_growth_yearly": 41.81
        },
        "20101": {
            "year_quarter": 20101,
            "year": 2010,
            "quarter": 1,
            "eps": 0.55,
            "eps_growth_year": 10,
            "eps_4q": 2,
            "eps_4q_growth_year": 72.86,
            "roe": 3.49,
            "roe_4q": 13.25,
            "gross_profit": 459094,
            "gross_margin": 6.62,
            "gross_margin_4q_avg": 6.84,
            "net_income": 126974,
            "net_income_4q": null,
            "revenue": 6933163,
            "revenue_4q": null,
            "common_shares": 2322055,
            "book_valuer_per_share": 15.89,
            "book_valuer_per_share_4q_avg": 15.14,
            "equity": 3690629,
            "current_ratio": 148.48,
            "debt_ratio": 65.5,
            "inventory_turnover_ratio": 1.69,
            "account_receivable_turnover_ratio": 1.92,
            "reinvestment_rate": 109.9,
            "research_to_sale_ratio": null,
            "price_fair": 71.49,
            "eps_avg_yearly": 2.04,
            "eps_latest_yearly": 2.2,
            "eps_growth_yearly": 52.76
        },
        "20102": {
            "year_quarter": 20102,
            "year": 2010,
            "quarter": 2,
            "eps": 0.89,
            "eps_growth_year": 107.46,
            "eps_4q": 2.45,
            "eps_4q_growth_year": 63.36,
            "roe": 5.76,
            "roe_4q": 16.06,
            "gross_profit": 607194,
            "gross_margin": 7.4,
            "gross_margin_4q_avg": 7.06,
            "net_income": 207254,
            "net_income_4q": null,
            "revenue": 8208433,
            "revenue_4q": null,
            "common_shares": 2323225,
            "book_valuer_per_share": 15.1,
            "book_valuer_per_share_4q_avg": 15.31,
            "equity": 3507136,
            "current_ratio": 133.89,
            "debt_ratio": 73.2,
            "inventory_turnover_ratio": 1.67,
            "account_receivable_turnover_ratio": 1.89,
            "reinvestment_rate": 114.37,
            "research_to_sale_ratio": null,
            "price_fair": 71.93,
            "eps_avg_yearly": 2.06,
            "eps_latest_yearly": 3.56,
            "eps_growth_yearly": 64.05
        },
        "20103": {
            "year_quarter": 20103,
            "year": 2010,
            "quarter": 3,
            "eps": 1.03,
            "eps_growth_year": 119.05,
            "eps_4q": 3,
            "eps_4q_growth_year": 82.61,
            "roe": 6.64,
            "roe_4q": 19.43,
            "gross_profit": 665452,
            "gross_margin": 7.6,
            "gross_margin_4q_avg": 7.3,
            "net_income": 239189,
            "net_income_4q": null,
            "revenue": 8758664,
            "revenue_4q": null,
            "common_shares": 2323225,
            "book_valuer_per_share": 15.94,
            "book_valuer_per_share_4q_avg": 15.58,
            "equity": 3702712,
            "current_ratio": 139.38,
            "debt_ratio": 70.39,
            "inventory_turnover_ratio": 1.6,
            "account_receivable_turnover_ratio": 1.79,
            "reinvestment_rate": 114.73,
            "research_to_sale_ratio": null,
            "price_fair": 72.19,
            "eps_avg_yearly": 2.06,
            "eps_latest_yearly": 4.12,
            "eps_growth_yearly": 63.22
        },
        "20104": {
            "year_quarter": 20104,
            "year": 2010,
            "quarter": 4,
            "eps": 0.62,
            "eps_growth_year": 16.45,
            "eps_4q": 3.09,
            "eps_4q_growth_year": 56.8,
            "roe": 3.86,
            "roe_4q": 19.75,
            "gross_profit": 467247,
            "gross_margin": 5.86,
            "gross_margin_4q_avg": 6.87,
            "net_income": 143387,
            "net_income_4q": null,
            "revenue": 7976571,
            "revenue_4q": null,
            "common_shares": 2323225,
            "book_valuer_per_share": 16.08,
            "book_valuer_per_share_4q_avg": 15.75,
            "equity": 3735828,
            "current_ratio": 143.93,
            "debt_ratio": 68.18,
            "inventory_turnover_ratio": 1.54,
            "account_receivable_turnover_ratio": 1.76,
            "reinvestment_rate": 105.46,
            "research_to_sale_ratio": null,
            "price_fair": 72.19,
            "eps_avg_yearly": 2.06,
            "eps_latest_yearly": 2.48,
            "eps_growth_yearly": 62.76
        },
        "20111": {
            "year_quarter": 20111,
            "year": 2011,
            "quarter": 1,
            "eps": 0.78,
            "eps_growth_year": 41.82,
            "eps_4q": 3.32,
            "eps_4q_growth_year": 65.91,
            "roe": 4.71,
            "roe_4q": 20.97,
            "gross_profit": 538888,
            "gross_margin": 6.83,
            "gross_margin_4q_avg": 6.92,
            "net_income": 180367,
            "net_income_4q": null,
            "revenue": 7892432,
            "revenue_4q": null,
            "common_shares": 2323225,
            "book_valuer_per_share": 16.92,
            "book_valuer_per_share_4q_avg": 16.01,
            "equity": 3931110,
            "current_ratio": 144.18,
            "debt_ratio": 68.23,
            "inventory_turnover_ratio": 1.58,
            "account_receivable_turnover_ratio": 1.76,
            "reinvestment_rate": 110.28,
            "research_to_sale_ratio": null,
            "price_fair": 73.76,
            "eps_avg_yearly": 2.11,
            "eps_latest_yearly": 3.12,
            "eps_growth_yearly": 70.02
        },
        "20112": {
            "year_quarter": 20112,
            "year": 2011,
            "quarter": 2,
            "eps": 0.74,
            "eps_growth_year": -16.99,
            "eps_4q": 3.05,
            "eps_4q_growth_year": 24.36,
            "roe": 4.78,
            "roe_4q": 19.99,
            "gross_profit": 584755,
            "gross_margin": 6.83,
            "gross_margin_4q_avg": 6.78,
            "net_income": 180639,
            "net_income_4q": null,
            "revenue": 8565476,
            "revenue_4q": null,
            "common_shares": 2323225,
            "book_valuer_per_share": 15.61,
            "book_valuer_per_share_4q_avg": 16.14,
            "equity": 3625397,
            "current_ratio": 138.6,
            "debt_ratio": 76.08,
            "inventory_turnover_ratio": 1.56,
            "account_receivable_turnover_ratio": 1.66,
            "reinvestment_rate": 111.81,
            "research_to_sale_ratio": null,
            "price_fair": 74.29,
            "eps_avg_yearly": 2.12,
            "eps_latest_yearly": 2.96,
            "eps_growth_yearly": 65.41
        },
        "20113": {
            "year_quarter": 20113,
            "year": 2011,
            "quarter": 3,
            "eps": 0.67,
            "eps_growth_year": -34.52,
            "eps_4q": 2.74,
            "eps_4q_growth_year": -8.7,
            "roe": 4.38,
            "roe_4q": 17.73,
            "gross_profit": 615038,
            "gross_margin": 7.5,
            "gross_margin_4q_avg": 6.76,
            "net_income": 164443,
            "net_income_4q": null,
            "revenue": 8202272,
            "revenue_4q": null,
            "common_shares": 2439386,
            "book_valuer_per_share": 15.92,
            "book_valuer_per_share_4q_avg": 16.13,
            "equity": 3882822,
            "current_ratio": 148.27,
            "debt_ratio": 72.04,
            "inventory_turnover_ratio": 1.39,
            "account_receivable_turnover_ratio": 1.49,
            "reinvestment_rate": 11.26,
            "research_to_sale_ratio": null,
            "price_fair": 74.38,
            "eps_avg_yearly": 2.13,
            "eps_latest_yearly": 2.68,
            "eps_growth_yearly": 63.78
        },
        "20114": {
            "year_quarter": 20114,
            "year": 2011,
            "quarter": 4,
            "eps": 0.58,
            "eps_growth_year": -6.07,
            "eps_4q": 2.73,
            "eps_4q_growth_year": -11.4,
            "roe": 3.57,
            "roe_4q": 17.44,
            "gross_profit": 586585,
            "gross_margin": 7.86,
            "gross_margin_4q_avg": 7.26,
            "net_income": 141411,
            "net_income_4q": null,
            "revenue": 7460081,
            "revenue_4q": null,
            "common_shares": 2439386,
            "book_valuer_per_share": 16.51,
            "book_valuer_per_share_4q_avg": 16.24,
            "equity": 4028496,
            "current_ratio": 153.93,
            "debt_ratio": 69.79,
            "inventory_turnover_ratio": 1.33,
            "account_receivable_turnover_ratio": 1.45,
            "reinvestment_rate": 113.7,
            "research_to_sale_ratio": null,
            "price_fair": 75.78,
            "eps_avg_yearly": 2.17,
            "eps_latest_yearly": 2.32,
            "eps_growth_yearly": 69.51
        },
        "20121": {
            "year_quarter": 20121,
            "year": 2012,
            "quarter": 1,
            "eps": 0.69,
            "eps_growth_year": -11.54,
            "eps_4q": 2.69,
            "eps_4q_growth_year": -19,
            "roe": 4.13,
            "roe_4q": 16.86,
            "gross_profit": 501317,
            "gross_margin": 7.43,
            "gross_margin_4q_avg": 7.41,
            "net_income": 168595,
            "net_income_4q": null,
            "revenue": 6750463,
            "revenue_4q": null,
            "common_shares": 2439386,
            "book_valuer_per_share": 16.93,
            "book_valuer_per_share_4q_avg": 16.24,
            "equity": 4130009,
            "current_ratio": 162.18,
            "debt_ratio": 67.05,
            "inventory_turnover_ratio": 1.29,
            "account_receivable_turnover_ratio": 1.42,
            "reinvestment_rate": 103.29,
            "research_to_sale_ratio": null,
            "price_fair": 79.71,
            "eps_avg_yearly": 2.28,
            "eps_latest_yearly": 2.76,
            "eps_growth_yearly": 84.97
        },
        "20122": {
            "year_quarter": 20122,
            "year": 2012,
            "quarter": 2,
            "eps": 0.46,
            "eps_growth_year": -37.6,
            "eps_4q": 2.41,
            "eps_4q_growth_year": -21.04,
            "roe": 2.9,
            "roe_4q": 14.98,
            "gross_profit": 512140,
            "gross_margin": 7.24,
            "gross_margin_4q_avg": 7.51,
            "net_income": 112712,
            "net_income_4q": null,
            "revenue": 7075371,
            "revenue_4q": null,
            "common_shares": 2439386,
            "book_valuer_per_share": 14.98,
            "book_valuer_per_share_4q_avg": 16.09,
            "equity": 3653214,
            "current_ratio": 146.38,
            "debt_ratio": 73.15,
            "inventory_turnover_ratio": 1.34,
            "account_receivable_turnover_ratio": 1.5,
            "reinvestment_rate": 99.75,
            "research_to_sale_ratio": null,
            "price_fair": 82.95,
            "eps_avg_yearly": 2.37,
            "eps_latest_yearly": 1.84,
            "eps_growth_yearly": 92.26
        },
        "20123": {
            "year_quarter": 20123,
            "year": 2012,
            "quarter": 3,
            "eps": 0.47,
            "eps_growth_year": -29.77,
            "eps_4q": 2.21,
            "eps_4q_growth_year": -19.53,
            "roe": 3.13,
            "roe_4q": 13.73,
            "gross_profit": 529497,
            "gross_margin": 6.45,
            "gross_margin_4q_avg": 7.25,
            "net_income": 115490,
            "net_income_4q": null,
            "revenue": 8210299,
            "revenue_4q": null,
            "common_shares": 2439386,
            "book_valuer_per_share": 15.31,
            "book_valuer_per_share_4q_avg": 15.93,
            "equity": 3733650,
            "current_ratio": 154.21,
            "debt_ratio": 70.29,
            "inventory_turnover_ratio": 1.57,
            "account_receivable_turnover_ratio": 1.7,
            "reinvestment_rate": 4.78,
            "research_to_sale_ratio": null,
            "price_fair": 84.35,
            "eps_avg_yearly": 2.41,
            "eps_latest_yearly": 1.88,
            "eps_growth_yearly": 31.69
        },
        "20124": {
            "year_quarter": 20124,
            "year": 2012,
            "quarter": 4,
            "eps": 0.15,
            "eps_growth_year": -73.69,
            "eps_4q": 1.78,
            "eps_4q_growth_year": -34.92,
            "roe": 0.99,
            "roe_4q": 11.149999999999999,
            "gross_profit": 424666,
            "gross_margin": 5.84,
            "gross_margin_4q_avg": 6.74,
            "net_income": 37207,
            "net_income_4q": null,
            "revenue": 7272306,
            "revenue_4q": null,
            "common_shares": 2439386,
            "book_valuer_per_share": 15.42,
            "book_valuer_per_share_4q_avg": 15.66,
            "equity": 3760838,
            "current_ratio": 163.03,
            "debt_ratio": 67.47,
            "inventory_turnover_ratio": 1.55,
            "account_receivable_turnover_ratio": 1.52,
            "reinvestment_rate": 102.83,
            "research_to_sale_ratio": null,
            "price_fair": 74.38,
            "eps_avg_yearly": 2.39,
            "eps_latest_yearly": 0.6,
            "eps_growth_yearly": 21.12
        },
        "20131": {
            "year_quarter": 20131,
            "year": 2013,
            "quarter": 1,
            "eps": 0.49,
            "eps_growth_year": -28.99,
            "eps_4q": 1.58,
            "eps_4q_growth_year": -41.1,
            "roe": 3.17,
            "roe_4q": 10.19,
            "gross_profit": 496036,
            "gross_margin": 7.16,
            "gross_margin_4q_avg": 6.67,
            "net_income": 120432,
            "net_income_4q": null,
            "revenue": 6925415,
            "revenue_4q": null,
            "common_shares": 2439386,
            "book_valuer_per_share": 15.75,
            "book_valuer_per_share_4q_avg": 15.37,
            "equity": 3842941,
            "current_ratio": 162.81,
            "debt_ratio": 68.03,
            "inventory_turnover_ratio": 1.54,
            "account_receivable_turnover_ratio": 1.5,
            "reinvestment_rate": 9.02,
            "research_to_sale_ratio": null,
            "price_fair": 83.56,
            "eps_avg_yearly": 2.39,
            "eps_latest_yearly": 1.96,
            "eps_growth_yearly": 48.44
        },
        "20132": {
            "year_quarter": 20132,
            "year": 2013,
            "quarter": 2,
            "eps": 0.55,
            "eps_growth_year": 19.03,
            "eps_4q": 1.67,
            "eps_4q_growth_year": -30.45,
            "roe": 3.62,
            "roe_4q": 10.91,
            "gross_profit": 531462,
            "gross_margin": 6.83,
            "gross_margin_4q_avg": 6.57,
            "net_income": 135237,
            "net_income_4q": null,
            "revenue": 7781101,
            "revenue_4q": null,
            "common_shares": 2439386,
            "book_valuer_per_share": 14.86,
            "book_valuer_per_share_4q_avg": 15.34,
            "equity": 3626088,
            "current_ratio": 154.42,
            "debt_ratio": 71.09,
            "inventory_turnover_ratio": 1.68,
            "account_receivable_turnover_ratio": 1.65,
            "reinvestment_rate": 9.16,
            "research_to_sale_ratio": null,
            "price_fair": 84.61,
            "eps_avg_yearly": 2.42,
            "eps_latest_yearly": 2.2,
            "eps_growth_yearly": 55
        },
        "20133": {
            "year_quarter": 20133,
            "year": 2013,
            "quarter": 3,
            "eps": 0.62,
            "eps_growth_year": 30.96,
            "eps_4q": 1.82,
            "eps_4q_growth_year": -17.69,
            "roe": 4.07,
            "roe_4q": 11.85,
            "gross_profit": 578575,
            "gross_margin": 6.56,
            "gross_margin_4q_avg": 6.6,
            "net_income": 150146,
            "net_income_4q": null,
            "revenue": 8821045,
            "revenue_4q": null,
            "common_shares": 2439386,
            "book_valuer_per_share": 15.37,
            "book_valuer_per_share_4q_avg": 15.35,
            "equity": 3748633,
            "current_ratio": 150.55,
            "debt_ratio": 72.18,
            "inventory_turnover_ratio": 1.71,
            "account_receivable_turnover_ratio": 1.76,
            "reinvestment_rate": 9.36,
            "research_to_sale_ratio": null,
            "price_fair": 85.93,
            "eps_avg_yearly": 2.46,
            "eps_latest_yearly": 2.48,
            "eps_growth_yearly": 55.86
        },
        "20134": {
            "year_quarter": 20134,
            "year": 2013,
            "quarter": 4,
            "eps": 0.5,
            "eps_growth_year": 228.52,
            "eps_4q": 2.16,
            "eps_4q_growth_year": 21.65,
            "roe": 3.2,
            "roe_4q": 14.06,
            "gross_profit": 581917,
            "gross_margin": 5.96,
            "gross_margin_4q_avg": 6.63,
            "net_income": 122258,
            "net_income_4q": null,
            "revenue": 9771798,
            "revenue_4q": null,
            "common_shares": 2439864,
            "book_valuer_per_share": 16,
            "book_valuer_per_share_4q_avg": 15.5,
            "equity": 3903697,
            "current_ratio": 136.01,
            "debt_ratio": 73.53,
            "inventory_turnover_ratio": 1.73,
            "account_receivable_turnover_ratio": 1.73,
            "reinvestment_rate": -67.51,
            "research_to_sale_ratio": null,
            "price_fair": 85.66,
            "eps_avg_yearly": 2.45,
            "eps_latest_yearly": 2,
            "eps_growth_yearly": 47.83
        },
        "20141": {
            "year_quarter": 20141,
            "year": 2014,
            "quarter": 1,
            "eps": 0.54,
            "eps_growth_year": 10.2,
            "eps_4q": 2.11,
            "eps_4q_growth_year": 33.33,
            "roe": 3.27,
            "roe_4q": 14.16,
            "gross_profit": 577690,
            "gross_margin": 5.97,
            "gross_margin_4q_avg": 6.33,
            "net_income": 135100,
            "net_income_4q": null,
            "revenue": 9673918,
            "revenue_4q": null,
            "common_shares": 2573548,
            "book_valuer_per_share": 16.94,
            "book_valuer_per_share_4q_avg": 15.79,
            "equity": 4359581,
            "current_ratio": 140.53,
            "debt_ratio": 71.23,
            "inventory_turnover_ratio": 1.62,
            "account_receivable_turnover_ratio": 1.52,
            "reinvestment_rate": -70.15,
            "research_to_sale_ratio": null,
            "price_fair": 85.58,
            "eps_avg_yearly": 2.45,
            "eps_latest_yearly": 2.16,
            "eps_growth_yearly": 48.88
        },
        "20142": {
            "year_quarter": 20142,
            "year": 2014,
            "quarter": 2,
            "eps": 0.55,
            "eps_growth_year": 0,
            "eps_4q": 2.11,
            "eps_4q_growth_year": 26.32,
            "roe": 3.4,
            "roe_4q": 13.940000000000001,
            "gross_profit": 628682,
            "gross_margin": 6.27,
            "gross_margin_4q_avg": 6.19,
            "net_income": 141537,
            "net_income_4q": null,
            "revenue": 10022466,
            "revenue_4q": null,
            "common_shares": 2596418,
            "book_valuer_per_share": 15.31,
            "book_valuer_per_share_4q_avg": 15.91,
            "equity": 3976345,
            "current_ratio": 136.87,
            "debt_ratio": 73.11,
            "inventory_turnover_ratio": 1.62,
            "account_receivable_turnover_ratio": 1.56,
            "reinvestment_rate": -79.93,
            "research_to_sale_ratio": null,
            "price_fair": 82.6,
            "eps_avg_yearly": 2.36,
            "eps_latest_yearly": 2.2,
            "eps_growth_yearly": 33.89
        },
        "20143": {
            "year_quarter": 20143,
            "year": 2014,
            "quarter": 3,
            "eps": 0.5,
            "eps_growth_year": -19.35,
            "eps_4q": 1.99,
            "eps_4q_growth_year": 9.78,
            "roe": 3.21,
            "roe_4q": 13.079999999999998,
            "gross_profit": 624470,
            "gross_margin": 6.15,
            "gross_margin_4q_avg": 6.09,
            "net_income": 132469,
            "net_income_4q": null,
            "revenue": 10156000,
            "revenue_4q": null,
            "common_shares": 2665120,
            "book_valuer_per_share": 16.09,
            "book_valuer_per_share_4q_avg": 16.09,
            "equity": 4287039,
            "current_ratio": 135.21,
            "debt_ratio": 74.02,
            "inventory_turnover_ratio": 1.51,
            "account_receivable_turnover_ratio": 1.61,
            "reinvestment_rate": -87.82,
            "research_to_sale_ratio": null,
            "price_fair": 77.96,
            "eps_avg_yearly": 2.23,
            "eps_latest_yearly": 2,
            "eps_growth_yearly": 27.69
        },
        "20144": {
            "year_quarter": 20144,
            "year": 2014,
            "quarter": 4,
            "eps": 0.36,
            "eps_growth_year": -28.15,
            "eps_4q": 1.88,
            "eps_4q_growth_year": -13.07,
            "roe": 2.2,
            "roe_4q": 12.08,
            "gross_profit": 628478,
            "gross_margin": 6.23,
            "gross_margin_4q_avg": 6.16,
            "net_income": 96807,
            "net_income_4q": null,
            "revenue": 10080359,
            "revenue_4q": null,
            "common_shares": 2689006,
            "book_valuer_per_share": 16.75,
            "book_valuer_per_share_4q_avg": 16.27,
            "equity": 4504823,
            "current_ratio": 139.98,
            "debt_ratio": 71.77,
            "inventory_turnover_ratio": 1.45,
            "account_receivable_turnover_ratio": 1.58,
            "reinvestment_rate": -85.42,
            "research_to_sale_ratio": null,
            "price_fair": 75.69,
            "eps_avg_yearly": 2.16,
            "eps_latest_yearly": 1.44,
            "eps_growth_yearly": 30.64
        },
        "20151": {
            "year_quarter": 20151,
            "year": 2015,
            "quarter": 1,
            "eps": 0.44,
            "eps_growth_year": -18.52,
            "eps_4q": 1.81,
            "eps_4q_growth_year": -14.37,
            "roe": 2.61,
            "roe_4q": 11.42,
            "gross_profit": 588509,
            "gross_margin": 6.55,
            "gross_margin_4q_avg": 6.3,
            "net_income": 119223,
            "net_income_4q": null,
            "revenue": 8988636,
            "revenue_4q": null,
            "common_shares": 2713670,
            "book_valuer_per_share": 17.11,
            "book_valuer_per_share_4q_avg": 16.32,
            "equity": 4642309,
            "current_ratio": 147.91,
            "debt_ratio": 68.05,
            "inventory_turnover_ratio": 1.37,
            "account_receivable_turnover_ratio": 1.52,
            "reinvestment_rate": -93.91,
            "research_to_sale_ratio": null,
            "price_fair": 72.71,
            "eps_avg_yearly": 2.08,
            "eps_latest_yearly": 1.76,
            "eps_growth_yearly": 29.74
        },
        "20152": {
            "year_quarter": 20152,
            "year": 2015,
            "quarter": 2,
            "eps": 0.4,
            "eps_growth_year": -27.27,
            "eps_4q": 1.65,
            "eps_4q_growth_year": -22.11,
            "roe": 2.44,
            "roe_4q": 10.46,
            "gross_profit": 558093,
            "gross_margin": 6.13,
            "gross_margin_4q_avg": 6.27,
            "net_income": 109403,
            "net_income_4q": null,
            "revenue": 9105758,
            "revenue_4q": null,
            "common_shares": 2779991,
            "book_valuer_per_share": 15.53,
            "book_valuer_per_share_4q_avg": 16.37,
            "equity": 4316385,
            "current_ratio": 140.55,
            "debt_ratio": 71.39,
            "inventory_turnover_ratio": 1.41,
            "account_receivable_turnover_ratio": 1.73,
            "reinvestment_rate": -100.38,
            "research_to_sale_ratio": null,
            "price_fair": 69.74,
            "eps_avg_yearly": 1.99,
            "eps_latest_yearly": 1.6,
            "eps_growth_yearly": 28.75
        },
        "20153": {
            "year_quarter": 20153,
            "year": 2015,
            "quarter": 3,
            "eps": 0.45,
            "eps_growth_year": -10,
            "eps_4q": 1.59,
            "eps_4q_growth_year": -20.09,
            "roe": 2.8,
            "roe_4q": 10.05,
            "gross_profit": 669994,
            "gross_margin": 6.49,
            "gross_margin_4q_avg": 6.35,
            "net_income": 125479,
            "net_income_4q": null,
            "revenue": 10325479,
            "revenue_4q": null,
            "common_shares": 2830094,
            "book_valuer_per_share": 16.45,
            "book_valuer_per_share_4q_avg": 16.46,
            "equity": 4654090,
            "current_ratio": 140.2,
            "debt_ratio": 71.67,
            "inventory_turnover_ratio": 1.53,
            "account_receivable_turnover_ratio": 1.79,
            "reinvestment_rate": -0.84,
            "research_to_sale_ratio": null,
            "price_fair": 67.81,
            "eps_avg_yearly": 1.94,
            "eps_latest_yearly": 1.8,
            "eps_growth_yearly": 34.24
        },
        "20154": {
            "year_quarter": 20154,
            "year": 2015,
            "quarter": 4,
            "eps": 0.42,
            "eps_growth_year": 16.81,
            "eps_4q": 1.67,
            "eps_4q_growth_year": -11.14,
            "roe": 2.53,
            "roe_4q": 10.379999999999999,
            "gross_profit": 651493,
            "gross_margin": 6.25,
            "gross_margin_4q_avg": 6.36,
            "net_income": 119017,
            "net_income_4q": null,
            "revenue": 10418956,
            "revenue_4q": null,
            "common_shares": 2830094,
            "book_valuer_per_share": 16.83,
            "book_valuer_per_share_4q_avg": 16.48,
            "equity": 4761784,
            "current_ratio": 142.68,
            "debt_ratio": 70.59,
            "inventory_turnover_ratio": 1.53,
            "account_receivable_turnover_ratio": 1.65,
            "reinvestment_rate": -111.69,
            "research_to_sale_ratio": null,
            "price_fair": 66.41,
            "eps_avg_yearly": 1.9,
            "eps_latest_yearly": 1.68,
            "eps_growth_yearly": 35.93
        },
        "20161": {
            "year_quarter": 20161,
            "year": 2016,
            "quarter": 1,
            "eps": 0.42,
            "eps_growth_year": -4.55,
            "eps_4q": 1.67,
            "eps_4q_growth_year": -7.69,
            "roe": 2.46,
            "roe_4q": 10.23,
            "gross_profit": 577159,
            "gross_margin": 6.12,
            "gross_margin_4q_avg": 6.25,
            "net_income": 117853,
            "net_income_4q": null,
            "revenue": 9437400,
            "revenue_4q": null,
            "common_shares": 2830094,
            "book_valuer_per_share": 17.07,
            "book_valuer_per_share_4q_avg": 16.47,
            "equity": 4831257,
            "current_ratio": 143.44,
            "debt_ratio": 70.18,
            "inventory_turnover_ratio": 1.33,
            "account_receivable_turnover_ratio": 1.55,
            "reinvestment_rate": -109.48,
            "research_to_sale_ratio": null,
            "price_fair": 64.05,
            "eps_avg_yearly": 1.83,
            "eps_latest_yearly": 1.68,
            "eps_growth_yearly": 31.19
        },
        "20162": {
            "year_quarter": 20162,
            "year": 2016,
            "quarter": 2,
            "eps": 0.34,
            "eps_growth_year": -15,
            "eps_4q": 1.62,
            "eps_4q_growth_year": -1.89,
            "roe": 2.04,
            "roe_4q": 9.829999999999998,
            "gross_profit": 594896,
            "gross_margin": 5.87,
            "gross_margin_4q_avg": 6.18,
            "net_income": 95013,
            "net_income_4q": null,
            "revenue": 10139787,
            "revenue_4q": null,
            "common_shares": 2830094,
            "book_valuer_per_share": 15.92,
            "book_valuer_per_share_4q_avg": 16.57,
            "equity": 4506480,
            "current_ratio": 137.57,
            "debt_ratio": 73.09,
            "inventory_turnover_ratio": 1.32,
            "account_receivable_turnover_ratio": 1.72,
            "reinvestment_rate": -110.84,
            "research_to_sale_ratio": null,
            "price_fair": 63,
            "eps_avg_yearly": 1.8,
            "eps_latest_yearly": 1.36,
            "eps_growth_yearly": 34.76
        },
        "20163": {
            "year_quarter": 20163,
            "year": 2016,
            "quarter": 3,
            "eps": 0.3,
            "eps_growth_year": -33.33,
            "eps_4q": 1.29,
            "eps_4q_growth_year": -18.88,
            "roe": 1.77,
            "roe_4q": 8.799999999999999,
            "gross_profit": 588480,
            "gross_margin": 5.04,
            "gross_margin_4q_avg": 5.82,
            "net_income": 85594,
            "net_income_4q": null,
            "revenue": 11669517,
            "revenue_4q": null,
            "common_shares": 3230094,
            "book_valuer_per_share": 15.91,
            "book_valuer_per_share_4q_avg": 16.43,
            "equity": 5140381,
            "current_ratio": 142.89,
            "debt_ratio": 71.41,
            "inventory_turnover_ratio": 1.46,
            "account_receivable_turnover_ratio": 1.79,
            "reinvestment_rate": 3.59,
            "research_to_sale_ratio": null,
            "price_fair": 61.51,
            "eps_avg_yearly": 1.76,
            "eps_latest_yearly": 1.2,
            "eps_growth_yearly": 31.28
        },
        "20164": {
            "year_quarter": 20164,
            "year": 2016,
            "quarter": 4,
            "eps": 0.29,
            "eps_growth_year": -32.09,
            "eps_4q": 1.21,
            "eps_4q_growth_year": -27.64,
            "roe": 1.77,
            "roe_4q": 8.04,
            "gross_profit": 677049,
            "gross_margin": 5.42,
            "gross_margin_4q_avg": 5.61,
            "net_income": 92253,
            "net_income_4q": null,
            "revenue": 12494953,
            "revenue_4q": null,
            "common_shares": 3230094,
            "book_valuer_per_share": 16.31,
            "book_valuer_per_share_4q_avg": 16.3,
            "equity": 5268806,
            "current_ratio": 138.28,
            "debt_ratio": 73.65,
            "inventory_turnover_ratio": 1.49,
            "account_receivable_turnover_ratio": 1.63,
            "reinvestment_rate": -114.18,
            "research_to_sale_ratio": null,
            "price_fair": 62.74,
            "eps_avg_yearly": 1.79,
            "eps_latest_yearly": 1.16,
            "eps_growth_yearly": 47.47
        },
        "20171": {
            "year_quarter": 20171,
            "year": 2017,
            "quarter": 1,
            "eps": 0.31,
            "eps_growth_year": -26.19,
            "eps_4q": 1.16,
            "eps_4q_growth_year": -30.6,
            "roe": 1.92,
            "roe_4q": 7.5,
            "gross_profit": 604112,
            "gross_margin": 5.54,
            "gross_margin_4q_avg": 5.47,
            "net_income": 100810,
            "net_income_4q": null,
            "revenue": 10901751,
            "revenue_4q": null,
            "common_shares": 3230094,
            "book_valuer_per_share": 16.19,
            "book_valuer_per_share_4q_avg": 16.08,
            "equity": 5229307,
            "current_ratio": 139.19,
            "debt_ratio": 73.13,
            "inventory_turnover_ratio": 1.21,
            "account_receivable_turnover_ratio": 1.41,
            "reinvestment_rate": -1.68,
            "research_to_sale_ratio": null,
            "price_fair": 5.24,
            "eps_avg_yearly": 1.75,
            "eps_latest_yearly": 1.24,
            "eps_growth_yearly": -7.48
        },
        "20172": {
            "year_quarter": 20172,
            "year": 2017,
            "quarter": 2,
            "eps": 0.3,
            "eps_growth_year": -11.76,
            "eps_4q": 1.17,
            "eps_4q_growth_year": -27.84,
            "roe": 1.92,
            "roe_4q": 7.379999999999999,
            "gross_profit": 637984,
            "gross_margin": 5.42,
            "gross_margin_4q_avg": 5.36,
            "net_income": 98015,
            "net_income_4q": null,
            "revenue": 11765255,
            "revenue_4q": null,
            "common_shares": 3230094,
            "book_valuer_per_share": 15.45,
            "book_valuer_per_share_4q_avg": 15.97,
            "equity": 4988960,
            "current_ratio": 132.3,
            "debt_ratio": 76.71,
            "inventory_turnover_ratio": 1.18,
            "account_receivable_turnover_ratio": 1.57,
            "reinvestment_rate": -2,
            "research_to_sale_ratio": null,
            "price_fair": 5.06,
            "eps_avg_yearly": 1.69,
            "eps_latest_yearly": 1.2,
            "eps_growth_yearly": -11.34
        },
        "20173": {
            "year_quarter": 20173,
            "year": 2017,
            "quarter": 3,
            "eps": 0.76,
            "eps_growth_year": 153.33,
            "eps_4q": 1.66,
            "eps_4q_growth_year": 28.28,
            "roe": 4.78,
            "roe_4q": 10.39,
            "gross_profit": 770287,
            "gross_margin": 5.33,
            "gross_margin_4q_avg": 5.43,
            "net_income": 244447,
            "net_income_4q": null,
            "revenue": 14459544,
            "revenue_4q": null,
            "common_shares": 3230094,
            "book_valuer_per_share": 16.23,
            "book_valuer_per_share_4q_avg": 16.05,
            "equity": 5243612,
            "current_ratio": 130.53,
            "debt_ratio": 76.82,
            "inventory_turnover_ratio": 1.3,
            "account_receivable_turnover_ratio": 1.8,
            "reinvestment_rate": -2.02,
            "research_to_sale_ratio": null,
            "price_fair": 58.15,
            "eps_avg_yearly": 1.72,
            "eps_latest_yearly": 3.04,
            "eps_growth_yearly": 23.81
        },
        "20174": {
            "year_quarter": 20174,
            "year": 2017,
            "quarter": 4,
            "eps": 0.58,
            "eps_growth_year": 103.77,
            "eps_4q": 1.95,
            "eps_4q_growth_year": 61.57,
            "roe": 3.53,
            "roe_4q": 12.15,
            "gross_profit": 793947,
            "gross_margin": 5.36,
            "gross_margin_4q_avg": 5.41,
            "net_income": 187988,
            "net_income_4q": null,
            "revenue": 14802858,
            "revenue_4q": null,
            "common_shares": 3230094,
            "book_valuer_per_share": 16.7,
            "book_valuer_per_share_4q_avg": 16.14,
            "equity": 5394197,
            "current_ratio": 135.18,
            "debt_ratio": 74.44,
            "inventory_turnover_ratio": 1.32,
            "account_receivable_turnover_ratio": 1.81,
            "reinvestment_rate": -1.46,
            "research_to_sale_ratio": null,
            "price_fair": 56.94,
            "eps_avg_yearly": 1.74,
            "eps_latest_yearly": 2.32,
            "eps_growth_yearly": 22.72
        },
        "20181": {
            "year_quarter": 20181,
            "year": 2018,
            "quarter": 1,
            "eps": 0.58,
            "eps_growth_year": 87.1,
            "eps_4q": 2.2,
            "eps_4q_growth_year": 90.24,
            "roe": 3.41,
            "roe_4q": 13.639999999999999,
            "gross_profit": 762255,
            "gross_margin": 5.69,
            "gross_margin_4q_avg": 5.45,
            "net_income": 187633,
            "net_income_4q": null,
            "revenue": 13407520,
            "revenue_4q": null,
            "common_shares": 3262923,
            "book_valuer_per_share": 17.21,
            "book_valuer_per_share_4q_avg": 16.4,
            "equity": 5616487,
            "current_ratio": 134.67,
            "debt_ratio": 74.63,
            "inventory_turnover_ratio": 1.22,
            "account_receivable_turnover_ratio": 1.67,
            "reinvestment_rate": -4.15,
            "research_to_sale_ratio": null,
            "price_fair": 53.77,
            "eps_avg_yearly": 1.75,
            "eps_latest_yearly": 2.32,
            "eps_growth_yearly": 20.72
        },
        "20182": {
            "year_quarter": 20182,
            "year": 2018,
            "quarter": 2,
            "eps": 0.58,
            "eps_growth_year": 93.33,
            "eps_4q": 2.4,
            "eps_4q_growth_year": 105.62,
            "roe": 3.54,
            "roe_4q": 15.260000000000002,
            "gross_profit": 978235,
            "gross_margin": 7.38,
            "gross_margin_4q_avg": 5.94,
            "net_income": 197281,
            "net_income_4q": null,
            "revenue": 13256695,
            "revenue_4q": null,
            "common_shares": 3408767,
            "book_valuer_per_share": 16.26,
            "book_valuer_per_share_4q_avg": 16.6,
            "equity": 5543161,
            "current_ratio": 127.91,
            "debt_ratio": 78.5,
            "inventory_turnover_ratio": 1.02,
            "account_receivable_turnover_ratio": 1.56,
            "reinvestment_rate": -3.48,
            "research_to_sale_ratio": null,
            "price_fair": 53.19,
            "eps_avg_yearly": 1.76,
            "eps_latest_yearly": 2.32,
            "eps_growth_yearly": 20.26
        },
        "20183": {
            "year_quarter": 20183,
            "year": 2018,
            "quarter": 3,
            "eps": 0.54,
            "eps_growth_year": -28.95,
            "eps_4q": 2.2,
            "eps_4q_growth_year": 32.78,
            "roe": 3.27,
            "roe_4q": 13.75,
            "gross_profit": 953077,
            "gross_margin": 6.44,
            "gross_margin_4q_avg": 6.22,
            "net_income": 184779,
            "net_income_4q": null,
            "revenue": 14810505,
            "revenue_4q": null,
            "common_shares": 3441750,
            "book_valuer_per_share": 16.7,
            "book_valuer_per_share_4q_avg": 16.72,
            "equity": 5746406,
            "current_ratio": 128.24,
            "debt_ratio": 78.22,
            "inventory_turnover_ratio": 1.03,
            "account_receivable_turnover_ratio": 1.59,
            "reinvestment_rate": -3.3,
            "research_to_sale_ratio": null,
            "price_fair": 54.46,
            "eps_avg_yearly": 1.77,
            "eps_latest_yearly": 2.16,
            "eps_growth_yearly": 20.81
        },
        "20184": {
            "year_quarter": 20184,
            "year": 2018,
            "quarter": 4,
            "eps": 0.16,
            "eps_growth_year": -72.92,
            "eps_4q": 1.81,
            "eps_4q_growth_year": -7.42,
            "roe": 0.94,
            "roe_4q": 11.16,
            "gross_profit": 706518,
            "gross_margin": 6.14,
            "gross_margin_4q_avg": 6.41,
            "net_income": 54361,
            "net_income_4q": null,
            "revenue": 11512411,
            "revenue_4q": null,
            "common_shares": 3448980,
            "book_valuer_per_share": 16.87,
            "book_valuer_per_share_4q_avg": 16.76,
            "equity": 5818592,
            "current_ratio": 130.16,
            "debt_ratio": 77.28,
            "inventory_turnover_ratio": 0.81,
            "account_receivable_turnover_ratio": 1.27,
            "reinvestment_rate": -3.23,
            "research_to_sale_ratio": null,
            "price_fair": 34.72,
            "eps_avg_yearly": 1.72,
            "eps_latest_yearly": 0.64,
            "eps_growth_yearly": 10.22
        },
        "20191": {
            "year_quarter": 20191,
            "year": 2019,
            "quarter": 1,
            "eps": 0.22,
            "eps_growth_year": -62.07,
            "eps_4q": 1.48,
            "eps_4q_growth_year": -32.91,
            "roe": 1.27,
            "roe_4q": 9.02,
            "gross_profit": 663622,
            "gross_margin": 6.31,
            "gross_margin_4q_avg": 6.57,
            "net_income": 74386,
            "net_income_4q": null,
            "revenue": 10509640,
            "revenue_4q": null,
            "common_shares": 3459472,
            "book_valuer_per_share": 17.12,
            "book_valuer_per_share_4q_avg": 16.74,
            "equity": 5921466,
            "current_ratio": 134.5,
            "debt_ratio": 74.77,
            "inventory_turnover_ratio": 0.75,
            "account_receivable_turnover_ratio": 1.33,
            "reinvestment_rate": -3.35,
            "research_to_sale_ratio": null,
            "price_fair": 39.96,
            "eps_avg_yearly": 1.66,
            "eps_latest_yearly": 0.88,
            "eps_growth_yearly": 14.04
        },
        "20192": {
            "year_quarter": 20192,
            "year": 2019,
            "quarter": 2,
            "eps": 0.25,
            "eps_growth_year": -56.9,
            "eps_4q": 1.09,
            "eps_4q_growth_year": -54.58,
            "roe": 1.49,
            "roe_4q": 6.97,
            "gross_profit": 768442,
            "gross_margin": 6.64,
            "gross_margin_4q_avg": 6.38,
            "net_income": 86398,
            "net_income_4q": null,
            "revenue": 11573891,
            "revenue_4q": null,
            "common_shares": 3465038,
            "book_valuer_per_share": 16.38,
            "book_valuer_per_share_4q_avg": 16.77,
            "equity": 5675932,
            "current_ratio": 134.21,
            "debt_ratio": 74.92,
            "inventory_turnover_ratio": 0.87,
            "account_receivable_turnover_ratio": 1.58,
            "reinvestment_rate": -4.46,
            "research_to_sale_ratio": null,
            "price_fair": 48.29,
            "eps_avg_yearly": 1.63,
            "eps_latest_yearly": 1,
            "eps_growth_yearly": 19.72
        },
        "20193": {
            "year_quarter": 20193,
            "year": 2019,
            "quarter": 3,
            "eps": 0.19,
            "eps_growth_year": -64.81,
            "eps_4q": 0.78,
            "eps_4q_growth_year": -64.6,
            "roe": 1.25,
            "roe_4q": 4.949999999999999,
            "gross_profit": 736484,
            "gross_margin": 5.63,
            "gross_margin_4q_avg": 6.18,
            "net_income": 71434,
            "net_income_4q": null,
            "revenue": 13080286,
            "revenue_4q": null,
            "common_shares": 3677513,
            "book_valuer_per_share": 15.6,
            "book_valuer_per_share_4q_avg": 16.49,
            "equity": 5738467,
            "current_ratio": 134.7,
            "debt_ratio": 74.44,
            "inventory_turnover_ratio": 1.11,
            "account_receivable_turnover_ratio": 1.69,
            "reinvestment_rate": -4.48,
            "research_to_sale_ratio": null,
            "price_fair": 32.13,
            "eps_avg_yearly": 1.56,
            "eps_latest_yearly": 0.76,
            "eps_growth_yearly": 10.59
        },
        "20194": {
            "year_quarter": 20194,
            "year": 2019,
            "quarter": 4,
            "eps": 0.08,
            "eps_growth_year": -51.39,
            "eps_4q": 0.71,
            "eps_4q_growth_year": -60.87,
            "roe": 0.49,
            "roe_4q": 4.5,
            "gross_profit": 606740,
            "gross_margin": 4.65,
            "gross_margin_4q_avg": 5.81,
            "net_income": 28176,
            "net_income_4q": null,
            "revenue": 13060269,
            "revenue_4q": null,
            "common_shares": 3677513,
            "book_valuer_per_share": 15.4,
            "book_valuer_per_share_4q_avg": 16.13,
            "equity": 5664925,
            "current_ratio": 131.89,
            "debt_ratio": 75.77,
            "inventory_turnover_ratio": 1.19,
            "account_receivable_turnover_ratio": 1.59,
            "reinvestment_rate": -4.53,
            "research_to_sale_ratio": null,
            "price_fair": 4.43,
            "eps_avg_yearly": 1.48,
            "eps_latest_yearly": 0.32,
            "eps_growth_yearly": -2.21
        },
        "20201": {
            "year_quarter": 20201,
            "year": 2020,
            "quarter": 1,
            "eps": 0.25,
            "eps_growth_year": 13.64,
            "eps_4q": 0.75,
            "eps_4q_growth_year": -49.01,
            "roe": 1.62,
            "roe_4q": 4.8500000000000005,
            "gross_profit": 681026,
            "gross_margin": 5.89,
            "gross_margin_4q_avg": 5.7,
            "net_income": 90877,
            "net_income_4q": null,
            "revenue": 11561510,
            "revenue_4q": null,
            "common_shares": 3677513,
            "book_valuer_per_share": 15.13,
            "book_valuer_per_share_4q_avg": 15.63,
            "equity": 5563276,
            "current_ratio": 129.06,
            "debt_ratio": 77.4,
            "inventory_turnover_ratio": 1.08,
            "account_receivable_turnover_ratio": 1.38,
            "reinvestment_rate": -4.79,
            "research_to_sale_ratio": null,
            "price_fair": 50.14,
            "eps_avg_yearly": 1.43,
            "eps_latest_yearly": 1,
            "eps_growth_yearly": 50.91
        },
        "20202": {
            "year_quarter": 20202,
            "year": 2020,
            "quarter": 2,
            "eps": 0.55,
            "eps_growth_year": 120,
            "eps_4q": 1.07,
            "eps_4q_growth_year": -1.54,
            "roe": 3.62,
            "roe_4q": 6.98,
            "gross_profit": 749207,
            "gross_margin": 5.35,
            "gross_margin_4q_avg": 5.38,
            "net_income": 203809,
            "net_income_4q": null,
            "revenue": 13997283,
            "revenue_4q": null,
            "common_shares": 3677513,
            "book_valuer_per_share": 15.49,
            "book_valuer_per_share_4q_avg": 15.41,
            "equity": 5695180,
            "current_ratio": 131.74,
            "debt_ratio": 75.85,
            "inventory_turnover_ratio": 1.39,
            "account_receivable_turnover_ratio": 1.56,
            "reinvestment_rate": -4.64,
            "research_to_sale_ratio": null,
            "price_fair": 51.98,
            "eps_avg_yearly": 1.49,
            "eps_latest_yearly": 2.2,
            "eps_growth_yearly": 85.67
        },
        "20203": {
            "year_quarter": 20203,
            "year": 2020,
            "quarter": 3,
            "eps": 0.64,
            "eps_growth_year": 236.84,
            "eps_4q": 1.52,
            "eps_4q_growth_year": 94.51,
            "roe": 4.05,
            "roe_4q": 9.78,
            "gross_profit": 853875,
            "gross_margin": 4.95,
            "gross_margin_4q_avg": 5.21,
            "net_income": 234564,
            "net_income_4q": null,
            "revenue": 17265545,
            "revenue_4q": null,
            "common_shares": 3677513,
            "book_valuer_per_share": 16.02,
            "book_valuer_per_share_4q_avg": 15.51,
            "equity": 5891008,
            "current_ratio": 134.9,
            "debt_ratio": 74.07,
            "inventory_turnover_ratio": 1.88,
            "account_receivable_turnover_ratio": 1.75,
            "reinvestment_rate": -4.48,
            "research_to_sale_ratio": null,
            "price_fair": 54.95,
            "eps_avg_yearly": 1.57,
            "eps_latest_yearly": 2.56,
            "eps_growth_yearly": 92.71
        },
        "20204": {
            "year_quarter": 20204,
            "year": 2020,
            "quarter": 4,
            "eps": 0.46,
            "eps_growth_year": 503.56,
            "eps_4q": 1.9,
            "eps_4q_growth_year": 168.56,
            "roe": 2.84,
            "roe_4q": 12.129999999999999,
            "gross_profit": 783675,
            "gross_margin": 5.03,
            "gross_margin_4q_avg": 5.31,
            "net_income": 170059,
            "net_income_4q": null,
            "revenue": 15589064,
            "revenue_4q": null,
            "common_shares": 3677513,
            "book_valuer_per_share": 16.52,
            "book_valuer_per_share_4q_avg": 15.79,
            "equity": 6074078,
            "current_ratio": 145.44,
            "debt_ratio": 73.42,
            "inventory_turnover_ratio": 1.85,
            "account_receivable_turnover_ratio": 1.49,
            "reinvestment_rate": -4.26,
            "research_to_sale_ratio": null,
            "price_fair": 56.44,
            "eps_avg_yearly": 1.61,
            "eps_latest_yearly": 1.84,
            "eps_growth_yearly": 86.51
        },
        "20211": {
            "year_quarter": 20211,
            "year": 2021,
            "quarter": 1,
            "eps": 0.75,
            "eps_growth_year": 200,
            "eps_4q": 2.4,
            "eps_4q_growth_year": 218.72,
            "roe": 4.59,
            "roe_4q": 15.100000000000001,
            "gross_profit": 952910,
            "gross_margin": 6.02,
            "gross_margin_4q_avg": 5.34,
            "net_income": 274054,
            "net_income_4q": null,
            "revenue": 15823146,
            "revenue_4q": null,
            "common_shares": 3677513,
            "book_valuer_per_share": 15.96,
            "book_valuer_per_share_4q_avg": 16,
            "equity": 5869561,
            "current_ratio": 143.88,
            "debt_ratio": 74.19,
            "inventory_turnover_ratio": 1.94,
            "account_receivable_turnover_ratio": 1.41,
            "reinvestment_rate": -3.88,
            "research_to_sale_ratio": null,
            "price_fair": 60.29,
            "eps_avg_yearly": 1.72,
            "eps_latest_yearly": 3,
            "eps_growth_yearly": 100.55
        },
        "20212": {
            "year_quarter": 20212,
            "year": 2021,
            "quarter": 2,
            "eps": 1.24,
            "eps_growth_year": 125.45,
            "eps_4q": 3.06,
            "eps_4q_growth_year": 185.55,
            "roe": 7.48,
            "roe_4q": 18.96,
            "gross_profit": 1315416,
            "gross_margin": 7.04,
            "gross_margin_4q_avg": 5.76,
            "net_income": 455337,
            "net_income_4q": null,
            "revenue": 18680068,
            "revenue_4q": null,
            "common_shares": 3703940,
            "book_valuer_per_share": 17.01,
            "book_valuer_per_share_4q_avg": 16.38,
            "equity": 6298562,
            "current_ratio": 141.43,
            "debt_ratio": 74.79,
            "inventory_turnover_ratio": 2.2,
            "account_receivable_turnover_ratio": 1.55,
            "reinvestment_rate": -3.2,
            "research_to_sale_ratio": null,
            "price_fair": 68.51,
            "eps_avg_yearly": 1.96,
            "eps_latest_yearly": 4.96,
            "eps_growth_yearly": 117.68
        },
        "20213": {
            "year_quarter": 20213,
            "year": 2021,
            "quarter": 3,
            "eps": 1.42,
            "eps_growth_year": 121.88,
            "eps_4q": 3.59,
            "eps_4q_growth_year": 136.6,
            "roe": 7.82,
            "roe_4q": 22.73,
            "gross_profit": 1525483,
            "gross_margin": 7.79,
            "gross_margin_4q_avg": 6.47,
            "net_income": 531715,
            "net_income_4q": null,
            "revenue": 19581426,
            "revenue_4q": null,
            "common_shares": 3990554,
            "book_valuer_per_share": 18.28,
            "book_valuer_per_share_4q_avg": 16.94,
            "equity": 7294473,
            "current_ratio": 140.93,
            "debt_ratio": 72.96,
            "inventory_turnover_ratio": 2.02,
            "account_receivable_turnover_ratio": 1.51,
            "reinvestment_rate": -2.93,
            "research_to_sale_ratio": null,
            "price_fair": 74.29,
            "eps_avg_yearly": 2.12,
            "eps_latest_yearly": 5.68,
            "eps_growth_yearly": 82.98
        },
        "20214": {
            "year_quarter": 20214,
            "year": 2021,
            "quarter": 4,
            "eps": 1.11,
            "eps_growth_year": 139.18,
            "eps_4q": 4.14,
            "eps_4q_growth_year": 117.61,
            "roe": 6.01,
            "roe_4q": 25.900000000000002,
            "gross_profit": 1369033,
            "gross_margin": 7.47,
            "gross_margin_4q_avg": 7.08,
            "net_income": 460034,
            "net_income_4q": null,
            "revenue": 18320246,
            "revenue_4q": null,
            "common_shares": 4159342,
            "book_valuer_per_share": 19.29,
            "book_valuer_per_share_4q_avg": 17.64,
            "equity": 8022488,
            "current_ratio": 145.16,
            "debt_ratio": 70.86,
            "inventory_turnover_ratio": 1.71,
            "account_receivable_turnover_ratio": 1.34,
            "reinvestment_rate": -2.33,
            "research_to_sale_ratio": null,
            "price_fair": 78.93,
            "eps_avg_yearly": 2.26,
            "eps_latest_yearly": 4.44,
            "eps_growth_yearly": 83.44
        },
        "20221": {
            "year_quarter": 20221,
            "year": 2022,
            "quarter": 1,
            "eps": 1.21,
            "eps_growth_year": 61.33,
            "eps_4q": 4.64,
            "eps_4q_growth_year": 93.34,
            "roe": 6.52,
            "roe_4q": 27.830000000000002,
            "gross_profit": 1303132,
            "gross_margin": 7.7,
            "gross_margin_4q_avg": 7.5,
            "net_income": 505893,
            "net_income_4q": null,
            "revenue": 16924545,
            "revenue_4q": null,
            "common_shares": 4209425,
            "book_valuer_per_share": 17.8,
            "book_valuer_per_share_4q_avg": 18.1,
            "equity": 7494819,
            "current_ratio": 136.96,
            "debt_ratio": 74.54,
            "inventory_turnover_ratio": 1.4,
            "account_receivable_turnover_ratio": 1.27,
            "reinvestment_rate": -0.52,
            "research_to_sale_ratio": null,
            "price_fair": 84.44,
            "eps_avg_yearly": 2.41,
            "eps_latest_yearly": 4.84,
            "eps_growth_yearly": 85.7
        },
        "20222": {
            "year_quarter": 20222,
            "year": 2022,
            "quarter": 2,
            "eps": 1.29,
            "eps_growth_year": 4.03,
            "eps_4q": 4.83,
            "eps_4q_growth_year": 57.79,
            "roe": 6.86,
            "roe_4q": 27.21,
            "gross_profit": 1515012,
            "gross_margin": 8.7,
            "gross_margin_4q_avg": 7.92,
            "net_income": 542853,
            "net_income_4q": null,
            "revenue": 17421017,
            "revenue_4q": null,
            "common_shares": 4223886,
            "book_valuer_per_share": 19.73,
            "book_valuer_per_share_4q_avg": 18.78,
            "equity": 8331835,
            "current_ratio": 152.87,
            "debt_ratio": 73.16,
            "inventory_turnover_ratio": 1.2,
            "account_receivable_turnover_ratio": 1.31,
            "reinvestment_rate": -0.61,
            "research_to_sale_ratio": null,
            "price_fair": 90.65,
            "eps_avg_yearly": 2.59,
            "eps_latest_yearly": 5.16,
            "eps_growth_yearly": 87.35
        },
        "20223": {
            "year_quarter": 20223,
            "year": 2022,
            "quarter": 3,
            "eps": 0.88,
            "eps_growth_year": -38.03,
            "eps_4q": 4.44,
            "eps_4q_growth_year": 23.85,
            "roe": 4.27,
            "roe_4q": 23.659999999999997,
            "gross_profit": 1382853,
            "gross_margin": 7.6,
            "gross_margin_4q_avg": 7.87,
            "net_income": 372489,
            "net_income_4q": null,
            "revenue": 18203776,
            "revenue_4q": null,
            "common_shares": 4235432,
            "book_valuer_per_share": 21.55,
            "book_valuer_per_share_4q_avg": 19.59,
            "equity": 9126316,
            "current_ratio": 145.29,
            "debt_ratio": 75.34,
            "inventory_turnover_ratio": 1.03,
            "account_receivable_turnover_ratio": 1.27,
            "reinvestment_rate": -0.49,
            "research_to_sale_ratio": null,
            "price_fair": 93.63,
            "eps_avg_yearly": 2.68,
            "eps_latest_yearly": 3.52,
            "eps_growth_yearly": 81.13
        },
        "20224": {
            "year_quarter": 20224,
            "year": 2022,
            "quarter": 4,
            "eps": 0.66,
            "eps_growth_year": -40.68,
            "eps_4q": 4.01,
            "eps_4q_growth_year": -3.05,
            "roe": 3.04,
            "roe_4q": 20.689999999999998,
            "gross_profit": 1288996,
            "gross_margin": 7.27,
            "gross_margin_4q_avg": 7.82,
            "net_income": 277899,
            "net_income_4q": null,
            "revenue": 17731841,
            "revenue_4q": null,
            "common_shares": 4235432,
            "book_valuer_per_share": 21.67,
            "book_valuer_per_share_4q_avg": 20.19,
            "equity": 9179618,
            "current_ratio": 154.32,
            "debt_ratio": 72.38,
            "inventory_turnover_ratio": 0.96,
            "account_receivable_turnover_ratio": 1.26,
            "reinvestment_rate": -0.62,
            "research_to_sale_ratio": null,
            "price_fair": 98,
            "eps_avg_yearly": 2.8,
            "eps_latest_yearly": 2.64,
            "eps_growth_yearly": 92.47
        },
        "20231": {
            "year_quarter": 20231,
            "year": 2023,
            "quarter": 1,
            "eps": 0.4,
            "eps_growth_year": -66.94,
            "eps_4q": 3.22,
            "eps_4q_growth_year": -30.63,
            "roe": 1.84,
            "roe_4q": 16.009999999999998,
            "gross_profit": 1053115,
            "gross_margin": 6.37,
            "gross_margin_4q_avg": 7.49,
            "net_income": 169978,
            "net_income_4q": null,
            "revenue": 16524492,
            "revenue_4q": null,
            "common_shares": 4235432,
            "book_valuer_per_share": 22,
            "book_valuer_per_share_4q_avg": 21.24,
            "equity": 9318240,
            "current_ratio": 160.48,
            "debt_ratio": 70.12,
            "inventory_turnover_ratio": 0.99,
            "account_receivable_turnover_ratio": 1.32,
            "reinvestment_rate": -0.6,
            "research_to_sale_ratio": null,
            "price_fair": 99.58,
            "eps_avg_yearly": 2.85,
            "eps_latest_yearly": 1.6,
            "eps_growth_yearly": 73.25
        },
        "20232": {
            "year_quarter": 20232,
            "year": 2023,
            "quarter": 2,
            "eps": 0.32,
            "eps_growth_year": -75.19,
            "eps_4q": 2.24,
            "eps_4q_growth_year": -53.6,
            "roe": 1.54,
            "roe_4q": 10.69,
            "gross_profit": 1051628,
            "gross_margin": 6.01,
            "gross_margin_4q_avg": 6.81,
            "net_income": 135602,
            "net_income_4q": null,
            "revenue": 17510754,
            "revenue_4q": null,
            "common_shares": 4265280,
            "book_valuer_per_share": 19.5,
            "book_valuer_per_share_4q_avg": 21.18,
            "equity": 8318341,
            "current_ratio": 147.16,
            "debt_ratio": 75.17,
            "inventory_turnover_ratio": 1.07,
            "account_receivable_turnover_ratio": 1.38,
            "reinvestment_rate": -0.51,
            "research_to_sale_ratio": null,
            "price_fair": 100.19,
            "eps_avg_yearly": 2.86,
            "eps_latest_yearly": 1.28,
            "eps_growth_yearly": 64.84
        },
        "20233": {
            "year_quarter": 20233,
            "year": 2023,
            "quarter": 3,
            "eps": 0.59,
            "eps_growth_year": -32.95,
            "eps_4q": 1.96,
            "eps_4q_growth_year": -55.96,
            "roe": 2.96,
            "roe_4q": 9.379999999999999,
            "gross_profit": 1227950,
            "gross_margin": 6.58,
            "gross_margin_4q_avg": 6.56,
            "net_income": 253893,
            "net_income_4q": null,
            "revenue": 18664876,
            "revenue_4q": null,
            "common_shares": 4280715,
            "book_valuer_per_share": 20.64,
            "book_valuer_per_share_4q_avg": 20.95,
            "equity": 8833420,
            "current_ratio": 140.72,
            "debt_ratio": 77.21,
            "inventory_turnover_ratio": 0.96,
            "account_receivable_turnover_ratio": 1.38,
            "reinvestment_rate": -0.4,
            "research_to_sale_ratio": null,
            "price_fair": 103.69,
            "eps_avg_yearly": 2.96,
            "eps_latest_yearly": 2.36,
            "eps_growth_yearly": 91.93
        },
        "20234": {
            "year_quarter": 20234,
            "year": 2023,
            "quarter": 4,
            "eps": 0.53,
            "eps_growth_year": -19.08,
            "eps_4q": 1.84,
            "eps_4q_growth_year": -54.19,
            "roe": 2.58,
            "roe_4q": 8.92,
            "gross_profit": 1158488,
            "gross_margin": 6.37,
            "gross_margin_4q_avg": 6.33,
            "net_income": 227294,
            "net_income_4q": null,
            "revenue": 18192291,
            "revenue_4q": null,
            "common_shares": 4280715,
            "book_valuer_per_share": 20.48,
            "book_valuer_per_share_4q_avg": 20.66,
            "equity": 8766220,
            "current_ratio": 140.16,
            "debt_ratio": 77.32,
            "inventory_turnover_ratio": 0.83,
            "account_receivable_turnover_ratio": 1.33,
            "reinvestment_rate": -0.05,
            "research_to_sale_ratio": null,
            "price_fair": 107.63,
            "eps_avg_yearly": 3.08,
            "eps_latest_yearly": 2.12,
            "eps_growth_yearly": 103.86
        }
    },
    "months": {
        "2002-08": {
            "month": "2002-08",
            "price": "33.66",
            "revenue": 858130
        },
        "2002-09": {
            "month": "2002-09",
            "price": "30.68",
            "revenue": 913061
        },
        "2002-10": {
            "month": "2002-10",
            "price": "26.89",
            "revenue": 989864
        },
        "2002-11": {
            "month": "2002-11",
            "price": "25.49",
            "revenue": 1002000
        },
        "2002-12": {
            "month": "2002-12",
            "price": "23.33",
            "revenue": 1003054
        },
        "2003-01": {
            "month": "2003-01",
            "price": "22.63",
            "revenue": 891865
        },
        "2003-02": {
            "month": "2003-02",
            "price": "21.34",
            "revenue": 795975
        },
        "2003-03": {
            "month": "2003-03",
            "price": "19.98",
            "revenue": 811722
        },
        "2003-04": {
            "month": "2003-04",
            "price": "20.50",
            "revenue": 729056
        },
        "2003-05": {
            "month": "2003-05",
            "price": "20.61",
            "revenue": 716245
        },
        "2003-06": {
            "month": "2003-06",
            "price": "23.16",
            "revenue": 747623
        },
        "2003-07": {
            "month": "2003-07",
            "price": "25.32",
            "revenue": 911425
        },
        "2003-08": {
            "month": "2003-08",
            "price": "22.35",
            "revenue": 980539
        },
        "2003-09": {
            "month": "2003-09",
            "price": "22.46",
            "revenue": 1039631
        },
        "2003-10": {
            "month": "2003-10",
            "price": "23.00",
            "revenue": 1215614
        },
        "2003-11": {
            "month": "2003-11",
            "price": "23.37",
            "revenue": 1023760
        },
        "2003-12": {
            "month": "2003-12",
            "price": "23.23",
            "revenue": 929530
        },
        "2004-01": {
            "month": "2004-01",
            "price": "23.28",
            "revenue": 891922
        },
        "2004-02": {
            "month": "2004-02",
            "price": "24.14",
            "revenue": 988093
        },
        "2004-03": {
            "month": "2004-03",
            "price": "23.13",
            "revenue": 1029904
        },
        "2004-04": {
            "month": "2004-04",
            "price": "23.81",
            "revenue": 989073
        },
        "2004-05": {
            "month": "2004-05",
            "price": "22.77",
            "revenue": 947636
        },
        "2004-06": {
            "month": "2004-06",
            "price": "21.67",
            "revenue": 934882
        },
        "2004-07": {
            "month": "2004-07",
            "price": "20.48",
            "revenue": 898851
        },
        "2004-08": {
            "month": "2004-08",
            "price": "18.69",
            "revenue": 1013218
        },
        "2004-09": {
            "month": "2004-09",
            "price": "18.74",
            "revenue": 1109509
        },
        "2004-10": {
            "month": "2004-10",
            "price": "18.56",
            "revenue": 920222
        },
        "2004-11": {
            "month": "2004-11",
            "price": "18.01",
            "revenue": 1016700
        },
        "2004-12": {
            "month": "2004-12",
            "price": "17.57",
            "revenue": 1031963
        },
        "2005-01": {
            "month": "2005-01",
            "price": "16.10",
            "revenue": 1028746
        },
        "2005-02": {
            "month": "2005-02",
            "price": "16.69",
            "revenue": 850098
        },
        "2005-03": {
            "month": "2005-03",
            "price": "17.01",
            "revenue": 1100343
        },
        "2005-04": {
            "month": "2005-04",
            "price": "17.42",
            "revenue": 1012872
        },
        "2005-05": {
            "month": "2005-05",
            "price": "16.65",
            "revenue": 1058115
        },
        "2005-06": {
            "month": "2005-06",
            "price": "17.29",
            "revenue": 1058647
        },
        "2005-07": {
            "month": "2005-07",
            "price": "17.62",
            "revenue": 1058631
        },
        "2005-08": {
            "month": "2005-08",
            "price": "15.88",
            "revenue": 1169141
        },
        "2005-09": {
            "month": "2005-09",
            "price": "14.03",
            "revenue": 1377390
        },
        "2005-10": {
            "month": "2005-10",
            "price": "14.17",
            "revenue": 1505954
        },
        "2005-11": {
            "month": "2005-11",
            "price": "15.18",
            "revenue": 1515739
        },
        "2005-12": {
            "month": "2005-12",
            "price": "16.87",
            "revenue": 1404198
        },
        "2006-01": {
            "month": "2006-01",
            "price": "17.45",
            "revenue": 1343104
        },
        "2006-02": {
            "month": "2006-02",
            "price": "17.22",
            "revenue": 1116743
        },
        "2006-03": {
            "month": "2006-03",
            "price": "16.91",
            "revenue": 1264245
        },
        "2006-04": {
            "month": "2006-04",
            "price": "18.73",
            "revenue": 1196619
        },
        "2006-05": {
            "month": "2006-05",
            "price": "20.14",
            "revenue": 1029417
        },
        "2006-06": {
            "month": "2006-06",
            "price": "18.64",
            "revenue": 1123313
        },
        "2006-07": {
            "month": "2006-07",
            "price": "18.90",
            "revenue": 1260601
        },
        "2006-08": {
            "month": "2006-08",
            "price": "18.81",
            "revenue": 1418451
        },
        "2006-09": {
            "month": "2006-09",
            "price": "18.39",
            "revenue": 1398080
        },
        "2006-10": {
            "month": "2006-10",
            "price": "19.57",
            "revenue": 1156412
        },
        "2006-11": {
            "month": "2006-11",
            "price": "20.54",
            "revenue": 1301550
        },
        "2006-12": {
            "month": "2006-12",
            "price": "22.10",
            "revenue": 1222728
        },
        "2007-01": {
            "month": "2007-01",
            "price": "22.16",
            "revenue": 1214886
        },
        "2007-02": {
            "month": "2007-02",
            "price": "21.85",
            "revenue": 951750
        },
        "2007-03": {
            "month": "2007-03",
            "price": "21.60",
            "revenue": 1404210
        },
        "2007-04": {
            "month": "2007-04",
            "price": "22.77",
            "revenue": 1186709
        },
        "2007-05": {
            "month": "2007-05",
            "price": "23.05",
            "revenue": 1249277
        },
        "2007-06": {
            "month": "2007-06",
            "price": "23.81",
            "revenue": 1379014
        },
        "2007-07": {
            "month": "2007-07",
            "price": "26.72",
            "revenue": 1322751
        },
        "2007-08": {
            "month": "2007-08",
            "price": "24.77",
            "revenue": 1506183
        },
        "2007-09": {
            "month": "2007-09",
            "price": "23.49",
            "revenue": 1665992
        },
        "2007-10": {
            "month": "2007-10",
            "price": "23.20",
            "revenue": 1596905
        },
        "2007-11": {
            "month": "2007-11",
            "price": "20.88",
            "revenue": 1359769
        },
        "2007-12": {
            "month": "2007-12",
            "price": "18.80",
            "revenue": 1223202
        },
        "2008-01": {
            "month": "2008-01",
            "price": "17.67",
            "revenue": 1266847
        },
        "2008-02": {
            "month": "2008-02",
            "price": "17.69",
            "revenue": 977464
        },
        "2008-03": {
            "month": "2008-03",
            "price": "18.30",
            "revenue": 1278104
        },
        "2008-04": {
            "month": "2008-04",
            "price": "20.41",
            "revenue": 1183118
        },
        "2008-05": {
            "month": "2008-05",
            "price": "19.66",
            "revenue": 1126545
        },
        "2008-06": {
            "month": "2008-06",
            "price": "18.04",
            "revenue": 1223061
        },
        "2008-07": {
            "month": "2008-07",
            "price": "16.62",
            "revenue": 1267083
        },
        "2008-08": {
            "month": "2008-08",
            "price": "14.53",
            "revenue": 1281961
        },
        "2008-09": {
            "month": "2008-09",
            "price": "10.08",
            "revenue": 1289935
        },
        "2008-10": {
            "month": "2008-10",
            "price": "9.31",
            "revenue": 1181040
        },
        "2008-11": {
            "month": "2008-11",
            "price": "8.14",
            "revenue": 826717
        },
        "2008-12": {
            "month": "2008-12",
            "price": "7.20",
            "revenue": 788308
        },
        "2009-01": {
            "month": "2009-01",
            "price": "6.95",
            "revenue": 1130345
        },
        "2009-02": {
            "month": "2009-02",
            "price": "7.03",
            "revenue": 1948733
        },
        "2009-03": {
            "month": "2009-03",
            "price": "8.25",
            "revenue": 1960215
        },
        "2009-04": {
            "month": "2009-04",
            "price": "12.18",
            "revenue": 2082380
        },
        "2009-05": {
            "month": "2009-05",
            "price": "14.02",
            "revenue": 1830498
        },
        "2009-06": {
            "month": "2009-06",
            "price": "13.28",
            "revenue": 1901031
        },
        "2009-07": {
            "month": "2009-07",
            "price": "14.14",
            "revenue": 2068700
        },
        "2009-08": {
            "month": "2009-08",
            "price": "15.23",
            "revenue": 1946373
        },
        "2009-09": {
            "month": "2009-09",
            "price": "16.58",
            "revenue": 2252579
        },
        "2009-10": {
            "month": "2009-10",
            "price": "18.48",
            "revenue": 1950539
        },
        "2009-11": {
            "month": "2009-11",
            "price": "18.40",
            "revenue": 2239493
        },
        "2009-12": {
            "month": "2009-12",
            "price": "19.37",
            "revenue": 2286087
        },
        "2010-01": {
            "month": "2010-01",
            "price": "20.33",
            "revenue": 2463877
        },
        "2010-02": {
            "month": "2010-02",
            "price": "18.79",
            "revenue": 1668537
        },
        "2010-03": {
            "month": "2010-03",
            "price": "19.93",
            "revenue": 2800755
        },
        "2010-04": {
            "month": "2010-04",
            "price": "22.59",
            "revenue": 2866098
        },
        "2010-05": {
            "month": "2010-05",
            "price": "22.06",
            "revenue": 2540961
        },
        "2010-06": {
            "month": "2010-06",
            "price": "21.55",
            "revenue": 2803123
        },
        "2010-07": {
            "month": "2010-07",
            "price": "21.85",
            "revenue": 2856040
        },
        "2010-08": {
            "month": "2010-08",
            "price": "22.20",
            "revenue": 2922357
        },
        "2010-09": {
            "month": "2010-09",
            "price": "22.91",
            "revenue": 2979709
        },
        "2010-10": {
            "month": "2010-10",
            "price": "25.40",
            "revenue": 2691810
        },
        "2010-11": {
            "month": "2010-11",
            "price": "25.74",
            "revenue": 2621448
        },
        "2010-12": {
            "month": "2010-12",
            "price": "27.47",
            "revenue": 2709053
        },
        "2011-01": {
            "month": "2011-01",
            "price": "27.04",
            "revenue": 2779489
        },
        "2011-02": {
            "month": "2011-02",
            "price": "26.49",
            "revenue": 1922777
        },
        "2011-03": {
            "month": "2011-03",
            "price": "26.53",
            "revenue": 3190859
        },
        "2011-04": {
            "month": "2011-04",
            "price": "27.49",
            "revenue": 2855217
        },
        "2011-05": {
            "month": "2011-05",
            "price": "27.75",
            "revenue": 2662115
        },
        "2011-06": {
            "month": "2011-06",
            "price": "27.78",
            "revenue": 3040238
        },
        "2011-07": {
            "month": "2011-07",
            "price": "27.65",
            "revenue": 2826608
        },
        "2011-08": {
            "month": "2011-08",
            "price": "23.89",
            "revenue": 2609467
        },
        "2011-09": {
            "month": "2011-09",
            "price": "22.69",
            "revenue": 2767484
        },
        "2011-10": {
            "month": "2011-10",
            "price": "21.82",
            "revenue": 2289150
        },
        "2011-11": {
            "month": "2011-11",
            "price": "21.28",
            "revenue": 2402501
        },
        "2011-12": {
            "month": "2011-12",
            "price": "20.03",
            "revenue": 2772495
        },
        "2012-01": {
            "month": "2012-01",
            "price": "20.54",
            "revenue": 1548534
        },
        "2012-02": {
            "month": "2012-02",
            "price": "23.08",
            "revenue": 2240824
        },
        "2012-03": {
            "month": "2012-03",
            "price": "24.40",
            "revenue": 2948871
        },
        "2012-04": {
            "month": "2012-04",
            "price": "25.32",
            "revenue": 2015753
        },
        "2012-05": {
            "month": "2012-05",
            "price": "25.01",
            "revenue": 2473284
        },
        "2012-06": {
            "month": "2012-06",
            "price": "24.33",
            "revenue": 2586718
        },
        "2012-07": {
            "month": "2012-07",
            "price": "24.16",
            "revenue": 2522153
        },
        "2012-08": {
            "month": "2012-08",
            "price": "21.60",
            "revenue": 2808189
        },
        "2012-09": {
            "month": "2012-09",
            "price": "21.69",
            "revenue": 2879977
        },
        "2012-10": {
            "month": "2012-10",
            "price": "21.15",
            "revenue": 2341391
        },
        "2012-11": {
            "month": "2012-11",
            "price": "20.34",
            "revenue": 2569748
        },
        "2012-12": {
            "month": "2012-12",
            "price": "20.96",
            "revenue": 2360695
        },
        "2013-01": {
            "month": "2013-01",
            "price": "21.24",
            "revenue": 2514966
        },
        "2013-02": {
            "month": "2013-02",
            "price": "21.60",
            "revenue": 1527089
        },
        "2013-03": {
            "month": "2013-03",
            "price": "21.72",
            "revenue": 2882371
        },
        "2013-04": {
            "month": "2013-04",
            "price": "20.93",
            "revenue": 2422167
        },
        "2013-05": {
            "month": "2013-05",
            "price": "21.07",
            "revenue": 2548005
        },
        "2013-06": {
            "month": "2013-06",
            "price": "21.18",
            "revenue": 2857054
        },
        "2013-07": {
            "month": "2013-07",
            "price": "21.42",
            "revenue": 2804935
        },
        "2013-08": {
            "month": "2013-08",
            "price": "20.56",
            "revenue": 2845981
        },
        "2013-09": {
            "month": "2013-09",
            "price": "20.84",
            "revenue": 3171638
        },
        "2013-10": {
            "month": "2013-10",
            "price": "21.57",
            "revenue": 2742427
        },
        "2013-11": {
            "month": "2013-11",
            "price": "21.55",
            "revenue": 3033867
        },
        "2013-12": {
            "month": "2013-12",
            "price": "22.16",
            "revenue": 3766562
        },
        "2014-01": {
            "month": "2014-01",
            "price": "23.69",
            "revenue": 3082231
        },
        "2014-02": {
            "month": "2014-02",
            "price": "23.76",
            "revenue": 2719638
        },
        "2014-03": {
            "month": "2014-03",
            "price": "24.49",
            "revenue": 3875723
        },
        "2014-04": {
            "month": "2014-04",
            "price": "24.79",
            "revenue": 3544726
        },
        "2014-05": {
            "month": "2014-05",
            "price": "24.96",
            "revenue": 3290449
        },
        "2014-06": {
            "month": "2014-06",
            "price": "25.66",
            "revenue": 3182047
        },
        "2014-07": {
            "month": "2014-07",
            "price": "25.92",
            "revenue": 3327932
        },
        "2014-08": {
            "month": "2014-08",
            "price": "23.31",
            "revenue": 3131610
        },
        "2014-09": {
            "month": "2014-09",
            "price": "23.29",
            "revenue": 3696436
        },
        "2014-10": {
            "month": "2014-10",
            "price": "23.07",
            "revenue": 2977246
        },
        "2014-11": {
            "month": "2014-11",
            "price": "22.91",
            "revenue": 3277268
        },
        "2014-12": {
            "month": "2014-12",
            "price": "22.96",
            "revenue": 3825735
        },
        "2015-01": {
            "month": "2015-01",
            "price": "23.31",
            "revenue": 3406375
        },
        "2015-02": {
            "month": "2015-02",
            "price": "23.52",
            "revenue": 2000724
        },
        "2015-03": {
            "month": "2015-03",
            "price": "23.94",
            "revenue": 3581538
        },
        "2015-04": {
            "month": "2015-04",
            "price": "23.12",
            "revenue": 3040994
        },
        "2015-05": {
            "month": "2015-05",
            "price": "23.31",
            "revenue": 2936536
        },
        "2015-06": {
            "month": "2015-06",
            "price": "22.88",
            "revenue": 3130242
        },
        "2015-07": {
            "month": "2015-07",
            "price": "22.37",
            "revenue": 3134513
        },
        "2015-08": {
            "month": "2015-08",
            "price": "18.41",
            "revenue": 3241197
        },
        "2015-09": {
            "month": "2015-09",
            "price": "18.03",
            "revenue": 3949685
        },
        "2015-10": {
            "month": "2015-10",
            "price": "19.09",
            "revenue": 3326782
        },
        "2015-11": {
            "month": "2015-11",
            "price": "19.53",
            "revenue": 3506364
        },
        "2015-12": {
            "month": "2015-12",
            "price": "19.05",
            "revenue": 3571140
        },
        "2016-01": {
            "month": "2016-01",
            "price": "18.65",
            "revenue": 3457887
        },
        "2016-02": {
            "month": "2016-02",
            "price": "19.31",
            "revenue": 2287250
        },
        "2016-03": {
            "month": "2016-03",
            "price": "20.07",
            "revenue": 3690600
        },
        "2016-04": {
            "month": "2016-04",
            "price": "19.95",
            "revenue": 3277458
        },
        "2016-05": {
            "month": "2016-05",
            "price": "19.41",
            "revenue": 3279449
        },
        "2016-06": {
            "month": "2016-06",
            "price": "19.25",
            "revenue": 3582925
        },
        "2016-07": {
            "month": "2016-07",
            "price": "19.10",
            "revenue": 3388416
        },
        "2016-08": {
            "month": "2016-08",
            "price": "18.06",
            "revenue": 3777965
        },
        "2016-09": {
            "month": "2016-09",
            "price": "17.33",
            "revenue": 4503217
        },
        "2016-10": {
            "month": "2016-10",
            "price": "17.42",
            "revenue": 3839844
        },
        "2016-11": {
            "month": "2016-11",
            "price": "16.98",
            "revenue": 4152647
        },
        "2016-12": {
            "month": "2016-12",
            "price": "16.98",
            "revenue": 4502460
        },
        "2017-01": {
            "month": "2017-01",
            "price": "17.08",
            "revenue": 3360557
        },
        "2017-02": {
            "month": "2017-02",
            "price": "17.49",
            "revenue": 3024057
        },
        "2017-03": {
            "month": "2017-03",
            "price": "17.82",
            "revenue": 4517137
        },
        "2017-04": {
            "month": "2017-04",
            "price": "17.46",
            "revenue": 3602865
        },
        "2017-05": {
            "month": "2017-05",
            "price": "17.22",
            "revenue": 3707192
        },
        "2017-06": {
            "month": "2017-06",
            "price": "17.34",
            "revenue": 4455198
        },
        "2017-07": {
            "month": "2017-07",
            "price": "16.88",
            "revenue": 4443780
        },
        "2017-08": {
            "month": "2017-08",
            "price": "16.56",
            "revenue": 4680506
        },
        "2017-09": {
            "month": "2017-09",
            "price": "16.72",
            "revenue": 5335297
        },
        "2017-10": {
            "month": "2017-10",
            "price": "17.00",
            "revenue": 4876489
        },
        "2017-11": {
            "month": "2017-11",
            "price": "18.55",
            "revenue": 5035033
        },
        "2017-12": {
            "month": "2017-12",
            "price": "19.22",
            "revenue": 4891334
        },
        "2018-01": {
            "month": "2018-01",
            "price": "19.77",
            "revenue": 5387146
        },
        "2018-02": {
            "month": "2018-02",
            "price": "20.66",
            "revenue": 2898935
        },
        "2018-03": {
            "month": "2018-03",
            "price": "21.84",
            "revenue": 5121439
        },
        "2018-04": {
            "month": "2018-04",
            "price": "22.04",
            "revenue": 4246449
        },
        "2018-05": {
            "month": "2018-05",
            "price": "22.76",
            "revenue": 4705718
        },
        "2018-06": {
            "month": "2018-06",
            "price": "23.13",
            "revenue": 4304529
        },
        "2018-07": {
            "month": "2018-07",
            "price": "22.50",
            "revenue": 4664242
        },
        "2018-08": {
            "month": "2018-08",
            "price": "22.32",
            "revenue": 4636912
        },
        "2018-09": {
            "month": "2018-09",
            "price": "20.89",
            "revenue": 5509352
        },
        "2018-10": {
            "month": "2018-10",
            "price": "19.70",
            "revenue": 4060394
        },
        "2018-11": {
            "month": "2018-11",
            "price": "19.20",
            "revenue": 3640699
        },
        "2018-12": {
            "month": "2018-12",
            "price": "18.90",
            "revenue": 3811318
        },
        "2019-01": {
            "month": "2019-01",
            "price": "18.80",
            "revenue": 3879161
        },
        "2019-02": {
            "month": "2019-02",
            "price": "19.27",
            "revenue": 2663125
        },
        "2019-03": {
            "month": "2019-03",
            "price": "19.84",
            "revenue": 3967361
        },
        "2019-04": {
            "month": "2019-04",
            "price": "20.44",
            "revenue": 3901108
        },
        "2019-05": {
            "month": "2019-05",
            "price": "19.97",
            "revenue": 3978524
        },
        "2019-06": {
            "month": "2019-06",
            "price": "19.77",
            "revenue": 3694259
        },
        "2019-07": {
            "month": "2019-07",
            "price": "20.12",
            "revenue": 4161779
        },
        "2019-08": {
            "month": "2019-08",
            "price": "19.63",
            "revenue": 4365554
        },
        "2019-09": {
            "month": "2019-09",
            "price": "17.97",
            "revenue": 4552984
        },
        "2019-10": {
            "month": "2019-10",
            "price": "18.11",
            "revenue": 4268641
        },
        "2019-11": {
            "month": "2019-11",
            "price": "17.90",
            "revenue": 4177120
        },
        "2019-12": {
            "month": "2019-12",
            "price": "17.76",
            "revenue": 4614507
        },
        "2020-01": {
            "month": "2020-01",
            "price": "17.72",
            "revenue": 3152664
        },
        "2020-02": {
            "month": "2020-02",
            "price": "17.10",
            "revenue": 3108265
        },
        "2020-03": {
            "month": "2020-03",
            "price": "14.25",
            "revenue": 5300581
        },
        "2020-04": {
            "month": "2020-04",
            "price": "14.14",
            "revenue": 4948049
        },
        "2020-05": {
            "month": "2020-05",
            "price": "14.72",
            "revenue": 4470599
        },
        "2020-06": {
            "month": "2020-06",
            "price": "15.38",
            "revenue": 4578635
        },
        "2020-07": {
            "month": "2020-07",
            "price": "15.58",
            "revenue": 6208651
        },
        "2020-08": {
            "month": "2020-08",
            "price": "17.76",
            "revenue": 5166444
        },
        "2020-09": {
            "month": "2020-09",
            "price": "17.96",
            "revenue": 5890464
        },
        "2020-10": {
            "month": "2020-10",
            "price": "18.05",
            "revenue": 5304282
        },
        "2020-11": {
            "month": "2020-11",
            "price": "18.78",
            "revenue": 5211424
        },
        "2020-12": {
            "month": "2020-12",
            "price": "19.23",
            "revenue": 5073358
        },
        "2021-01": {
            "month": "2021-01",
            "price": "18.72",
            "revenue": 5956993
        },
        "2021-02": {
            "month": "2021-02",
            "price": "19.01",
            "revenue": 3637073
        },
        "2021-03": {
            "month": "2021-03",
            "price": "20.64",
            "revenue": 6229080
        },
        "2021-04": {
            "month": "2021-04",
            "price": "22.13",
            "revenue": 6531297
        },
        "2021-05": {
            "month": "2021-05",
            "price": "22.59",
            "revenue": 6330755
        },
        "2021-06": {
            "month": "2021-06",
            "price": "23.97",
            "revenue": 5818016
        },
        "2021-07": {
            "month": "2021-07",
            "price": "24.37",
            "revenue": 6197040
        },
        "2021-08": {
            "month": "2021-08",
            "price": "23.85",
            "revenue": 6854390
        },
        "2021-09": {
            "month": "2021-09",
            "price": "26.92",
            "revenue": 6529996
        },
        "2021-10": {
            "month": "2021-10",
            "price": "26.94",
            "revenue": 5634061
        },
        "2021-11": {
            "month": "2021-11",
            "price": "29.43",
            "revenue": 6204196
        },
        "2021-12": {
            "month": "2021-12",
            "price": "30.38",
            "revenue": 6481989
        },
        "2022-01": {
            "month": "2022-01",
            "price": "31.01",
            "revenue": 5495218
        },
        "2022-02": {
            "month": "2022-02",
            "price": "30.88",
            "revenue": 4766820
        },
        "2022-03": {
            "month": "2022-03",
            "price": "32.30",
            "revenue": 6662507
        },
        "2022-04": {
            "month": "2022-04",
            "price": "31.06",
            "revenue": 5454227
        },
        "2022-05": {
            "month": "2022-05",
            "price": "30.73",
            "revenue": 5628959
        },
        "2022-06": {
            "month": "2022-06",
            "price": "30.06",
            "revenue": 6337831
        },
        "2022-07": {
            "month": "2022-07",
            "price": "26.79",
            "revenue": 5167770
        },
        "2022-08": {
            "month": "2022-08",
            "price": "26.73",
            "revenue": 6175847
        },
        "2022-09": {
            "month": "2022-09",
            "price": "26.42",
            "revenue": 6860159
        },
        "2022-10": {
            "month": "2022-10",
            "price": "25.74",
            "revenue": 6128999
        },
        "2022-11": {
            "month": "2022-11",
            "price": "26.48",
            "revenue": 5945979
        },
        "2022-12": {
            "month": "2022-12",
            "price": "26.64",
            "revenue": 5656747
        },
        "2023-01": {
            "month": "2023-01",
            "price": "26.70",
            "revenue": 3859897
        },
        "2023-02": {
            "month": "2023-02",
            "price": "27.56",
            "revenue": 5912819
        },
        "2023-03": {
            "month": "2023-03",
            "price": "29.30",
            "revenue": 6751776
        },
        "2023-04": {
            "month": "2023-04",
            "price": "30.24",
            "revenue": 5117225
        },
        "2023-05": {
            "month": "2023-05",
            "price": "30.59",
            "revenue": 5949126
        },
        "2023-06": {
            "month": "2023-06",
            "price": "33.10",
            "revenue": 6444403
        },
        "2023-07": {
            "month": "2023-07",
            "price": "34.90",
            "revenue": 5912604
        },
        "2023-08": {
            "month": "2023-08",
            "price": "29.29",
            "revenue": 5919842
        },
        "2023-09": {
            "month": "2023-09",
            "price": "28.47",
            "revenue": 6832430
        },
        "2023-10": {
            "month": "2023-10",
            "price": "27.41",
            "revenue": 5400290
        },
        "2023-11": {
            "month": "2023-11",
            "price": "27.58",
            "revenue": 5895745
        },
        "2023-12": {
            "month": "2023-12",
            "price": "28.74",
            "revenue": 6896256
        },
        "2024-01": {
            "month": "2024-01",
            "price": "29.94",
            "revenue": 6520347
        },
        "2024-02": {
            "month": "2024-02",
            "price": "32.20",
            "revenue": 4344463
        }
    }
}
