{
    "summary": {
        "stock_name": "聯詠",
        "stock_id": "3034",
        "category": "半導體",
        "main_business": "研究、開發、製造、銷售下列產品:  A.通訊積體電路  B.內嵌式<br>微控制器  C.數位訊號處理器  D.電腦週邊控制積體電路<br>E.液晶顯示器驅動積體電路及系統",
        "website_url": "http://www.novatek.com.tw",
        "ceo": "王守仁",
        "pe_ratio": 14,
        "report_year_from": 2001,
        "report_year_to": 2023,
        "age": 23,
        "eps_negative_percentage": 0,
        "eps_growth_avg": {
            "last_all": 12.49,
            "last_2y": 12.09,
            "last_4y": 21.88,
            "last_8y": 11.55,
            "last_12y": 12.4,
            "last_16y": 8.08,
            "last_20y": 13.11,
            "at_2006_last_3y": 34.49,
            "at_2007_last_3y": 22.18,
            "at_2008_last_3y": -3.09,
            "at_2009_last_3y": -9.6,
            "at_2010_last_3y": -5.99,
            "at_2011_last_3y": -13.96,
            "at_2012_last_3y": 4.66,
            "at_2013_last_3y": 4.65,
            "at_2014_last_3y": 14.32,
            "at_2015_last_3y": 16.52,
            "at_2016_last_3y": 6.25,
            "at_2017_last_3y": 4.68,
            "at_2018_last_3y": -1.35,
            "at_2019_last_3y": 7.48,
            "at_2020_last_3y": 25.16,
            "at_2021_last_3y": 50.1,
            "at_2022_last_3y": 36.27,
            "at_2023_last_3y": 21.33,
            "at_2024_last_3y": 21.33,
            "at_2006_last_all": 27.49,
            "at_2007_last_all": 24.89,
            "at_2008_last_all": 13.46,
            "at_2009_last_all": 12.59,
            "at_2010_last_all": 12.61,
            "at_2011_last_all": 9.35,
            "at_2012_last_all": 10.26,
            "at_2013_last_all": 9.95,
            "at_2014_last_all": 13.14,
            "at_2015_last_all": 11.4,
            "at_2016_last_all": 9.19,
            "at_2017_last_all": 8.63,
            "at_2018_last_all": 9.73,
            "at_2019_last_all": 10.53,
            "at_2020_last_all": 12.55,
            "at_2021_last_all": 16.93,
            "at_2022_last_all": 14.78,
            "at_2023_last_all": 12.49,
            "at_2024_last_all": 12.49
        },
        "latest_eps": 36.21,
        "latest_price": 517,
        "latest_roe": 35.84,
        "latest_gross_margin": 42.25,
        "latest_equity": 61657439,
        "latest_revenue": 28929962,
        "latest_gross_profit": 12222668,
        "latest_net_income": 6365821,
        "latest_debt_ratio": 38.91,
        "latest_current_ratio": 298.16,
        "latest_account_receivable_turnover_ratio": 1.41,
        "latest_inventory_turnover_ratio": 1.7,
        "latest_reinvestment_rate": 3.54,
        "latest_research_to_sale_ratio": 15.08
    },
    "eps_dividends": {
        "1999": {
            "cash": 0,
            "stock": 4,
            "eps": 0
        },
        "2000": {
            "cash": 0,
            "stock": 5,
            "eps": 0
        },
        "2001": {
            "cash": 0,
            "stock": 5,
            "eps": 4.18
        },
        "2002": {
            "cash": 1,
            "stock": 2,
            "eps": 4.16
        },
        "2003": {
            "cash": 1.5,
            "stock": 1.5,
            "eps": 6.7
        },
        "2004": {
            "cash": 2.8,
            "stock": 1.4,
            "eps": 9.78
        },
        "2005": {
            "cash": 5.4,
            "stock": 1.35,
            "eps": 12.97
        },
        "2006": {
            "cash": 7.99,
            "stock": 1.1,
            "eps": 12.75
        },
        "2007": {
            "cash": 8,
            "stock": 0.2,
            "eps": 14.26
        },
        "2008": {
            "cash": 8.56,
            "stock": 0.1,
            "eps": 6.4
        },
        "2009": {
            "cash": 4.5,
            "stock": 0.05,
            "eps": 6.82
        },
        "2010": {
            "cash": 5,
            "stock": 0,
            "eps": 7.69
        },
        "2011": {
            "cash": 10.399999999999999,
            "stock": 0,
            "eps": 6.15
        },
        "2012": {
            "cash": 0,
            "stock": 0,
            "eps": 7.34
        },
        "2013": {
            "cash": 5.6,
            "stock": 0,
            "eps": 7.82
        },
        "2014": {
            "cash": 6,
            "stock": 0,
            "eps": 11.84
        },
        "2015": {
            "cash": 10,
            "stock": 0,
            "eps": 10.51
        },
        "2016": {
            "cash": 9,
            "stock": 0,
            "eps": 8.23
        },
        "2017": {
            "cash": 7,
            "stock": 0,
            "eps": 8.25
        },
        "2018": {
            "cash": 7.1,
            "stock": 0,
            "eps": 10.5
        },
        "2019": {
            "cash": 8.8,
            "stock": 0,
            "eps": 13.03
        },
        "2020": {
            "cash": 10.5,
            "stock": 0,
            "eps": 19.42
        },
        "2021": {
            "cash": 15.6,
            "stock": 0,
            "eps": 63.88
        },
        "2022": {
            "cash": 51.5,
            "stock": 0,
            "eps": 45.96
        },
        "2023": {
            "cash": 74,
            "stock": 0,
            "eps": 29.56
        }
    },
    "dividends": {
        "1999-06-10": {
            "cash": 0,
            "stock": 4
        },
        "2000-06-28": {
            "cash": 0,
            "stock": 5
        },
        "2001-04-12": {
            "cash": 0,
            "stock": 5
        },
        "2002-06-17": {
            "cash": 1,
            "stock": 2
        },
        "2003-04-23": {
            "cash": 1.5,
            "stock": 1.5
        },
        "2004-04-15": {
            "cash": 2.8,
            "stock": 1.4
        },
        "2005-04-28": {
            "cash": 5.4,
            "stock": 1.35
        },
        "2006-04-28": {
            "cash": 7.99,
            "stock": 1.1
        },
        "2007-04-23": {
            "cash": 8,
            "stock": 0.2
        },
        "2008-04-23": {
            "cash": 8.56,
            "stock": 0.1
        },
        "2009-04-27": {
            "cash": 4.5,
            "stock": 0.05
        },
        "2010-03-24": {
            "cash": 5,
            "stock": 0
        },
        "2011-01-01": {
            "cash": 4.6,
            "stock": 0
        },
        "2011-03-11": {
            "cash": 5.8,
            "stock": 0
        },
        "2013-03-18": {
            "cash": 5.6,
            "stock": 0
        },
        "2014-09-18": {
            "cash": 6,
            "stock": 0
        },
        "2015-08-14": {
            "cash": 10,
            "stock": 0
        },
        "2016-08-12": {
            "cash": 9,
            "stock": 0
        },
        "2017-08-11": {
            "cash": 7,
            "stock": 0
        },
        "2018-08-15": {
            "cash": 7.1,
            "stock": 0
        },
        "2019-08-15": {
            "cash": 8.8,
            "stock": 0
        },
        "2020-08-14": {
            "cash": 10.5,
            "stock": 0
        },
        "2021-09-17": {
            "cash": 15.6,
            "stock": 0
        },
        "2022-08-12": {
            "cash": 51.5,
            "stock": 0
        },
        "2023-03-31": {
            "cash": 37,
            "stock": 0
        },
        "2023-08-11": {
            "cash": 37,
            "stock": 0
        }
    },
    "prices": {
        "200101": "無",
        "200102": "無",
        "200103": "無",
        "200104": "無",
        "200105": "無",
        "200106": "無",
        "200107": "無",
        "200108": "無",
        "200109": "無",
        "200110": "無",
        "200111": "無",
        "200112": "無",
        "200201": "無",
        "200202": "無",
        "200203": "無",
        "200204": "無",
        "200205": "無",
        "200206": "無",
        "200207": "無",
        "200208": "73.50",
        "200209": "70.18",
        "200210": "68.68",
        "200211": "76.12",
        "200212": "69.34",
        "200301": "61.66",
        "200302": "59.00",
        "200303": "63.50",
        "200304": "67.64",
        "200305": "67.83",
        "200306": "77.78",
        "200307": "89.35",
        "200308": "96.40",
        "200309": "99.71",
        "200310": "112.30",
        "200311": "106.30",
        "200312": "98.30",
        "200401": "110.33",
        "200402": "128.22",
        "200403": "133.85",
        "200404": "142.32",
        "200405": "131.48",
        "200406": "113.55",
        "200407": "92.02",
        "200408": "87.82",
        "200409": "88.74",
        "200410": "84.68",
        "200411": "92.14",
        "200412": "101.72",
        "200501": "105.69",
        "200502": "124.96",
        "200503": "134.72",
        "200504": "140.90",
        "200505": "146.88",
        "200506": "139.50",
        "200507": "139.75",
        "200508": "144.23",
        "200509": "140.10",
        "200510": "139.98",
        "200511": "156.57",
        "200512": "179.77",
        "200601": "199.94",
        "200602": "210.03",
        "200603": "227.43",
        "200604": "210.63",
        "200605": "187.71",
        "200606": "159.89",
        "200607": "160.07",
        "200608": "165.70",
        "200609": "162.69",
        "200610": "159.55",
        "200611": "149.59",
        "200612": "143.10",
        "200701": "161.64",
        "200702": "162.29",
        "200703": "147.80",
        "200704": "156.05",
        "200705": "165.48",
        "200706": "178.28",
        "200707": "167.95",
        "200708": "138.26",
        "200709": "136.47",
        "200710": "146.95",
        "200711": "136.82",
        "200712": "123.02",
        "200801": "112.11",
        "200802": "106.68",
        "200803": "109.83",
        "200804": "115.60",
        "200805": "116.79",
        "200806": "103.26",
        "200807": "77.10",
        "200808": "66.54",
        "200809": "55.64",
        "200810": "41.22",
        "200811": "29.81",
        "200812": "29.63",
        "200901": "34.43",
        "200902": "39.53",
        "200903": "48.18",
        "200904": "62.41",
        "200905": "81.23",
        "200906": "75.76",
        "200907": "87.45",
        "200908": "82.36",
        "200909": "78.37",
        "200910": "76.64",
        "200911": "80.67",
        "200912": "99.49",
        "201001": "100.67",
        "201002": "92.71",
        "201003": "98.73",
        "201004": "106.17",
        "201005": "95.11",
        "201006": "89.14",
        "201007": "90.35",
        "201008": "82.61",
        "201009": "83.36",
        "201010": "88.55",
        "201011": "90.05",
        "201012": "96.93",
        "201101": "95.95",
        "201102": "90.90",
        "201103": "88.33",
        "201104": "86.74",
        "201105": "91.27",
        "201106": "94.43",
        "201107": "87.05",
        "201108": "69.77",
        "201109": "72.86",
        "201110": "73.34",
        "201111": "76.43",
        "201112": "74.21",
        "201201": "81.29",
        "201202": "88.80",
        "201203": "90.56",
        "201204": "88.34",
        "201205": "88.39",
        "201206": "88.55",
        "201207": "86.67",
        "201208": "92.19",
        "201209": "102.17",
        "201210": "105.98",
        "201211": "112.66",
        "201212": "118.45",
        "201301": "115.61",
        "201302": "121.69",
        "201303": "129.21",
        "201304": "137.05",
        "201305": "147.70",
        "201306": "139.47",
        "201307": "132.46",
        "201308": "118.48",
        "201309": "125.50",
        "201310": "115.61",
        "201311": "112.48",
        "201312": "120.09",
        "201401": "125.33",
        "201402": "131.76",
        "201403": "139.67",
        "201404": "142.55",
        "201405": "147.38",
        "201406": "145.88",
        "201407": "150.73",
        "201408": "153.76",
        "201409": "151.33",
        "201410": "151.45",
        "201411": "167.58",
        "201412": "171.50",
        "201501": "182.58",
        "201502": "171.58",
        "201503": "168.95",
        "201504": "157.48",
        "201505": "158.18",
        "201506": "153.69",
        "201507": "131.05",
        "201508": "109.81",
        "201509": "113.18",
        "201510": "114.14",
        "201511": "119.93",
        "201512": "131.87",
        "201601": "122.05",
        "201602": "135.08",
        "201603": "130.80",
        "201604": "115.61",
        "201605": "107.40",
        "201606": "111.48",
        "201607": "115.18",
        "201608": "109.50",
        "201609": "110.47",
        "201610": "117.20",
        "201611": "108.64",
        "201612": "106.32",
        "201701": "109.81",
        "201702": "116.39",
        "201703": "116.15",
        "201704": "114.56",
        "201705": "119.70",
        "201706": "122.63",
        "201707": "120.40",
        "201708": "111.67",
        "201709": "114.86",
        "201710": "114.00",
        "201711": "116.27",
        "201712": "113.76",
        "201801": "120.91",
        "201802": "125.27",
        "201803": "133.04",
        "201804": "127.22",
        "201805": "133.23",
        "201806": "140.90",
        "201807": "140.48",
        "201808": "150.20",
        "201809": "149.79",
        "201810": "135.52",
        "201811": "130.48",
        "201812": "139.17",
        "201901": "147.60",
        "201902": "169.92",
        "201903": "182.42",
        "201904": "198.28",
        "201905": "188.48",
        "201906": "165.13",
        "201907": "174.33",
        "201908": "168.55",
        "201909": "186.26",
        "201910": "190.48",
        "201911": "217.74",
        "201912": "223.64",
        "202001": "223.73",
        "202002": "211.68",
        "202003": "179.23",
        "202004": "182.10",
        "202005": "201.15",
        "202006": "217.58",
        "202007": "269.33",
        "202008": "275.86",
        "202009": "251.20",
        "202010": "277.18",
        "202011": "288.95",
        "202012": "325.43",
        "202101": "395.38",
        "202102": "484.46",
        "202103": "515.20",
        "202104": "604.05",
        "202105": "510.67",
        "202106": "502.21",
        "202107": "497.57",
        "202108": "501.52",
        "202109": "433.60",
        "202110": "395.72",
        "202111": "458.66",
        "202112": "519.16",
        "202201": "504.53",
        "202202": "456.57",
        "202203": "451.96",
        "202204": "397.61",
        "202205": "394.62",
        "202206": "361.00",
        "202207": "266.76",
        "202208": "259.63",
        "202209": "244.76",
        "202210": "238.75",
        "202211": "284.00",
        "202212": "304.39",
        "202301": "345.88",
        "202302": "388.56",
        "202303": "424.48",
        "202304": "439.91",
        "202305": "415.84",
        "202306": "449.98",
        "202307": "415.17",
        "202308": "399.36",
        "202309": "432.20",
        "202310": "435.38",
        "202311": "492.05",
        "202312": "510.60"
    },
    "quarters": {
        "20011": {
            "year_quarter": 20011,
            "year": 2001,
            "quarter": 1,
            "eps": 1.1,
            "eps_growth_year": -25.17,
            "eps_4q": 7.34,
            "eps_4q_growth_year": null,
            "roe": 5.51,
            "roe_4q": 5.51,
            "gross_profit": 233625,
            "gross_margin": 28.5,
            "gross_margin_4q_avg": 28.5,
            "net_income": 166289,
            "net_income_4q": null,
            "revenue": 819671,
            "revenue_4q": null,
            "common_shares": 1511421,
            "book_valuer_per_share": 20.54,
            "book_valuer_per_share_4q_avg": 20.54,
            "equity": 3104903,
            "current_ratio": 817.42,
            "debt_ratio": 11.09,
            "inventory_turnover_ratio": 1.1,
            "account_receivable_turnover_ratio": null,
            "reinvestment_rate": null,
            "research_to_sale_ratio": null,
            "price_fair": 0,
            "eps_avg_yearly": 0,
            "eps_latest_yearly": 0,
            "eps_growth_yearly": 0
        },
        "20012": {
            "year_quarter": 20012,
            "year": 2001,
            "quarter": 2,
            "eps": 1.26,
            "eps_growth_year": -3.82,
            "eps_4q": 5.14,
            "eps_4q_growth_year": null,
            "roe": 9.12,
            "roe_4q": 14.629999999999999,
            "gross_profit": 294593,
            "gross_margin": 25.5,
            "gross_margin_4q_avg": 27,
            "net_income": 296123,
            "net_income_4q": null,
            "revenue": 1155253,
            "revenue_4q": null,
            "common_shares": 2351100,
            "book_valuer_per_share": 14.41,
            "book_valuer_per_share_4q_avg": 17.48,
            "equity": 3386949,
            "current_ratio": 785.03,
            "debt_ratio": 11.57,
            "inventory_turnover_ratio": 1.79,
            "account_receivable_turnover_ratio": null,
            "reinvestment_rate": null,
            "research_to_sale_ratio": null,
            "price_fair": 0,
            "eps_avg_yearly": 0,
            "eps_latest_yearly": 0,
            "eps_growth_yearly": 0
        },
        "20013": {
            "year_quarter": 20013,
            "year": 2001,
            "quarter": 3,
            "eps": 0.83,
            "eps_growth_year": -65.56,
            "eps_4q": 4.43,
            "eps_4q_growth_year": null,
            "roe": 5.58,
            "roe_4q": 20.21,
            "gross_profit": 288853,
            "gross_margin": 29.75,
            "gross_margin_4q_avg": 27.92,
            "net_income": 194460,
            "net_income_4q": null,
            "revenue": 971041,
            "revenue_4q": null,
            "common_shares": 2351100,
            "book_valuer_per_share": 15.23,
            "book_valuer_per_share_4q_avg": 16.73,
            "equity": 3580883,
            "current_ratio": 666.66,
            "debt_ratio": 13.7,
            "inventory_turnover_ratio": 1.66,
            "account_receivable_turnover_ratio": null,
            "reinvestment_rate": null,
            "research_to_sale_ratio": null,
            "price_fair": 0,
            "eps_avg_yearly": 0,
            "eps_latest_yearly": 0,
            "eps_growth_yearly": 0
        },
        "20014": {
            "year_quarter": 20014,
            "year": 2001,
            "quarter": 4,
            "eps": 0.99,
            "eps_growth_year": -60.71,
            "eps_4q": 3.78,
            "eps_4q_growth_year": -47.41,
            "roe": 6.31,
            "roe_4q": 26.519999999999996,
            "gross_profit": 378793,
            "gross_margin": 30.13,
            "gross_margin_4q_avg": 28.47,
            "net_income": 233500,
            "net_income_4q": null,
            "revenue": 1257070,
            "revenue_4q": null,
            "common_shares": 2351100,
            "book_valuer_per_share": 16.23,
            "book_valuer_per_share_4q_avg": 16.6,
            "equity": 3815544,
            "current_ratio": 627.87,
            "debt_ratio": 14.47,
            "inventory_turnover_ratio": 2.17,
            "account_receivable_turnover_ratio": null,
            "reinvestment_rate": null,
            "research_to_sale_ratio": null,
            "price_fair": 0,
            "eps_avg_yearly": 0,
            "eps_latest_yearly": 0,
            "eps_growth_yearly": 0
        },
        "20021": {
            "year_quarter": 20021,
            "year": 2002,
            "quarter": 1,
            "eps": 1.02,
            "eps_growth_year": -7.27,
            "eps_4q": 4.11,
            "eps_4q_growth_year": -43.99,
            "roe": 6.07,
            "roe_4q": 27.08,
            "gross_profit": 380657,
            "gross_margin": 27.77,
            "gross_margin_4q_avg": 28.29,
            "net_income": 239042,
            "net_income_4q": null,
            "revenue": 1370623,
            "revenue_4q": null,
            "common_shares": 2351100,
            "book_valuer_per_share": 17.25,
            "book_valuer_per_share_4q_avg": 15.78,
            "equity": 4055041,
            "current_ratio": 456.18,
            "debt_ratio": 19.16,
            "inventory_turnover_ratio": 2.15,
            "account_receivable_turnover_ratio": null,
            "reinvestment_rate": null,
            "research_to_sale_ratio": null,
            "price_fair": 90.25,
            "eps_avg_yearly": 4.08,
            "eps_latest_yearly": 4.08,
            "eps_growth_yearly": 12.12
        },
        "20022": {
            "year_quarter": 20022,
            "year": 2002,
            "quarter": 2,
            "eps": 1.17,
            "eps_growth_year": -7.14,
            "eps_4q": 4,
            "eps_4q_growth_year": -22.06,
            "roe": 6.79,
            "roe_4q": 24.75,
            "gross_profit": 465850,
            "gross_margin": 26.27,
            "gross_margin_4q_avg": 28.48,
            "net_income": 275284,
            "net_income_4q": null,
            "revenue": 1773482,
            "revenue_4q": null,
            "common_shares": 2351100,
            "book_valuer_per_share": 17.23,
            "book_valuer_per_share_4q_avg": 16.49,
            "equity": 4051843,
            "current_ratio": 361.38,
            "debt_ratio": 24.41,
            "inventory_turnover_ratio": 2.14,
            "account_receivable_turnover_ratio": null,
            "reinvestment_rate": null,
            "research_to_sale_ratio": null,
            "price_fair": 153.3,
            "eps_avg_yearly": 4.38,
            "eps_latest_yearly": 4.68,
            "eps_growth_yearly": 35.47
        },
        "20023": {
            "year_quarter": 20023,
            "year": 2002,
            "quarter": 3,
            "eps": 0.88,
            "eps_growth_year": 6.02,
            "eps_4q": 3.48,
            "eps_4q_growth_year": -21.49,
            "roe": 6.06,
            "roe_4q": 25.23,
            "gross_profit": 395637,
            "gross_margin": 25.41,
            "gross_margin_4q_avg": 27.4,
            "net_income": 253243,
            "net_income_4q": null,
            "revenue": 1557113,
            "revenue_4q": null,
            "common_shares": 2888495,
            "book_valuer_per_share": 14.92,
            "book_valuer_per_share_4q_avg": 16.41,
            "equity": 4308991,
            "current_ratio": 546.27,
            "debt_ratio": 15.97,
            "inventory_turnover_ratio": 1.65,
            "account_receivable_turnover_ratio": null,
            "reinvestment_rate": null,
            "research_to_sale_ratio": null,
            "price_fair": 12.28,
            "eps_avg_yearly": 4.09,
            "eps_latest_yearly": 3.52,
            "eps_growth_yearly": -9.4
        },
        "20024": {
            "year_quarter": 20024,
            "year": 2002,
            "quarter": 4,
            "eps": 1.09,
            "eps_growth_year": 10.1,
            "eps_4q": 3.74,
            "eps_4q_growth_year": -0.93,
            "roe": 7.07,
            "roe_4q": 25.99,
            "gross_profit": 512990,
            "gross_margin": 25.79,
            "gross_margin_4q_avg": 26.31,
            "net_income": 315705,
            "net_income_4q": null,
            "revenue": 1989220,
            "revenue_4q": null,
            "common_shares": 2888495,
            "book_valuer_per_share": 16.02,
            "book_valuer_per_share_4q_avg": 16.36,
            "equity": 4626302,
            "current_ratio": 451.06,
            "debt_ratio": 18.54,
            "inventory_turnover_ratio": 2.24,
            "account_receivable_turnover_ratio": null,
            "reinvestment_rate": null,
            "research_to_sale_ratio": null,
            "price_fair": 111.54,
            "eps_avg_yearly": 4.16,
            "eps_latest_yearly": 4.36,
            "eps_growth_yearly": 16.81
        },
        "20031": {
            "year_quarter": 20031,
            "year": 2003,
            "quarter": 1,
            "eps": 1.15,
            "eps_growth_year": 12.75,
            "eps_4q": 4.08,
            "eps_4q_growth_year": -0.81,
            "roe": 6.92,
            "roe_4q": 26.84,
            "gross_profit": 541583,
            "gross_margin": 26.11,
            "gross_margin_4q_avg": 25.9,
            "net_income": 331772,
            "net_income_4q": null,
            "revenue": 2073896,
            "revenue_4q": null,
            "common_shares": 2888495,
            "book_valuer_per_share": 17.16,
            "book_valuer_per_share_4q_avg": 16.33,
            "equity": 4958075,
            "current_ratio": 441.41,
            "debt_ratio": 17.61,
            "inventory_turnover_ratio": 2.54,
            "account_receivable_turnover_ratio": null,
            "reinvestment_rate": null,
            "research_to_sale_ratio": null,
            "price_fair": 118.33,
            "eps_avg_yearly": 4.25,
            "eps_latest_yearly": 4.6,
            "eps_growth_yearly": 17.85
        },
        "20032": {
            "year_quarter": 20032,
            "year": 2003,
            "quarter": 2,
            "eps": 1.73,
            "eps_growth_year": 47.86,
            "eps_4q": 4.85,
            "eps_4q_growth_year": 21.22,
            "roe": 10.06,
            "roe_4q": 30.11,
            "gross_profit": 760099,
            "gross_margin": 28.54,
            "gross_margin_4q_avg": 26.46,
            "net_income": 498658,
            "net_income_4q": null,
            "revenue": 2663583,
            "revenue_4q": null,
            "common_shares": 2888495,
            "book_valuer_per_share": 17.14,
            "book_valuer_per_share_4q_avg": 16.31,
            "equity": 4951561,
            "current_ratio": 270.46,
            "debt_ratio": 29.65,
            "inventory_turnover_ratio": 2.79,
            "account_receivable_turnover_ratio": null,
            "reinvestment_rate": null,
            "research_to_sale_ratio": null,
            "price_fair": 164.27,
            "eps_avg_yearly": 4.69,
            "eps_latest_yearly": 6.92,
            "eps_growth_yearly": 48.5
        },
        "20033": {
            "year_quarter": 20033,
            "year": 2003,
            "quarter": 3,
            "eps": 1.75,
            "eps_growth_year": 98.86,
            "eps_4q": 5.13,
            "eps_4q_growth_year": 47.47,
            "roe": 11.31,
            "roe_4q": 35.36,
            "gross_profit": 861123,
            "gross_margin": 29.85,
            "gross_margin_4q_avg": 27.57,
            "net_income": 593439,
            "net_income_4q": null,
            "revenue": 2885139,
            "revenue_4q": null,
            "common_shares": 3383665,
            "book_valuer_per_share": 16.39,
            "book_valuer_per_share_4q_avg": 16.68,
            "equity": 5544515,
            "current_ratio": 384.4,
            "debt_ratio": 20.84,
            "inventory_turnover_ratio": 2.94,
            "account_receivable_turnover_ratio": null,
            "reinvestment_rate": null,
            "research_to_sale_ratio": null,
            "price_fair": 175.8,
            "eps_avg_yearly": 5.02,
            "eps_latest_yearly": 7,
            "eps_growth_yearly": 42.23
        },
        "20034": {
            "year_quarter": 20034,
            "year": 2003,
            "quarter": 4,
            "eps": 2.07,
            "eps_growth_year": 89.91,
            "eps_4q": 6.27,
            "eps_4q_growth_year": 67.64,
            "roe": 11.9,
            "roe_4q": 40.190000000000005,
            "gross_profit": 1060006,
            "gross_margin": 32.29,
            "gross_margin_4q_avg": 29.2,
            "net_income": 701799,
            "net_income_4q": null,
            "revenue": 3282548,
            "revenue_4q": null,
            "common_shares": 3383665,
            "book_valuer_per_share": 18.46,
            "book_valuer_per_share_4q_avg": 17.29,
            "equity": 6246766,
            "current_ratio": 282.71,
            "debt_ratio": 29.76,
            "inventory_turnover_ratio": 3.07,
            "account_receivable_turnover_ratio": null,
            "reinvestment_rate": 8.44,
            "research_to_sale_ratio": null,
            "price_fair": 190.05,
            "eps_avg_yearly": 5.43,
            "eps_latest_yearly": 8.28,
            "eps_growth_yearly": 46.1
        },
        "20041": {
            "year_quarter": 20041,
            "year": 2004,
            "quarter": 1,
            "eps": 2.27,
            "eps_growth_year": 97.39,
            "eps_4q": 7.58,
            "eps_4q_growth_year": 85.98,
            "roe": 11.48,
            "roe_4q": 44.75000000000001,
            "gross_profit": 1116462,
            "gross_margin": 29.14,
            "gross_margin_4q_avg": 29.96,
            "net_income": 766695,
            "net_income_4q": null,
            "revenue": 3831287,
            "revenue_4q": null,
            "common_shares": 3383665,
            "book_valuer_per_share": 21.02,
            "book_valuer_per_share_4q_avg": 18.25,
            "equity": 7113592,
            "current_ratio": 247.96,
            "debt_ratio": 34.95,
            "inventory_turnover_ratio": 2.27,
            "account_receivable_turnover_ratio": null,
            "reinvestment_rate": 7.51,
            "research_to_sale_ratio": null,
            "price_fair": 204.24,
            "eps_avg_yearly": 5.84,
            "eps_latest_yearly": 9.08,
            "eps_growth_yearly": 45.27
        },
        "20042": {
            "year_quarter": 20042,
            "year": 2004,
            "quarter": 2,
            "eps": 3.08,
            "eps_growth_year": 78.03,
            "eps_4q": 9.14,
            "eps_4q_growth_year": 88.27,
            "roe": 14.8,
            "roe_4q": 49.49,
            "gross_profit": 1438158,
            "gross_margin": 29.74,
            "gross_margin_4q_avg": 30.26,
            "net_income": 1047961,
            "net_income_4q": null,
            "revenue": 4836532,
            "revenue_4q": null,
            "common_shares": 3428665,
            "book_valuer_per_share": 20.55,
            "book_valuer_per_share_4q_avg": 19.11,
            "equity": 7046151,
            "current_ratio": 203.15,
            "debt_ratio": 43.38,
            "inventory_turnover_ratio": 2.28,
            "account_receivable_turnover_ratio": null,
            "reinvestment_rate": 6.06,
            "research_to_sale_ratio": null,
            "price_fair": 226.94,
            "eps_avg_yearly": 6.48,
            "eps_latest_yearly": 12.32,
            "eps_growth_yearly": 55.02
        },
        "20043": {
            "year_quarter": 20043,
            "year": 2004,
            "quarter": 3,
            "eps": 2.56,
            "eps_growth_year": 46.29,
            "eps_4q": 8.92,
            "eps_4q_growth_year": 73.92,
            "roe": 13.41,
            "roe_4q": 51.589999999999996,
            "gross_profit": 1356417,
            "gross_margin": 30.44,
            "gross_margin_4q_avg": 30.4,
            "net_income": 1012625,
            "net_income_4q": null,
            "revenue": 4456455,
            "revenue_4q": null,
            "common_shares": 3977252,
            "book_valuer_per_share": 20.26,
            "book_valuer_per_share_4q_avg": 20.07,
            "equity": 8059000,
            "current_ratio": 268.33,
            "debt_ratio": 32.94,
            "inventory_turnover_ratio": 2.12,
            "account_receivable_turnover_ratio": null,
            "reinvestment_rate": 5.1,
            "research_to_sale_ratio": null,
            "price_fair": 238.89,
            "eps_avg_yearly": 6.83,
            "eps_latest_yearly": 10.24,
            "eps_growth_yearly": 43.87
        },
        "20044": {
            "year_quarter": 20044,
            "year": 2004,
            "quarter": 4,
            "eps": 1.87,
            "eps_growth_year": -9.66,
            "eps_4q": 9,
            "eps_4q_growth_year": 43.54,
            "roe": 8.79,
            "roe_4q": 48.480000000000004,
            "gross_profit": 1172824,
            "gross_margin": 26.78,
            "gross_margin_4q_avg": 29.03,
            "net_income": 741553,
            "net_income_4q": null,
            "revenue": 4378890,
            "revenue_4q": null,
            "common_shares": 3977252,
            "book_valuer_per_share": 22.17,
            "book_valuer_per_share_4q_avg": 21,
            "equity": 8816987,
            "current_ratio": 263.81,
            "debt_ratio": 33.52,
            "inventory_turnover_ratio": 2.26,
            "account_receivable_turnover_ratio": null,
            "reinvestment_rate": 4.73,
            "research_to_sale_ratio": null,
            "price_fair": 240.8,
            "eps_avg_yearly": 6.88,
            "eps_latest_yearly": 7.48,
            "eps_growth_yearly": 31.23
        },
        "20051": {
            "year_quarter": 20051,
            "year": 2005,
            "quarter": 1,
            "eps": 2.55,
            "eps_growth_year": 12.33,
            "eps_4q": 9.57,
            "eps_4q_growth_year": 26.23,
            "roe": 10.91,
            "roe_4q": 47.91,
            "gross_profit": 1446327,
            "gross_margin": 28.38,
            "gross_margin_4q_avg": 28.84,
            "net_income": 1017854,
            "net_income_4q": null,
            "revenue": 5095799,
            "revenue_4q": null,
            "common_shares": 3985794,
            "book_valuer_per_share": 24.71,
            "book_valuer_per_share_4q_avg": 21.92,
            "equity": 9847284,
            "current_ratio": 255.76,
            "debt_ratio": 35.72,
            "inventory_turnover_ratio": 2.45,
            "account_receivable_turnover_ratio": null,
            "reinvestment_rate": 4.35,
            "research_to_sale_ratio": null,
            "price_fair": 249.74,
            "eps_avg_yearly": 7.14,
            "eps_latest_yearly": 10.2,
            "eps_growth_yearly": 40.02
        },
        "20052": {
            "year_quarter": 20052,
            "year": 2005,
            "quarter": 2,
            "eps": 3.15,
            "eps_growth_year": 2.27,
            "eps_4q": 10.1,
            "eps_4q_growth_year": 10.52,
            "roe": 13.61,
            "roe_4q": 46.72,
            "gross_profit": 1813396,
            "gross_margin": 29.5,
            "gross_margin_4q_avg": 28.78,
            "net_income": 1256108,
            "net_income_4q": null,
            "revenue": 6146625,
            "revenue_4q": null,
            "common_shares": 3990624,
            "book_valuer_per_share": 21.58,
            "book_valuer_per_share_4q_avg": 22.18,
            "equity": 8610913,
            "current_ratio": 183.09,
            "debt_ratio": 50.46,
            "inventory_turnover_ratio": 2.58,
            "account_receivable_turnover_ratio": null,
            "reinvestment_rate": 3.96,
            "research_to_sale_ratio": null,
            "price_fair": 263.4,
            "eps_avg_yearly": 7.53,
            "eps_latest_yearly": 12.6,
            "eps_growth_yearly": 43.88
        },
        "20053": {
            "year_quarter": 20053,
            "year": 2005,
            "quarter": 3,
            "eps": 3.71,
            "eps_growth_year": 44.92,
            "eps_4q": 10.27,
            "eps_4q_growth_year": 15.06,
            "roe": 18.02,
            "roe_4q": 51.33,
            "gross_profit": 2084387,
            "gross_margin": 30.52,
            "gross_margin_4q_avg": 28.8,
            "net_income": 1706521,
            "net_income_4q": null,
            "revenue": 6830641,
            "revenue_4q": null,
            "common_shares": 4606735,
            "book_valuer_per_share": 22.43,
            "book_valuer_per_share_4q_avg": 22.72,
            "equity": 10331894,
            "current_ratio": 221.03,
            "debt_ratio": 41.87,
            "inventory_turnover_ratio": 2.45,
            "account_receivable_turnover_ratio": null,
            "reinvestment_rate": 3.5,
            "research_to_sale_ratio": null,
            "price_fair": 280.47,
            "eps_avg_yearly": 8.01,
            "eps_latest_yearly": 14.84,
            "eps_growth_yearly": 45.7
        },
        "20054": {
            "year_quarter": 20054,
            "year": 2005,
            "quarter": 4,
            "eps": 3.56,
            "eps_growth_year": 90.37,
            "eps_4q": 12.19,
            "eps_4q_growth_year": 35.48,
            "roe": 14.71,
            "roe_4q": 57.25,
            "gross_profit": 2402797,
            "gross_margin": 30.61,
            "gross_margin_4q_avg": 29.75,
            "net_income": 1641468,
            "net_income_4q": null,
            "revenue": 7850451,
            "revenue_4q": null,
            "common_shares": 4606735,
            "book_valuer_per_share": 26.02,
            "book_valuer_per_share_4q_avg": 23.69,
            "equity": 11985003,
            "current_ratio": 230.6,
            "debt_ratio": 40.62,
            "inventory_turnover_ratio": 2.17,
            "account_receivable_turnover_ratio": null,
            "reinvestment_rate": 2.6,
            "research_to_sale_ratio": null,
            "price_fair": 294.09,
            "eps_avg_yearly": 8.4,
            "eps_latest_yearly": 14.24,
            "eps_growth_yearly": 41.83
        },
        "20061": {
            "year_quarter": 20061,
            "year": 2006,
            "quarter": 1,
            "eps": 3.38,
            "eps_growth_year": 32.55,
            "eps_4q": 13.36,
            "eps_4q_growth_year": 39.58,
            "roe": 12.21,
            "roe_4q": 58.55,
            "gross_profit": 2201359,
            "gross_margin": 27.69,
            "gross_margin_4q_avg": 29.58,
            "net_income": 1559667,
            "net_income_4q": null,
            "revenue": 7949195,
            "revenue_4q": null,
            "common_shares": 4610329,
            "book_valuer_per_share": 29.44,
            "book_valuer_per_share_4q_avg": 24.87,
            "equity": 13570526,
            "current_ratio": 245.28,
            "debt_ratio": 35.91,
            "inventory_turnover_ratio": 1.94,
            "account_receivable_turnover_ratio": null,
            "reinvestment_rate": 2.21,
            "research_to_sale_ratio": null,
            "price_fair": 314.74,
            "eps_avg_yearly": 8.99,
            "eps_latest_yearly": 13.52,
            "eps_growth_yearly": 39.81
        },
        "20062": {
            "year_quarter": 20062,
            "year": 2006,
            "quarter": 2,
            "eps": 2.63,
            "eps_growth_year": -16.51,
            "eps_4q": 13.27,
            "eps_4q_growth_year": 31.33,
            "roe": 9.92,
            "roe_4q": 54.86,
            "gross_profit": 1783855,
            "gross_margin": 26.81,
            "gross_margin_4q_avg": 28.91,
            "net_income": 1213480,
            "net_income_4q": null,
            "revenue": 6653695,
            "revenue_4q": null,
            "common_shares": 4621438,
            "book_valuer_per_share": 23.55,
            "book_valuer_per_share_4q_avg": 25.36,
            "equity": 10883336,
            "current_ratio": 173.68,
            "debt_ratio": 49.55,
            "inventory_turnover_ratio": 1.69,
            "account_receivable_turnover_ratio": null,
            "reinvestment_rate": 1.86,
            "research_to_sale_ratio": null,
            "price_fair": 327.51,
            "eps_avg_yearly": 9.36,
            "eps_latest_yearly": 10.52,
            "eps_growth_yearly": 30.59
        },
        "20063": {
            "year_quarter": 20063,
            "year": 2006,
            "quarter": 3,
            "eps": 3.19,
            "eps_growth_year": -14.02,
            "eps_4q": 11.68,
            "eps_4q_growth_year": 13.81,
            "roe": 13.99,
            "roe_4q": 50.830000000000005,
            "gross_profit": 2136699,
            "gross_margin": 27.36,
            "gross_margin_4q_avg": 28.12,
            "net_income": 1658084,
            "net_income_4q": null,
            "revenue": 7808437,
            "revenue_4q": null,
            "common_shares": 5202327,
            "book_valuer_per_share": 24.63,
            "book_valuer_per_share_4q_avg": 25.91,
            "equity": 12813897,
            "current_ratio": 216.86,
            "debt_ratio": 39,
            "inventory_turnover_ratio": 2.01,
            "account_receivable_turnover_ratio": null,
            "reinvestment_rate": 1.33,
            "research_to_sale_ratio": null,
            "price_fair": 347.73,
            "eps_avg_yearly": 9.94,
            "eps_latest_yearly": 12.76,
            "eps_growth_yearly": 42.11
        },
        "20064": {
            "year_quarter": 20064,
            "year": 2006,
            "quarter": 4,
            "eps": 3.55,
            "eps_growth_year": -0.28,
            "eps_4q": 12.07,
            "eps_4q_growth_year": -0.97,
            "roe": 13.19,
            "roe_4q": 49.31,
            "gross_profit": 2387460,
            "gross_margin": 26.48,
            "gross_margin_4q_avg": 27.09,
            "net_income": 1845421,
            "net_income_4q": null,
            "revenue": 9016998,
            "revenue_4q": null,
            "common_shares": 5204498,
            "book_valuer_per_share": 29.15,
            "book_valuer_per_share_4q_avg": 26.69,
            "equity": 15170493,
            "current_ratio": 222.44,
            "debt_ratio": 37.19,
            "inventory_turnover_ratio": 2.18,
            "account_receivable_turnover_ratio": null,
            "reinvestment_rate": 3.49,
            "research_to_sale_ratio": null,
            "price_fair": 369.25,
            "eps_avg_yearly": 10.55,
            "eps_latest_yearly": 14.2,
            "eps_growth_yearly": 38.96
        },
        "20071": {
            "year_quarter": 20071,
            "year": 2007,
            "quarter": 1,
            "eps": 3.23,
            "eps_growth_year": -4.44,
            "eps_4q": 12.29,
            "eps_4q_growth_year": -8.01,
            "roe": 10.62,
            "roe_4q": 47.72,
            "gross_profit": 2009840,
            "gross_margin": 26.38,
            "gross_margin_4q_avg": 26.76,
            "net_income": 1682206,
            "net_income_4q": null,
            "revenue": 7620161,
            "revenue_4q": null,
            "common_shares": 5204498,
            "book_valuer_per_share": 31.75,
            "book_valuer_per_share_4q_avg": 27.27,
            "equity": 16523946,
            "current_ratio": 260.27,
            "debt_ratio": 32.15,
            "inventory_turnover_ratio": 1.82,
            "account_receivable_turnover_ratio": null,
            "reinvestment_rate": 2.94,
            "research_to_sale_ratio": null,
            "price_fair": 387.45,
            "eps_avg_yearly": 11.07,
            "eps_latest_yearly": 12.92,
            "eps_growth_yearly": 35.33
        },
        "20072": {
            "year_quarter": 20072,
            "year": 2007,
            "quarter": 2,
            "eps": 3.49,
            "eps_growth_year": 32.7,
            "eps_4q": 13.43,
            "eps_4q_growth_year": 1.24,
            "roe": 12.01,
            "roe_4q": 49.81,
            "gross_profit": 2514349,
            "gross_margin": 27.87,
            "gross_margin_4q_avg": 27.02,
            "net_income": 1820484,
            "net_income_4q": null,
            "revenue": 9020905,
            "revenue_4q": null,
            "common_shares": 5211802,
            "book_valuer_per_share": 26.44,
            "book_valuer_per_share_4q_avg": 27.99,
            "equity": 13781077,
            "current_ratio": 169.56,
            "debt_ratio": 49.28,
            "inventory_turnover_ratio": 2.41,
            "account_receivable_turnover_ratio": null,
            "reinvestment_rate": 4.14,
            "research_to_sale_ratio": null,
            "price_fair": 399.82,
            "eps_avg_yearly": 11.51,
            "eps_latest_yearly": 13.96,
            "eps_growth_yearly": 24.74
        },
        "20073": {
            "year_quarter": 20073,
            "year": 2007,
            "quarter": 3,
            "eps": 3.97,
            "eps_growth_year": 24.45,
            "eps_4q": 13.85,
            "eps_4q_growth_year": 18.53,
            "roe": 14.64,
            "roe_4q": 50.459999999999994,
            "gross_profit": 2915020,
            "gross_margin": 28.96,
            "gross_margin_4q_avg": 27.42,
            "net_income": 2149357,
            "net_income_4q": null,
            "revenue": 10064974,
            "revenue_4q": null,
            "common_shares": 5414567,
            "book_valuer_per_share": 28.78,
            "book_valuer_per_share_4q_avg": 29.03,
            "equity": 15580779,
            "current_ratio": 206.94,
            "debt_ratio": 40.68,
            "inventory_turnover_ratio": 2.7,
            "account_receivable_turnover_ratio": null,
            "reinvestment_rate": 3.88,
            "research_to_sale_ratio": null,
            "price_fair": 422.28,
            "eps_avg_yearly": 12.07,
            "eps_latest_yearly": 15.88,
            "eps_growth_yearly": 27.89
        },
        "20074": {
            "year_quarter": 20074,
            "year": 2007,
            "quarter": 4,
            "eps": 3.57,
            "eps_growth_year": 0.56,
            "eps_4q": 14.01,
            "eps_4q_growth_year": 16.03,
            "roe": 11.7,
            "roe_4q": 48.97,
            "gross_profit": 2731062,
            "gross_margin": 29.02,
            "gross_margin_4q_avg": 28.06,
            "net_income": 1932745,
            "net_income_4q": null,
            "revenue": 9411457,
            "revenue_4q": null,
            "common_shares": 5415072,
            "book_valuer_per_share": 32.22,
            "book_valuer_per_share_4q_avg": 29.8,
            "equity": 17448662,
            "current_ratio": 245.05,
            "debt_ratio": 34.95,
            "inventory_turnover_ratio": 2.6,
            "account_receivable_turnover_ratio": null,
            "reinvestment_rate": 3.56,
            "research_to_sale_ratio": null,
            "price_fair": 383.1,
            "eps_avg_yearly": 12.44,
            "eps_latest_yearly": 14.28,
            "eps_growth_yearly": 20.8
        },
        "20081": {
            "year_quarter": 20081,
            "year": 2008,
            "quarter": 1,
            "eps": 1.83,
            "eps_growth_year": -43.34,
            "eps_4q": 12.74,
            "eps_4q_growth_year": 3.65,
            "roe": 5.53,
            "roe_4q": 43.88,
            "gross_profit": 2288381,
            "gross_margin": 30.48,
            "gross_margin_4q_avg": 29.08,
            "net_income": 990521,
            "net_income_4q": null,
            "revenue": 7506676,
            "revenue_4q": null,
            "common_shares": 5415072,
            "book_valuer_per_share": 33.97,
            "book_valuer_per_share_4q_avg": 30.35,
            "equity": 18394303,
            "current_ratio": 236.9,
            "debt_ratio": 36.53,
            "inventory_turnover_ratio": 2.28,
            "account_receivable_turnover_ratio": null,
            "reinvestment_rate": 3.46,
            "research_to_sale_ratio": null,
            "price_fair": 199.69,
            "eps_avg_yearly": 12.33,
            "eps_latest_yearly": 7.32,
            "eps_growth_yearly": 6.2
        },
        "20082": {
            "year_quarter": 20082,
            "year": 2008,
            "quarter": 2,
            "eps": 2.1,
            "eps_growth_year": -39.83,
            "eps_4q": 11.45,
            "eps_4q_growth_year": -14.78,
            "roe": 6.42,
            "roe_4q": 38.29,
            "gross_profit": 2060669,
            "gross_margin": 28.49,
            "gross_margin_4q_avg": 29.24,
            "net_income": 1139716,
            "net_income_4q": null,
            "revenue": 7232845,
            "revenue_4q": null,
            "common_shares": 5693543,
            "book_valuer_per_share": 30.06,
            "book_valuer_per_share_4q_avg": 31.26,
            "equity": 17116549,
            "current_ratio": 154.99,
            "debt_ratio": 51.66,
            "inventory_turnover_ratio": 2.12,
            "account_receivable_turnover_ratio": null,
            "reinvestment_rate": 5.13,
            "research_to_sale_ratio": null,
            "price_fair": 120.85,
            "eps_avg_yearly": 12.09,
            "eps_latest_yearly": 8.4,
            "eps_growth_yearly": 0.96
        },
        "20083": {
            "year_quarter": 20083,
            "year": 2008,
            "quarter": 3,
            "eps": 1.93,
            "eps_growth_year": -51.39,
            "eps_4q": 9.12,
            "eps_4q_growth_year": -34.17,
            "roe": 6.21,
            "roe_4q": 29.86,
            "gross_profit": 2001657,
            "gross_margin": 28.99,
            "gross_margin_4q_avg": 29.25,
            "net_income": 1091082,
            "net_income_4q": null,
            "revenue": 6904673,
            "revenue_4q": null,
            "common_shares": 5855737,
            "book_valuer_per_share": 30.81,
            "book_valuer_per_share_4q_avg": 31.77,
            "equity": 18039806,
            "current_ratio": 199.78,
            "debt_ratio": 38.39,
            "inventory_turnover_ratio": 1.8,
            "account_receivable_turnover_ratio": null,
            "reinvestment_rate": 4.98,
            "research_to_sale_ratio": null,
            "price_fair": 156.97,
            "eps_avg_yearly": 11.93,
            "eps_latest_yearly": 7.72,
            "eps_growth_yearly": 3.16
        },
        "20084": {
            "year_quarter": 20084,
            "year": 2008,
            "quarter": 4,
            "eps": 0.54,
            "eps_growth_year": -84.87,
            "eps_4q": 6.13,
            "eps_4q_growth_year": -56.25,
            "roe": 1.71,
            "roe_4q": 19.87,
            "gross_profit": 1299247,
            "gross_margin": 28.62,
            "gross_margin_4q_avg": 29.15,
            "net_income": 311199,
            "net_income_4q": null,
            "revenue": 4539137,
            "revenue_4q": null,
            "common_shares": 5855737,
            "book_valuer_per_share": 31.35,
            "book_valuer_per_share_4q_avg": 31.55,
            "equity": 18359563,
            "current_ratio": 256.25,
            "debt_ratio": 28.58,
            "inventory_turnover_ratio": 1.26,
            "account_receivable_turnover_ratio": 1.46,
            "reinvestment_rate": 5.12,
            "research_to_sale_ratio": null,
            "price_fair": 34.79,
            "eps_avg_yearly": 11.6,
            "eps_latest_yearly": 2.16,
            "eps_growth_yearly": -8.11
        },
        "20091": {
            "year_quarter": 20091,
            "year": 2009,
            "quarter": 1,
            "eps": 0.74,
            "eps_growth_year": -59.56,
            "eps_4q": 5.07,
            "eps_4q_growth_year": -60.23,
            "roe": 2.34,
            "roe_4q": 16.68,
            "gross_profit": 1189737,
            "gross_margin": 31.43,
            "gross_margin_4q_avg": 29.38,
            "net_income": 434926,
            "net_income_4q": null,
            "revenue": 3784841,
            "revenue_4q": null,
            "common_shares": 5855804,
            "book_valuer_per_share": 32.25,
            "book_valuer_per_share_4q_avg": 31.12,
            "equity": 18886550,
            "current_ratio": 303.81,
            "debt_ratio": 23.35,
            "inventory_turnover_ratio": 1.26,
            "account_receivable_turnover_ratio": 0.7,
            "reinvestment_rate": 5.21,
            "research_to_sale_ratio": null,
            "price_fair": 33.43,
            "eps_avg_yearly": 11.14,
            "eps_latest_yearly": 2.96,
            "eps_growth_yearly": -7.94
        },
        "20092": {
            "year_quarter": 20092,
            "year": 2009,
            "quarter": 2,
            "eps": 2.34,
            "eps_growth_year": 11.43,
            "eps_4q": 5.47,
            "eps_4q_growth_year": -52.24,
            "roe": 7.39,
            "roe_4q": 17.650000000000002,
            "gross_profit": 2292522,
            "gross_margin": 31.04,
            "gross_margin_4q_avg": 30.02,
            "net_income": 1374865,
            "net_income_4q": null,
            "revenue": 7385938,
            "revenue_4q": null,
            "common_shares": 5855804,
            "book_valuer_per_share": 31.25,
            "book_valuer_per_share_4q_avg": 31.42,
            "equity": 18297705,
            "current_ratio": 186.63,
            "debt_ratio": 41.07,
            "inventory_turnover_ratio": 2.54,
            "account_receivable_turnover_ratio": 1.25,
            "reinvestment_rate": 5.01,
            "research_to_sale_ratio": null,
            "price_fair": 382.9,
            "eps_avg_yearly": 10.94,
            "eps_latest_yearly": 9.36,
            "eps_growth_yearly": 40.23
        },
        "20093": {
            "year_quarter": 20093,
            "year": 2009,
            "quarter": 3,
            "eps": 1.93,
            "eps_growth_year": 0,
            "eps_4q": 5.52,
            "eps_4q_growth_year": -39.41,
            "roe": 6.01,
            "roe_4q": 17.45,
            "gross_profit": 2596334,
            "gross_margin": 30.62,
            "gross_margin_4q_avg": 30.43,
            "net_income": 1139066,
            "net_income_4q": null,
            "revenue": 8478397,
            "revenue_4q": null,
            "common_shares": 5956613,
            "book_valuer_per_share": 32.88,
            "book_valuer_per_share_4q_avg": 31.93,
            "equity": 19588315,
            "current_ratio": 205.15,
            "debt_ratio": 37.81,
            "inventory_turnover_ratio": 2.39,
            "account_receivable_turnover_ratio": 1.06,
            "reinvestment_rate": 5.05,
            "research_to_sale_ratio": null,
            "price_fair": 367.33,
            "eps_avg_yearly": 10.5,
            "eps_latest_yearly": 7.72,
            "eps_growth_yearly": 31.41
        },
        "20094": {
            "year_quarter": 20094,
            "year": 2009,
            "quarter": 4,
            "eps": 1.81,
            "eps_growth_year": 235.19,
            "eps_4q": 6.75,
            "eps_4q_growth_year": 10.05,
            "roe": 5.32,
            "roe_4q": 21.06,
            "gross_profit": 2134604,
            "gross_margin": 28.99,
            "gross_margin_4q_avg": 30.52,
            "net_income": 1069674,
            "net_income_4q": null,
            "revenue": 7363967,
            "revenue_4q": null,
            "common_shares": 5956971,
            "book_valuer_per_share": 34.64,
            "book_valuer_per_share_4q_avg": 32.76,
            "equity": 20633625,
            "current_ratio": 209.19,
            "debt_ratio": 37.64,
            "inventory_turnover_ratio": 2.04,
            "account_receivable_turnover_ratio": 1.72,
            "reinvestment_rate": 16.24,
            "research_to_sale_ratio": null,
            "price_fair": 352.01,
            "eps_avg_yearly": 10.06,
            "eps_latest_yearly": 7.24,
            "eps_growth_yearly": 30.86
        },
        "20101": {
            "year_quarter": 20101,
            "year": 2010,
            "quarter": 1,
            "eps": 2.01,
            "eps_growth_year": 171.62,
            "eps_4q": 8.03,
            "eps_4q_growth_year": 58.46,
            "roe": 5.66,
            "roe_4q": 24.380000000000003,
            "gross_profit": 2370940,
            "gross_margin": 27.47,
            "gross_margin_4q_avg": 29.53,
            "net_income": 1198317,
            "net_income_4q": null,
            "revenue": 8632557,
            "revenue_4q": null,
            "common_shares": 5958073,
            "book_valuer_per_share": 36.44,
            "book_valuer_per_share_4q_avg": 33.8,
            "equity": 21713107,
            "current_ratio": 193.95,
            "debt_ratio": 41.79,
            "inventory_turnover_ratio": 2.3,
            "account_receivable_turnover_ratio": 0.96,
            "reinvestment_rate": 15.86,
            "research_to_sale_ratio": 9.8,
            "price_fair": 340.03,
            "eps_avg_yearly": 9.72,
            "eps_latest_yearly": 8.04,
            "eps_growth_yearly": 34.89
        },
        "20102": {
            "year_quarter": 20102,
            "year": 2010,
            "quarter": 2,
            "eps": 2.11,
            "eps_growth_year": -9.81,
            "eps_4q": 7.83,
            "eps_4q_growth_year": 43.2,
            "roe": 6.04,
            "roe_4q": 23.03,
            "gross_profit": 2594578,
            "gross_margin": 27.51,
            "gross_margin_4q_avg": 28.65,
            "net_income": 1257371,
            "net_income_4q": null,
            "revenue": 9429932,
            "revenue_4q": null,
            "common_shares": 5958073,
            "book_valuer_per_share": 33.45,
            "book_valuer_per_share_4q_avg": 34.35,
            "equity": 19929884,
            "current_ratio": 165.66,
            "debt_ratio": 49.51,
            "inventory_turnover_ratio": 2.08,
            "account_receivable_turnover_ratio": 0.91,
            "reinvestment_rate": 15.33,
            "research_to_sale_ratio": 9.78,
            "price_fair": 335.48,
            "eps_avg_yearly": 9.59,
            "eps_latest_yearly": 8.44,
            "eps_growth_yearly": 41.68
        },
        "20103": {
            "year_quarter": 20103,
            "year": 2010,
            "quarter": 3,
            "eps": 2.07,
            "eps_growth_year": 7.13,
            "eps_4q": 7.98,
            "eps_4q_growth_year": 44.55,
            "roe": 6,
            "roe_4q": 23.02,
            "gross_profit": 2626934,
            "gross_margin": 27.63,
            "gross_margin_4q_avg": 27.9,
            "net_income": 1231962,
            "net_income_4q": null,
            "revenue": 9508225,
            "revenue_4q": null,
            "common_shares": 5958347,
            "book_valuer_per_share": 35.43,
            "book_valuer_per_share_4q_avg": 34.99,
            "equity": 21108687,
            "current_ratio": 185.57,
            "debt_ratio": 43.94,
            "inventory_turnover_ratio": 1.87,
            "account_receivable_turnover_ratio": 0.84,
            "reinvestment_rate": 15.23,
            "research_to_sale_ratio": 9.7,
            "price_fair": 325.68,
            "eps_avg_yearly": 9.31,
            "eps_latest_yearly": 8.28,
            "eps_growth_yearly": 35.89
        },
        "20104": {
            "year_quarter": 20104,
            "year": 2010,
            "quarter": 4,
            "eps": 1.5,
            "eps_growth_year": -17.34,
            "eps_4q": 7.65,
            "eps_4q_growth_year": 13.43,
            "roe": 4.15,
            "roe_4q": 21.85,
            "gross_profit": 2193821,
            "gross_margin": 25.09,
            "gross_margin_4q_avg": 26.93,
            "net_income": 896365,
            "net_income_4q": null,
            "revenue": 8744842,
            "revenue_4q": null,
            "common_shares": 5990836,
            "book_valuer_per_share": 36.89,
            "book_valuer_per_share_4q_avg": 35.55,
            "equity": 22101080,
            "current_ratio": 202.84,
            "debt_ratio": 40.37,
            "inventory_turnover_ratio": 1.73,
            "account_receivable_turnover_ratio": 0.81,
            "reinvestment_rate": 13.33,
            "research_to_sale_ratio": 9.53,
            "price_fair": 307.74,
            "eps_avg_yearly": 8.79,
            "eps_latest_yearly": 6,
            "eps_growth_yearly": 26.18
        },
        "20111": {
            "year_quarter": 20111,
            "year": 2011,
            "quarter": 1,
            "eps": 1.53,
            "eps_growth_year": -23.88,
            "eps_4q": 7.17,
            "eps_4q_growth_year": -10.7,
            "roe": 4.06,
            "roe_4q": 20.25,
            "gross_profit": 2132766,
            "gross_margin": 25.43,
            "gross_margin_4q_avg": 26.42,
            "net_income": 915771,
            "net_income_4q": null,
            "revenue": 8385777,
            "revenue_4q": null,
            "common_shares": 6001906,
            "book_valuer_per_share": 38.27,
            "book_valuer_per_share_4q_avg": 36.01,
            "equity": 22968546,
            "current_ratio": 204.76,
            "debt_ratio": 40.75,
            "inventory_turnover_ratio": 1.6,
            "account_receivable_turnover_ratio": 0.83,
            "reinvestment_rate": 13.15,
            "research_to_sale_ratio": 11.13,
            "price_fair": 292.86,
            "eps_avg_yearly": 8.37,
            "eps_latest_yearly": 6.12,
            "eps_growth_yearly": 28.93
        },
        "20112": {
            "year_quarter": 20112,
            "year": 2011,
            "quarter": 2,
            "eps": 1.72,
            "eps_growth_year": -18.28,
            "eps_4q": 6.8,
            "eps_4q_growth_year": -13.2,
            "roe": 4.77,
            "roe_4q": 18.979999999999997,
            "gross_profit": 2336702,
            "gross_margin": 25.02,
            "gross_margin_4q_avg": 25.79,
            "net_income": 1035401,
            "net_income_4q": null,
            "revenue": 9339725,
            "revenue_4q": null,
            "common_shares": 6003600,
            "book_valuer_per_share": 34.12,
            "book_valuer_per_share_4q_avg": 36.18,
            "equity": 20484898,
            "current_ratio": 177.21,
            "debt_ratio": 47.15,
            "inventory_turnover_ratio": 1.84,
            "account_receivable_turnover_ratio": 0.92,
            "reinvestment_rate": 11.67,
            "research_to_sale_ratio": 10.51,
            "price_fair": 277.38,
            "eps_avg_yearly": 7.93,
            "eps_latest_yearly": 6.88,
            "eps_growth_yearly": 30.03
        },
        "20113": {
            "year_quarter": 20113,
            "year": 2011,
            "quarter": 3,
            "eps": 1.54,
            "eps_growth_year": -25.47,
            "eps_4q": 6.28,
            "eps_4q_growth_year": -21.31,
            "roe": 4.42,
            "roe_4q": 17.4,
            "gross_profit": 2266185,
            "gross_margin": 25.25,
            "gross_margin_4q_avg": 25.2,
            "net_income": 925349,
            "net_income_4q": null,
            "revenue": 8973535,
            "revenue_4q": null,
            "common_shares": 6005128,
            "book_valuer_per_share": 35.59,
            "book_valuer_per_share_4q_avg": 36.22,
            "equity": 21369503,
            "current_ratio": 198.06,
            "debt_ratio": 41.84,
            "inventory_turnover_ratio": 1.95,
            "account_receivable_turnover_ratio": 0.86,
            "reinvestment_rate": 12.74,
            "research_to_sale_ratio": 11.08,
            "price_fair": 248.58,
            "eps_avg_yearly": 7.32,
            "eps_latest_yearly": 6.16,
            "eps_growth_yearly": 23.97
        },
        "20114": {
            "year_quarter": 20114,
            "year": 2011,
            "quarter": 4,
            "eps": 1.36,
            "eps_growth_year": -9.11,
            "eps_4q": 6.14,
            "eps_4q_growth_year": -19.78,
            "roe": 3.76,
            "roe_4q": 17.009999999999998,
            "gross_profit": 2192575,
            "gross_margin": 26.19,
            "gross_margin_4q_avg": 25.47,
            "net_income": 818654,
            "net_income_4q": null,
            "revenue": 8371186,
            "revenue_4q": null,
            "common_shares": 6020173,
            "book_valuer_per_share": 36.92,
            "book_valuer_per_share_4q_avg": 36.23,
            "equity": 22228871,
            "current_ratio": 212.98,
            "debt_ratio": 39.1,
            "inventory_turnover_ratio": 1.98,
            "account_receivable_turnover_ratio": 0.78,
            "reinvestment_rate": 13.84,
            "research_to_sale_ratio": 11.26,
            "price_fair": 227.09,
            "eps_avg_yearly": 6.77,
            "eps_latest_yearly": 5.44,
            "eps_growth_yearly": 23.57
        },
        "20121": {
            "year_quarter": 20121,
            "year": 2012,
            "quarter": 1,
            "eps": 1.3,
            "eps_growth_year": -15.03,
            "eps_4q": 5.91,
            "eps_4q_growth_year": -17.61,
            "roe": 3.45,
            "roe_4q": 16.4,
            "gross_profit": 2001043,
            "gross_margin": 26.62,
            "gross_margin_4q_avg": 25.77,
            "net_income": 780991,
            "net_income_4q": null,
            "revenue": 7517225,
            "revenue_4q": null,
            "common_shares": 6029406,
            "book_valuer_per_share": 38.23,
            "book_valuer_per_share_4q_avg": 36.22,
            "equity": 23050848,
            "current_ratio": 230.97,
            "debt_ratio": 36.19,
            "inventory_turnover_ratio": 1.89,
            "account_receivable_turnover_ratio": 0.75,
            "reinvestment_rate": 14.1,
            "research_to_sale_ratio": 11.7,
            "price_fair": 232.14,
            "eps_avg_yearly": 6.63,
            "eps_latest_yearly": 5.2,
            "eps_growth_yearly": 34.65
        },
        "20122": {
            "year_quarter": 20122,
            "year": 2012,
            "quarter": 2,
            "eps": 1.71,
            "eps_growth_year": -0.7,
            "eps_4q": 5.9,
            "eps_4q_growth_year": -13.18,
            "roe": 4.65,
            "roe_4q": 16.28,
            "gross_profit": 2360030,
            "gross_margin": 27.52,
            "gross_margin_4q_avg": 26.4,
            "net_income": 1032807,
            "net_income_4q": null,
            "revenue": 8574270,
            "revenue_4q": null,
            "common_shares": 6030869,
            "book_valuer_per_share": 35.38,
            "book_valuer_per_share_4q_avg": 36.53,
            "equity": 21336191,
            "current_ratio": 191.39,
            "debt_ratio": 44.13,
            "inventory_turnover_ratio": 1.88,
            "account_receivable_turnover_ratio": 0.89,
            "reinvestment_rate": 11.32,
            "research_to_sale_ratio": 10.76,
            "price_fair": 228.73,
            "eps_avg_yearly": 6.54,
            "eps_latest_yearly": 6.84,
            "eps_growth_yearly": 38.85
        },
        "20123": {
            "year_quarter": 20123,
            "year": 2012,
            "quarter": 3,
            "eps": 2.14,
            "eps_growth_year": 39.16,
            "eps_4q": 6.51,
            "eps_4q_growth_year": 3.55,
            "roe": 5.89,
            "roe_4q": 17.75,
            "gross_profit": 2935012,
            "gross_margin": 28.67,
            "gross_margin_4q_avg": 27.25,
            "net_income": 1294200,
            "net_income_4q": null,
            "revenue": 10237373,
            "revenue_4q": null,
            "common_shares": 6035462,
            "book_valuer_per_share": 37.51,
            "book_valuer_per_share_4q_avg": 37.01,
            "equity": 22640487,
            "current_ratio": 208.96,
            "debt_ratio": 40.34,
            "inventory_turnover_ratio": 2.01,
            "account_receivable_turnover_ratio": 0.97,
            "reinvestment_rate": 11.1,
            "research_to_sale_ratio": 11.71,
            "price_fair": 230.56,
            "eps_avg_yearly": 6.59,
            "eps_latest_yearly": 8.56,
            "eps_growth_yearly": 47.16
        },
        "20124": {
            "year_quarter": 20124,
            "year": 2012,
            "quarter": 4,
            "eps": 2.19,
            "eps_growth_year": 61.34,
            "eps_4q": 7.32,
            "eps_4q_growth_year": 19.31,
            "roe": 5.7,
            "roe_4q": 19.69,
            "gross_profit": 3091065,
            "gross_margin": 28.89,
            "gross_margin_4q_avg": 27.93,
            "net_income": 1329392,
            "net_income_4q": null,
            "revenue": 10699802,
            "revenue_4q": null,
            "common_shares": 6059413,
            "book_valuer_per_share": 39.63,
            "book_valuer_per_share_4q_avg": 37.69,
            "equity": 24016005,
            "current_ratio": 218.58,
            "debt_ratio": 39.22,
            "inventory_turnover_ratio": 2.02,
            "account_receivable_turnover_ratio": 0.94,
            "reinvestment_rate": 9.99,
            "research_to_sale_ratio": 11.75,
            "price_fair": 245,
            "eps_avg_yearly": 7,
            "eps_latest_yearly": 8.76,
            "eps_growth_yearly": 65.75
        },
        "20131": {
            "year_quarter": 20131,
            "year": 2013,
            "quarter": 1,
            "eps": 1.75,
            "eps_growth_year": 34.62,
            "eps_4q": 7.78,
            "eps_4q_growth_year": 31.7,
            "roe": 4.4,
            "roe_4q": 20.64,
            "gross_profit": 2605740,
            "gross_margin": 27.9,
            "gross_margin_4q_avg": 28.25,
            "net_income": 1061336,
            "net_income_4q": null,
            "revenue": 9338200,
            "revenue_4q": null,
            "common_shares": 6066319,
            "book_valuer_per_share": 40.01,
            "book_valuer_per_share_4q_avg": 38.13,
            "equity": 24271356,
            "current_ratio": 229.32,
            "debt_ratio": 38.15,
            "inventory_turnover_ratio": 1.66,
            "account_receivable_turnover_ratio": 0.86,
            "reinvestment_rate": 7.38,
            "research_to_sale_ratio": 11.93,
            "price_fair": 253.84,
            "eps_avg_yearly": 7.25,
            "eps_latest_yearly": 7,
            "eps_growth_yearly": 51.46
        },
        "20132": {
            "year_quarter": 20132,
            "year": 2013,
            "quarter": 2,
            "eps": 2.07,
            "eps_growth_year": 20.87,
            "eps_4q": 8.13,
            "eps_4q_growth_year": 37.87,
            "roe": 5.4,
            "roe_4q": 21.39,
            "gross_profit": 3027592,
            "gross_margin": 27.71,
            "gross_margin_4q_avg": 28.29,
            "net_income": 1253352,
            "net_income_4q": null,
            "revenue": 10927619,
            "revenue_4q": null,
            "common_shares": 6071456,
            "book_valuer_per_share": 36.46,
            "book_valuer_per_share_4q_avg": 38.4,
            "equity": 22135530,
            "current_ratio": 191.43,
            "debt_ratio": 46.06,
            "inventory_turnover_ratio": 1.79,
            "account_receivable_turnover_ratio": 1.03,
            "reinvestment_rate": 7.36,
            "research_to_sale_ratio": 11.07,
            "price_fair": 86.08,
            "eps_avg_yearly": 7.19,
            "eps_latest_yearly": 8.28,
            "eps_growth_yearly": 1.98
        },
        "20133": {
            "year_quarter": 20133,
            "year": 2013,
            "quarter": 3,
            "eps": 2.04,
            "eps_growth_year": -4.87,
            "eps_4q": 8.03,
            "eps_4q_growth_year": 23.41,
            "roe": 5.44,
            "roe_4q": 20.94,
            "gross_profit": 2957277,
            "gross_margin": 27.97,
            "gross_margin_4q_avg": 28.12,
            "net_income": 1239346,
            "net_income_4q": null,
            "revenue": 10573578,
            "revenue_4q": null,
            "common_shares": 6082143,
            "book_valuer_per_share": 38.48,
            "book_valuer_per_share_4q_avg": 38.65,
            "equity": 23402911,
            "current_ratio": 221.3,
            "debt_ratio": 39.63,
            "inventory_turnover_ratio": 1.55,
            "account_receivable_turnover_ratio": 0.97,
            "reinvestment_rate": 7.43,
            "research_to_sale_ratio": 11.85,
            "price_fair": 115.39,
            "eps_avg_yearly": 7.21,
            "eps_latest_yearly": 8.16,
            "eps_growth_yearly": 6
        },
        "20134": {
            "year_quarter": 20134,
            "year": 2013,
            "quarter": 4,
            "eps": 1.96,
            "eps_growth_year": -10.79,
            "eps_4q": 7.8,
            "eps_4q_growth_year": 6.48,
            "roe": 4.96,
            "roe_4q": 20.200000000000003,
            "gross_profit": 2902490,
            "gross_margin": 27.36,
            "gross_margin_4q_avg": 27.74,
            "net_income": 1190924,
            "net_income_4q": null,
            "revenue": 10610257,
            "revenue_4q": null,
            "common_shares": 6085115,
            "book_valuer_per_share": 40.46,
            "book_valuer_per_share_4q_avg": 38.85,
            "equity": 24618704,
            "current_ratio": 238.6,
            "debt_ratio": 36.87,
            "inventory_turnover_ratio": 1.61,
            "account_receivable_turnover_ratio": 0.99,
            "reinvestment_rate": -6.33,
            "research_to_sale_ratio": 11.52,
            "price_fair": 120.15,
            "eps_avg_yearly": 7.25,
            "eps_latest_yearly": 7.84,
            "eps_growth_yearly": 6.57
        },
        "20141": {
            "year_quarter": 20141,
            "year": 2014,
            "quarter": 1,
            "eps": 2.08,
            "eps_growth_year": 18.86,
            "eps_4q": 8.14,
            "eps_4q_growth_year": 4.61,
            "roe": 5.01,
            "roe_4q": 20.810000000000002,
            "gross_profit": 2970830,
            "gross_margin": 28.04,
            "gross_margin_4q_avg": 27.77,
            "net_income": 1266946,
            "net_income_4q": null,
            "revenue": 10593171,
            "revenue_4q": null,
            "common_shares": 6085115,
            "book_valuer_per_share": 42.62,
            "book_valuer_per_share_4q_avg": 39.51,
            "equity": 25937722,
            "current_ratio": 231.88,
            "debt_ratio": 38.33,
            "inventory_turnover_ratio": 1.55,
            "account_receivable_turnover_ratio": 0.97,
            "reinvestment_rate": -5.64,
            "research_to_sale_ratio": 11.9,
            "price_fair": 111.49,
            "eps_avg_yearly": 7.27,
            "eps_latest_yearly": 8.32,
            "eps_growth_yearly": 5.34
        },
        "20142": {
            "year_quarter": 20142,
            "year": 2014,
            "quarter": 2,
            "eps": 2.9,
            "eps_growth_year": 40.1,
            "eps_4q": 8.98,
            "eps_4q_growth_year": 10.41,
            "roe": 7.07,
            "roe_4q": 22.48,
            "gross_profit": 3775643,
            "gross_margin": 28.86,
            "gross_margin_4q_avg": 28.06,
            "net_income": 1767290,
            "net_income_4q": null,
            "revenue": 13083176,
            "revenue_4q": null,
            "common_shares": 6085115,
            "book_valuer_per_share": 39.55,
            "book_valuer_per_share_4q_avg": 40.28,
            "equity": 24068697,
            "current_ratio": 190.92,
            "debt_ratio": 46.83,
            "inventory_turnover_ratio": 1.57,
            "account_receivable_turnover_ratio": 1.12,
            "reinvestment_rate": -5.41,
            "research_to_sale_ratio": 10.98,
            "price_fair": 178.81,
            "eps_avg_yearly": 7.47,
            "eps_latest_yearly": 11.6,
            "eps_growth_yearly": 13.95
        },
        "20143": {
            "year_quarter": 20143,
            "year": 2014,
            "quarter": 3,
            "eps": 3.43,
            "eps_growth_year": 68.14,
            "eps_4q": 10.37,
            "eps_4q_growth_year": 29.21,
            "roe": 8.31,
            "roe_4q": 25.35,
            "gross_profit": 4334829,
            "gross_margin": 28.37,
            "gross_margin_4q_avg": 28.16,
            "net_income": 2087768,
            "net_income_4q": null,
            "revenue": 15281654,
            "revenue_4q": null,
            "common_shares": 6085115,
            "book_valuer_per_share": 42.99,
            "book_valuer_per_share_4q_avg": 41.41,
            "equity": 26160767,
            "current_ratio": 208.27,
            "debt_ratio": 43.1,
            "inventory_turnover_ratio": 1.67,
            "account_receivable_turnover_ratio": 1.13,
            "reinvestment_rate": -4.8,
            "research_to_sale_ratio": 10.62,
            "price_fair": 226.31,
            "eps_avg_yearly": 7.81,
            "eps_latest_yearly": 13.72,
            "eps_growth_yearly": 19
        },
        "20144": {
            "year_quarter": 20144,
            "year": 2014,
            "quarter": 4,
            "eps": 3.43,
            "eps_growth_year": 75.27,
            "eps_4q": 11.85,
            "eps_4q_growth_year": 51.94,
            "roe": 7.68,
            "roe_4q": 28.07,
            "gross_profit": 4307413,
            "gross_margin": 28.51,
            "gross_margin_4q_avg": 28.45,
            "net_income": 2087379,
            "net_income_4q": null,
            "revenue": 15108981,
            "revenue_4q": null,
            "common_shares": 6085115,
            "book_valuer_per_share": 46.39,
            "book_valuer_per_share_4q_avg": 42.89,
            "equity": 28227251,
            "current_ratio": 233.24,
            "debt_ratio": 38.54,
            "inventory_turnover_ratio": 1.68,
            "account_receivable_turnover_ratio": 1.05,
            "reinvestment_rate": -4.53,
            "research_to_sale_ratio": 10.79,
            "price_fair": 290.06,
            "eps_avg_yearly": 8.29,
            "eps_latest_yearly": 13.72,
            "eps_growth_yearly": 25.88
        },
        "20151": {
            "year_quarter": 20151,
            "year": 2015,
            "quarter": 1,
            "eps": 2.79,
            "eps_growth_year": 34.13,
            "eps_4q": 12.56,
            "eps_4q_growth_year": 54.37,
            "roe": 5.84,
            "roe_4q": 28.9,
            "gross_profit": 3697750,
            "gross_margin": 29.12,
            "gross_margin_4q_avg": 28.72,
            "net_income": 1699681,
            "net_income_4q": null,
            "revenue": 12697879,
            "revenue_4q": null,
            "common_shares": 6085115,
            "book_valuer_per_share": 49.31,
            "book_valuer_per_share_4q_avg": 44.56,
            "equity": 30006875,
            "current_ratio": 251.4,
            "debt_ratio": 35.7,
            "inventory_turnover_ratio": 1.37,
            "account_receivable_turnover_ratio": 0.97,
            "reinvestment_rate": -3.44,
            "research_to_sale_ratio": 11.16,
            "price_fair": 264.23,
            "eps_avg_yearly": 8.6,
            "eps_latest_yearly": 11.16,
            "eps_growth_yearly": 20.72
        },
        "20152": {
            "year_quarter": 20152,
            "year": 2015,
            "quarter": 2,
            "eps": 2.44,
            "eps_growth_year": -15.86,
            "eps_4q": 12.1,
            "eps_4q_growth_year": 34.69,
            "roe": 5.36,
            "roe_4q": 27.189999999999998,
            "gross_profit": 3493716,
            "gross_margin": 28.05,
            "gross_margin_4q_avg": 28.51,
            "net_income": 1485241,
            "net_income_4q": null,
            "revenue": 12456260,
            "revenue_4q": null,
            "common_shares": 6085115,
            "book_valuer_per_share": 41.72,
            "book_valuer_per_share_4q_avg": 45.1,
            "equity": 25387830,
            "current_ratio": 205.24,
            "debt_ratio": 42.78,
            "inventory_turnover_ratio": 1.35,
            "account_receivable_turnover_ratio": 1.08,
            "reinvestment_rate": -0.32,
            "research_to_sale_ratio": 11.69,
            "price_fair": 214.95,
            "eps_avg_yearly": 8.78,
            "eps_latest_yearly": 9.76,
            "eps_growth_yearly": 14.47
        },
        "20153": {
            "year_quarter": 20153,
            "year": 2015,
            "quarter": 3,
            "eps": 2.79,
            "eps_growth_year": -18.66,
            "eps_4q": 11.45,
            "eps_4q_growth_year": 10.41,
            "roe": 6.48,
            "roe_4q": 25.36,
            "gross_profit": 3669559,
            "gross_margin": 28.05,
            "gross_margin_4q_avg": 28.43,
            "net_income": 1698112,
            "net_income_4q": null,
            "revenue": 13084076,
            "revenue_4q": null,
            "common_shares": 6085115,
            "book_valuer_per_share": 44.43,
            "book_valuer_per_share_4q_avg": 45.46,
            "equity": 27033154,
            "current_ratio": 262.1,
            "debt_ratio": 33.21,
            "inventory_turnover_ratio": 1.59,
            "account_receivable_turnover_ratio": 1.14,
            "reinvestment_rate": -0.56,
            "research_to_sale_ratio": 12.6,
            "price_fair": 279,
            "eps_avg_yearly": 9.1,
            "eps_latest_yearly": 11.16,
            "eps_growth_yearly": 20.68
        },
        "20154": {
            "year_quarter": 20154,
            "year": 2015,
            "quarter": 4,
            "eps": 2.49,
            "eps_growth_year": -27.37,
            "eps_4q": 10.52,
            "eps_4q_growth_year": -11.24,
            "roe": 5.46,
            "roe_4q": 23.14,
            "gross_profit": 3593914,
            "gross_margin": 28.45,
            "gross_margin_4q_avg": 28.42,
            "net_income": 1516053,
            "net_income_4q": null,
            "revenue": 12631912,
            "revenue_4q": null,
            "common_shares": 6085115,
            "book_valuer_per_share": 46.86,
            "book_valuer_per_share_4q_avg": 45.58,
            "equity": 28517824,
            "current_ratio": 286.12,
            "debt_ratio": 30.6,
            "inventory_turnover_ratio": 1.85,
            "account_receivable_turnover_ratio": 1.11,
            "reinvestment_rate": -0.52,
            "research_to_sale_ratio": 12.76,
            "price_fair": 289.86,
            "eps_avg_yearly": 9.38,
            "eps_latest_yearly": 9.96,
            "eps_growth_yearly": 20.91
        },
        "20161": {
            "year_quarter": 20161,
            "year": 2016,
            "quarter": 1,
            "eps": 2.01,
            "eps_growth_year": -27.96,
            "eps_4q": 9.73,
            "eps_4q_growth_year": -22.53,
            "roe": 4.19,
            "roe_4q": 21.490000000000002,
            "gross_profit": 3226472,
            "gross_margin": 29.41,
            "gross_margin_4q_avg": 28.49,
            "net_income": 1221237,
            "net_income_4q": null,
            "revenue": 10970044,
            "revenue_4q": null,
            "common_shares": 6085115,
            "book_valuer_per_share": 48.87,
            "book_valuer_per_share_4q_avg": 45.47,
            "equity": 29736674,
            "current_ratio": 335.53,
            "debt_ratio": 26.16,
            "inventory_turnover_ratio": 1.65,
            "account_receivable_turnover_ratio": 1.08,
            "reinvestment_rate": -0.68,
            "research_to_sale_ratio": 13.34,
            "price_fair": 259.84,
            "eps_avg_yearly": 9.56,
            "eps_latest_yearly": 8.04,
            "eps_growth_yearly": 17.19
        },
        "20162": {
            "year_quarter": 20162,
            "year": 2016,
            "quarter": 2,
            "eps": 2.14,
            "eps_growth_year": -12.3,
            "eps_4q": 9.43,
            "eps_4q_growth_year": -22.07,
            "roe": 4.71,
            "roe_4q": 20.84,
            "gross_profit": 3224592,
            "gross_margin": 28.19,
            "gross_margin_4q_avg": 28.53,
            "net_income": 1299953,
            "net_income_4q": null,
            "revenue": 11440074,
            "revenue_4q": null,
            "common_shares": 6085115,
            "book_valuer_per_share": 41.92,
            "book_valuer_per_share_4q_avg": 45.52,
            "equity": 25508687,
            "current_ratio": 226.9,
            "debt_ratio": 38.7,
            "inventory_turnover_ratio": 1.6,
            "account_receivable_turnover_ratio": 1.2,
            "reinvestment_rate": -0.83,
            "research_to_sale_ratio": 13.24,
            "price_fair": 202.2,
            "eps_avg_yearly": 9.66,
            "eps_latest_yearly": 8.56,
            "eps_growth_yearly": 10.93
        },
        "20163": {
            "year_quarter": 20163,
            "year": 2016,
            "quarter": 3,
            "eps": 2.02,
            "eps_growth_year": -27.6,
            "eps_4q": 8.65,
            "eps_4q_growth_year": -24.47,
            "roe": 4.7,
            "roe_4q": 19.060000000000002,
            "gross_profit": 3331061,
            "gross_margin": 27.71,
            "gross_margin_4q_avg": 28.44,
            "net_income": 1227239,
            "net_income_4q": null,
            "revenue": 12021342,
            "revenue_4q": null,
            "common_shares": 6085115,
            "book_valuer_per_share": 43.9,
            "book_valuer_per_share_4q_avg": 45.39,
            "equity": 26711351,
            "current_ratio": 303.14,
            "debt_ratio": 28.82,
            "inventory_turnover_ratio": 1.78,
            "account_receivable_turnover_ratio": 1.22,
            "reinvestment_rate": -0.45,
            "research_to_sale_ratio": 12.79,
            "price_fair": 127.52,
            "eps_avg_yearly": 9.63,
            "eps_latest_yearly": 8.08,
            "eps_growth_yearly": 3.24
        },
        "20164": {
            "year_quarter": 20164,
            "year": 2016,
            "quarter": 4,
            "eps": 2.06,
            "eps_growth_year": -17.16,
            "eps_4q": 8.22,
            "eps_4q_growth_year": -21.8,
            "roe": 4.59,
            "roe_4q": 18.19,
            "gross_profit": 3163494,
            "gross_margin": 28.2,
            "gross_margin_4q_avg": 28.38,
            "net_income": 1255931,
            "net_income_4q": null,
            "revenue": 11219419,
            "revenue_4q": null,
            "common_shares": 6085115,
            "book_valuer_per_share": 45.95,
            "book_valuer_per_share_4q_avg": 45.16,
            "equity": 27963093,
            "current_ratio": 268.55,
            "debt_ratio": 32.69,
            "inventory_turnover_ratio": 1.73,
            "account_receivable_turnover_ratio": 1.08,
            "reinvestment_rate": 0.57,
            "research_to_sale_ratio": 13.42,
            "price_fair": 126.23,
            "eps_avg_yearly": 9.6,
            "eps_latest_yearly": 8.24,
            "eps_growth_yearly": 3.15
        },
        "20171": {
            "year_quarter": 20171,
            "year": 2017,
            "quarter": 1,
            "eps": 1.53,
            "eps_growth_year": -23.88,
            "eps_4q": 7.74,
            "eps_4q_growth_year": -20.41,
            "roe": 3.27,
            "roe_4q": 17.27,
            "gross_profit": 3110324,
            "gross_margin": 28.49,
            "gross_margin_4q_avg": 28.15,
            "net_income": 928883,
            "net_income_4q": null,
            "revenue": 10918538,
            "revenue_4q": null,
            "common_shares": 6085115,
            "book_valuer_per_share": 47.4,
            "book_valuer_per_share_4q_avg": 44.79,
            "equity": 28843724,
            "current_ratio": 314.81,
            "debt_ratio": 27.43,
            "inventory_turnover_ratio": 1.64,
            "account_receivable_turnover_ratio": 1.09,
            "reinvestment_rate": 1.93,
            "research_to_sale_ratio": 14.44,
            "price_fair": 112.06,
            "eps_avg_yearly": 9.55,
            "eps_latest_yearly": 6.12,
            "eps_growth_yearly": 1.74
        },
        "20172": {
            "year_quarter": 20172,
            "year": 2017,
            "quarter": 2,
            "eps": 2.01,
            "eps_growth_year": -6.07,
            "eps_4q": 7.62,
            "eps_4q_growth_year": -19.14,
            "roe": 4.48,
            "roe_4q": 17.04,
            "gross_profit": 3338931,
            "gross_margin": 28.28,
            "gross_margin_4q_avg": 28.17,
            "net_income": 1225785,
            "net_income_4q": null,
            "revenue": 11806043,
            "revenue_4q": null,
            "common_shares": 6085115,
            "book_valuer_per_share": 42.45,
            "book_valuer_per_share_4q_avg": 44.93,
            "equity": 25829659,
            "current_ratio": 221.77,
            "debt_ratio": 39.01,
            "inventory_turnover_ratio": 1.61,
            "account_receivable_turnover_ratio": 1.2,
            "reinvestment_rate": 2.09,
            "research_to_sale_ratio": 13.57,
            "price_fair": 143.06,
            "eps_avg_yearly": 9.53,
            "eps_latest_yearly": 8.04,
            "eps_growth_yearly": 5.01
        },
        "20173": {
            "year_quarter": 20173,
            "year": 2017,
            "quarter": 3,
            "eps": 2.55,
            "eps_growth_year": 26.24,
            "eps_4q": 8.16,
            "eps_4q_growth_year": -5.69,
            "roe": 5.86,
            "roe_4q": 18.2,
            "gross_profit": 3596384,
            "gross_margin": 29.01,
            "gross_margin_4q_avg": 28.5,
            "net_income": 1554401,
            "net_income_4q": null,
            "revenue": 12398257,
            "revenue_4q": null,
            "common_shares": 6085115,
            "book_valuer_per_share": 44.79,
            "book_valuer_per_share_4q_avg": 45.15,
            "equity": 27257697,
            "current_ratio": 255.93,
            "debt_ratio": 33.99,
            "inventory_turnover_ratio": 1.52,
            "account_receivable_turnover_ratio": 1.14,
            "reinvestment_rate": 1.72,
            "research_to_sale_ratio": 13.39,
            "price_fair": 213.34,
            "eps_avg_yearly": 9.66,
            "eps_latest_yearly": 10.2,
            "eps_growth_yearly": 12.09
        },
        "20174": {
            "year_quarter": 20174,
            "year": 2017,
            "quarter": 4,
            "eps": 2.16,
            "eps_growth_year": 4.7,
            "eps_4q": 8.26,
            "eps_4q_growth_year": 0.39,
            "roe": 4.71,
            "roe_4q": 18.32,
            "gross_profit": 3509622,
            "gross_margin": 29.37,
            "gross_margin_4q_avg": 28.79,
            "net_income": 1315019,
            "net_income_4q": null,
            "revenue": 11950854,
            "revenue_4q": null,
            "common_shares": 6085115,
            "book_valuer_per_share": 46.95,
            "book_valuer_per_share_4q_avg": 45.4,
            "equity": 28569981,
            "current_ratio": 290.98,
            "debt_ratio": 30.1,
            "inventory_turnover_ratio": 1.55,
            "account_receivable_turnover_ratio": 1.07,
            "reinvestment_rate": 1.65,
            "research_to_sale_ratio": 13.55,
            "price_fair": 186.84,
            "eps_avg_yearly": 9.71,
            "eps_latest_yearly": 8.64,
            "eps_growth_yearly": 9.25
        },
        "20181": {
            "year_quarter": 20181,
            "year": 2018,
            "quarter": 1,
            "eps": 1.51,
            "eps_growth_year": -1.31,
            "eps_4q": 8.24,
            "eps_4q_growth_year": 6.36,
            "roe": 3.16,
            "roe_4q": 18.21,
            "gross_profit": 3081251,
            "gross_margin": 29.44,
            "gross_margin_4q_avg": 29.03,
            "net_income": 916591,
            "net_income_4q": null,
            "revenue": 10465873,
            "revenue_4q": null,
            "common_shares": 6085115,
            "book_valuer_per_share": 48.41,
            "book_valuer_per_share_4q_avg": 45.65,
            "equity": 29457966,
            "current_ratio": 312.24,
            "debt_ratio": 28.34,
            "inventory_turnover_ratio": 1.4,
            "account_receivable_turnover_ratio": 1.02,
            "reinvestment_rate": -4.22,
            "research_to_sale_ratio": 15.1,
            "price_fair": 95.65,
            "eps_avg_yearly": 9.57,
            "eps_latest_yearly": 6.04,
            "eps_growth_yearly": 0.19
        },
        "20182": {
            "year_quarter": 20182,
            "year": 2018,
            "quarter": 2,
            "eps": 2.6,
            "eps_growth_year": 29.35,
            "eps_4q": 8.82,
            "eps_4q_growth_year": 15.75,
            "roe": 5.63,
            "roe_4q": 19.36,
            "gross_profit": 4006845,
            "gross_margin": 30.21,
            "gross_margin_4q_avg": 29.51,
            "net_income": 1582247,
            "net_income_4q": null,
            "revenue": 13264952,
            "revenue_4q": null,
            "common_shares": 6085115,
            "book_valuer_per_share": 43.93,
            "book_valuer_per_share_4q_avg": 46.02,
            "equity": 26732650,
            "current_ratio": 218,
            "debt_ratio": 40.31,
            "inventory_turnover_ratio": 1.64,
            "account_receivable_turnover_ratio": 1.26,
            "reinvestment_rate": -4.08,
            "research_to_sale_ratio": 13.85,
            "price_fair": 174.46,
            "eps_avg_yearly": 9.49,
            "eps_latest_yearly": 10.4,
            "eps_growth_yearly": 8.38
        },
        "20183": {
            "year_quarter": 20183,
            "year": 2018,
            "quarter": 3,
            "eps": 3.02,
            "eps_growth_year": 18.43,
            "eps_4q": 9.29,
            "eps_4q_growth_year": 13.85,
            "roe": 6.65,
            "roe_4q": 20.150000000000002,
            "gross_profit": 4910760,
            "gross_margin": 31.17,
            "gross_margin_4q_avg": 30.05,
            "net_income": 1838842,
            "net_income_4q": null,
            "revenue": 15756659,
            "revenue_4q": null,
            "common_shares": 6085115,
            "book_valuer_per_share": 46.89,
            "book_valuer_per_share_4q_avg": 46.55,
            "equity": 28531343,
            "current_ratio": 240.97,
            "debt_ratio": 36.35,
            "inventory_turnover_ratio": 1.81,
            "account_receivable_turnover_ratio": 1.28,
            "reinvestment_rate": -3.63,
            "research_to_sale_ratio": 13.85,
            "price_fair": 167.6,
            "eps_avg_yearly": 9.39,
            "eps_latest_yearly": 12.08,
            "eps_growth_yearly": 7.85
        },
        "20184": {
            "year_quarter": 20184,
            "year": 2018,
            "quarter": 4,
            "eps": 3.37,
            "eps_growth_year": 56.12,
            "eps_4q": 10.5,
            "eps_4q_growth_year": 27.2,
            "roe": 6.98,
            "roe_4q": 22.42,
            "gross_profit": 5016577,
            "gross_margin": 32.69,
            "gross_margin_4q_avg": 30.88,
            "net_income": 2052950,
            "net_income_4q": null,
            "revenue": 15346372,
            "revenue_4q": null,
            "common_shares": 6085115,
            "book_valuer_per_share": 49.82,
            "book_valuer_per_share_4q_avg": 47.26,
            "equity": 30317509,
            "current_ratio": 241.86,
            "debt_ratio": 36.93,
            "inventory_turnover_ratio": 1.56,
            "account_receivable_turnover_ratio": 1.17,
            "reinvestment_rate": -1.04,
            "research_to_sale_ratio": 13.95,
            "price_fair": 194.49,
            "eps_avg_yearly": 9.37,
            "eps_latest_yearly": 13.48,
            "eps_growth_yearly": 10.75
        },
        "20191": {
            "year_quarter": 20191,
            "year": 2019,
            "quarter": 1,
            "eps": 3.23,
            "eps_growth_year": 113.91,
            "eps_4q": 12.23,
            "eps_4q_growth_year": 48.48,
            "roe": 6.28,
            "roe_4q": 25.540000000000003,
            "gross_profit": 4903395,
            "gross_margin": 32.81,
            "gross_margin_4q_avg": 31.72,
            "net_income": 1967612,
            "net_income_4q": null,
            "revenue": 14946436,
            "revenue_4q": null,
            "common_shares": 6085115,
            "book_valuer_per_share": 53.17,
            "book_valuer_per_share_4q_avg": 48.45,
            "equity": 32353708,
            "current_ratio": 264,
            "debt_ratio": 34.41,
            "inventory_turnover_ratio": 1.4,
            "account_receivable_turnover_ratio": 1.11,
            "reinvestment_rate": 0.05,
            "research_to_sale_ratio": 13.72,
            "price_fair": 231.15,
            "eps_avg_yearly": 9.48,
            "eps_latest_yearly": 12.92,
            "eps_growth_yearly": 14.38
        },
        "20192": {
            "year_quarter": 20192,
            "year": 2019,
            "quarter": 2,
            "eps": 3.5,
            "eps_growth_year": 34.62,
            "eps_4q": 13.12,
            "eps_4q_growth_year": 48.77,
            "roe": 6.91,
            "roe_4q": 26.82,
            "gross_profit": 5225760,
            "gross_margin": 32.05,
            "gross_margin_4q_avg": 32.18,
            "net_income": 2127059,
            "net_income_4q": null,
            "revenue": 16304767,
            "revenue_4q": null,
            "common_shares": 6085115,
            "book_valuer_per_share": 47.95,
            "book_valuer_per_share_4q_avg": 49.46,
            "equity": 29180100,
            "current_ratio": 206.03,
            "debt_ratio": 43.01,
            "inventory_turnover_ratio": 1.47,
            "account_receivable_turnover_ratio": 1.16,
            "reinvestment_rate": -0.44,
            "research_to_sale_ratio": 13.45,
            "price_fair": 288.55,
            "eps_avg_yearly": 9.75,
            "eps_latest_yearly": 14,
            "eps_growth_yearly": 19.6
        },
        "20193": {
            "year_quarter": 20193,
            "year": 2019,
            "quarter": 3,
            "eps": 3.34,
            "eps_growth_year": 10.6,
            "eps_4q": 13.44,
            "eps_4q_growth_year": 44.68,
            "roe": 6.73,
            "roe_4q": 26.900000000000002,
            "gross_profit": 5156276,
            "gross_margin": 31.07,
            "gross_margin_4q_avg": 32.16,
            "net_income": 2030633,
            "net_income_4q": null,
            "revenue": 16595393,
            "revenue_4q": null,
            "common_shares": 6085115,
            "book_valuer_per_share": 51.23,
            "book_valuer_per_share_4q_avg": 50.54,
            "equity": 31174899,
            "current_ratio": 254.82,
            "debt_ratio": 34.67,
            "inventory_turnover_ratio": 1.6,
            "account_receivable_turnover_ratio": 1.17,
            "reinvestment_rate": 0.93,
            "research_to_sale_ratio": 13.45,
            "price_fair": 245.88,
            "eps_avg_yearly": 9.89,
            "eps_latest_yearly": 13.36,
            "eps_growth_yearly": 14.87
        },
        "20194": {
            "year_quarter": 20194,
            "year": 2019,
            "quarter": 4,
            "eps": 2.96,
            "eps_growth_year": -12.22,
            "eps_4q": 13.03,
            "eps_4q_growth_year": 24.05,
            "roe": 5.61,
            "roe_4q": 25.53,
            "gross_profit": 5328956,
            "gross_margin": 32.25,
            "gross_margin_4q_avg": 32.05,
            "net_income": 1802105,
            "net_income_4q": null,
            "revenue": 16525710,
            "revenue_4q": null,
            "common_shares": 6085115,
            "book_valuer_per_share": 54.36,
            "book_valuer_per_share_4q_avg": 51.68,
            "equity": 33078320,
            "current_ratio": 296.56,
            "debt_ratio": 29.43,
            "inventory_turnover_ratio": 1.73,
            "account_receivable_turnover_ratio": 1.21,
            "reinvestment_rate": 1.43,
            "research_to_sale_ratio": 14.68,
            "price_fair": 247.24,
            "eps_avg_yearly": 10,
            "eps_latest_yearly": 11.84,
            "eps_growth_yearly": 14.72
        },
        "20201": {
            "year_quarter": 20201,
            "year": 2020,
            "quarter": 1,
            "eps": 3.63,
            "eps_growth_year": 12.38,
            "eps_4q": 13.43,
            "eps_4q_growth_year": 9.8,
            "roe": 6.49,
            "roe_4q": 25.740000000000002,
            "gross_profit": 5608326,
            "gross_margin": 33.2,
            "gross_margin_4q_avg": 32.14,
            "net_income": 2211132,
            "net_income_4q": null,
            "revenue": 16891154,
            "revenue_4q": null,
            "common_shares": 6085115,
            "book_valuer_per_share": 57.68,
            "book_valuer_per_share_4q_avg": 52.81,
            "equity": 35101452,
            "current_ratio": 273.84,
            "debt_ratio": 32.28,
            "inventory_turnover_ratio": 1.5,
            "account_receivable_turnover_ratio": 1.24,
            "reinvestment_rate": 1.73,
            "research_to_sale_ratio": 14.52,
            "price_fair": 364.26,
            "eps_avg_yearly": 10.41,
            "eps_latest_yearly": 14.52,
            "eps_growth_yearly": 25.2
        },
        "20202": {
            "year_quarter": 20202,
            "year": 2020,
            "quarter": 2,
            "eps": 4.2,
            "eps_growth_year": 20,
            "eps_4q": 14.13,
            "eps_4q_growth_year": 7.69,
            "roe": 7.68,
            "roe_4q": 26.51,
            "gross_profit": 6230589,
            "gross_margin": 33.48,
            "gross_margin_4q_avg": 32.5,
            "net_income": 2556742,
            "net_income_4q": null,
            "revenue": 18610288,
            "revenue_4q": null,
            "common_shares": 6085115,
            "book_valuer_per_share": 51.69,
            "book_valuer_per_share_4q_avg": 53.74,
            "equity": 31453837,
            "current_ratio": 205.64,
            "debt_ratio": 42.2,
            "inventory_turnover_ratio": 1.35,
            "account_receivable_turnover_ratio": 1.38,
            "reinvestment_rate": 2.75,
            "research_to_sale_ratio": 13.79,
            "price_fair": 382.29,
            "eps_avg_yearly": 10.92,
            "eps_latest_yearly": 16.8,
            "eps_growth_yearly": 27.5
        },
        "20203": {
            "year_quarter": 20203,
            "year": 2020,
            "quarter": 3,
            "eps": 5.6,
            "eps_growth_year": 67.66,
            "eps_4q": 16.39,
            "eps_4q_growth_year": 21.97,
            "roe": 10.18,
            "roe_4q": 29.96,
            "gross_profit": 7580021,
            "gross_margin": 34.45,
            "gross_margin_4q_avg": 33.35,
            "net_income": 3405156,
            "net_income_4q": null,
            "revenue": 22001236,
            "revenue_4q": null,
            "common_shares": 6085115,
            "book_valuer_per_share": 58.29,
            "book_valuer_per_share_4q_avg": 55.51,
            "equity": 35469351,
            "current_ratio": 275.19,
            "debt_ratio": 30.33,
            "inventory_turnover_ratio": 1.68,
            "account_receivable_turnover_ratio": 1.55,
            "reinvestment_rate": 6.96,
            "research_to_sale_ratio": 12.6,
            "price_fair": 413.61,
            "eps_avg_yearly": 11.82,
            "eps_latest_yearly": 22.4,
            "eps_growth_yearly": 37.24
        },
        "20204": {
            "year_quarter": 20204,
            "year": 2020,
            "quarter": 4,
            "eps": 5.99,
            "eps_growth_year": 102.22,
            "eps_4q": 19.42,
            "eps_4q_growth_year": 49.07,
            "roe": 9.66,
            "roe_4q": 34.01,
            "gross_profit": 8538771,
            "gross_margin": 38.03,
            "gross_margin_4q_avg": 34.79,
            "net_income": 3644209,
            "net_income_4q": null,
            "revenue": 22452842,
            "revenue_4q": null,
            "common_shares": 6085115,
            "book_valuer_per_share": 65.64,
            "book_valuer_per_share_4q_avg": 58.33,
            "equity": 39943203,
            "current_ratio": 257.41,
            "debt_ratio": 31.25,
            "inventory_turnover_ratio": 1.76,
            "account_receivable_turnover_ratio": 1.56,
            "reinvestment_rate": 9.67,
            "research_to_sale_ratio": 14.27,
            "price_fair": 448,
            "eps_avg_yearly": 12.8,
            "eps_latest_yearly": 23.96,
            "eps_growth_yearly": 38.49
        },
        "20211": {
            "year_quarter": 20211,
            "year": 2021,
            "quarter": 1,
            "eps": 9.66,
            "eps_growth_year": 166.12,
            "eps_4q": 25.44,
            "eps_4q_growth_year": 89.47,
            "roe": 13.67,
            "roe_4q": 41.19,
            "gross_profit": 11506568,
            "gross_margin": 43.64,
            "gross_margin_4q_avg": 37.4,
            "net_income": 5875214,
            "net_income_4q": null,
            "revenue": 26366515,
            "revenue_4q": null,
            "common_shares": 6085115,
            "book_valuer_per_share": 75.63,
            "book_valuer_per_share_4q_avg": 62.81,
            "equity": 46019727,
            "current_ratio": 249.26,
            "debt_ratio": 33.23,
            "inventory_turnover_ratio": 1.66,
            "account_receivable_turnover_ratio": 1.79,
            "reinvestment_rate": 9.12,
            "research_to_sale_ratio": 13.64,
            "price_fair": 519.14,
            "eps_avg_yearly": 14.83,
            "eps_latest_yearly": 38.64,
            "eps_growth_yearly": 60.24
        },
        "20212": {
            "year_quarter": 20212,
            "year": 2021,
            "quarter": 2,
            "eps": 16.08,
            "eps_growth_year": 282.86,
            "eps_4q": 37.32,
            "eps_4q_growth_year": 164.06,
            "roe": 21.16,
            "roe_4q": 54.669999999999995,
            "gross_profit": 17166736,
            "gross_margin": 50.33,
            "gross_margin_4q_avg": 41.61,
            "net_income": 9786068,
            "net_income_4q": null,
            "revenue": 34111302,
            "revenue_4q": null,
            "common_shares": 6085115,
            "book_valuer_per_share": 76.35,
            "book_valuer_per_share_4q_avg": 68.98,
            "equity": 46461763,
            "current_ratio": 168.64,
            "debt_ratio": 47.38,
            "inventory_turnover_ratio": 1.65,
            "account_receivable_turnover_ratio": 1.82,
            "reinvestment_rate": 7.17,
            "research_to_sale_ratio": 12.83,
            "price_fair": 642.25,
            "eps_avg_yearly": 18.35,
            "eps_latest_yearly": 64.32,
            "eps_growth_yearly": 69.01
        },
        "20213": {
            "year_quarter": 20213,
            "year": 2021,
            "quarter": 3,
            "eps": 20.17,
            "eps_growth_year": 260.18,
            "eps_4q": 51.89,
            "eps_4q_growth_year": 216.55,
            "roe": 23.21,
            "roe_4q": 67.7,
            "gross_profit": 19917256,
            "gross_margin": 51.94,
            "gross_margin_4q_avg": 45.99,
            "net_income": 12271038,
            "net_income_4q": null,
            "revenue": 38345587,
            "revenue_4q": null,
            "common_shares": 6085115,
            "book_valuer_per_share": 97.42,
            "book_valuer_per_share_4q_avg": 78.76,
            "equity": 59279226,
            "current_ratio": 247.79,
            "debt_ratio": 42.47,
            "inventory_turnover_ratio": 1.6,
            "account_receivable_turnover_ratio": 1.58,
            "reinvestment_rate": 6.04,
            "research_to_sale_ratio": 10.49,
            "price_fair": 796.43,
            "eps_avg_yearly": 22.76,
            "eps_latest_yearly": 80.68,
            "eps_growth_yearly": 68.65
        },
        "20214": {
            "year_quarter": 20214,
            "year": 2021,
            "quarter": 4,
            "eps": 17.97,
            "eps_growth_year": 200.02,
            "eps_4q": 63.87,
            "eps_4q_growth_year": 228.89,
            "roe": 16.86,
            "roe_4q": 74.9,
            "gross_profit": 18800964,
            "gross_margin": 51.45,
            "gross_margin_4q_avg": 49.34,
            "net_income": 10933240,
            "net_income_4q": null,
            "revenue": 36542106,
            "revenue_4q": null,
            "common_shares": 6085115,
            "book_valuer_per_share": 115.78,
            "book_valuer_per_share_4q_avg": 91.3,
            "equity": 70451323,
            "current_ratio": 278.8,
            "debt_ratio": 41.58,
            "inventory_turnover_ratio": 1.34,
            "account_receivable_turnover_ratio": 1.44,
            "reinvestment_rate": 5.51,
            "research_to_sale_ratio": 12.6,
            "price_fair": 934.76,
            "eps_avg_yearly": 26.71,
            "eps_latest_yearly": 71.88,
            "eps_growth_yearly": 69.75
        },
        "20221": {
            "year_quarter": 20221,
            "year": 2022,
            "quarter": 1,
            "eps": 18.3,
            "eps_growth_year": 89.44,
            "eps_4q": 72.51,
            "eps_4q_growth_year": 185.02,
            "roe": 14.71,
            "roe_4q": 75.94,
            "gross_profit": 18524079,
            "gross_margin": 50.73,
            "gross_margin_4q_avg": 51.11,
            "net_income": 11134928,
            "net_income_4q": null,
            "revenue": 36511685,
            "revenue_4q": null,
            "common_shares": 6085115,
            "book_valuer_per_share": 132.96,
            "book_valuer_per_share_4q_avg": 105.63,
            "equity": 80907797,
            "current_ratio": 311.3,
            "debt_ratio": 38.34,
            "inventory_turnover_ratio": 1.18,
            "account_receivable_turnover_ratio": 1.54,
            "reinvestment_rate": 7.01,
            "research_to_sale_ratio": 12.18,
            "price_fair": 1081.68,
            "eps_avg_yearly": 30.91,
            "eps_latest_yearly": 73.2,
            "eps_growth_yearly": 77.73
        },
        "20222": {
            "year_quarter": 20222,
            "year": 2022,
            "quarter": 2,
            "eps": 13.95,
            "eps_growth_year": -13.25,
            "eps_4q": 70.38,
            "eps_4q_growth_year": 88.57,
            "roe": 12.29,
            "roe_4q": 67.07,
            "gross_profit": 14982460,
            "gross_margin": 47.62,
            "gross_margin_4q_avg": 50.44,
            "net_income": 8486735,
            "net_income_4q": null,
            "revenue": 31461142,
            "revenue_4q": null,
            "common_shares": 6085115,
            "book_valuer_per_share": 94.02,
            "book_valuer_per_share_4q_avg": 110.05,
            "equity": 57213395,
            "current_ratio": 182.52,
            "debt_ratio": 57.13,
            "inventory_turnover_ratio": 0.94,
            "account_receivable_turnover_ratio": 1.39,
            "reinvestment_rate": 6.29,
            "research_to_sale_ratio": 13.46,
            "price_fair": 1180.99,
            "eps_avg_yearly": 33.74,
            "eps_latest_yearly": 55.8,
            "eps_growth_yearly": 53.74
        },
        "20223": {
            "year_quarter": 20223,
            "year": 2022,
            "quarter": 3,
            "eps": 7.07,
            "eps_growth_year": -64.95,
            "eps_4q": 57.29,
            "eps_4q_growth_year": 10.4,
            "roe": 7.26,
            "roe_4q": 51.12,
            "gross_profit": 8344293,
            "gross_margin": 42.65,
            "gross_margin_4q_avg": 48.11,
            "net_income": 4305080,
            "net_income_4q": null,
            "revenue": 19563686,
            "revenue_4q": null,
            "common_shares": 6085115,
            "book_valuer_per_share": 100.74,
            "book_valuer_per_share_4q_avg": 110.88,
            "equity": 61301496,
            "current_ratio": 394.05,
            "debt_ratio": 35.43,
            "inventory_turnover_ratio": 0.62,
            "account_receivable_turnover_ratio": 1.11,
            "reinvestment_rate": 5.89,
            "research_to_sale_ratio": 17.77,
            "price_fair": 1216.43,
            "eps_avg_yearly": 34.76,
            "eps_latest_yearly": 28.28,
            "eps_growth_yearly": 37.37
        },
        "20224": {
            "year_quarter": 20224,
            "year": 2022,
            "quarter": 4,
            "eps": 6.64,
            "eps_growth_year": -63.02,
            "eps_4q": 45.96,
            "eps_4q_growth_year": -28.04,
            "roe": 6.37,
            "roe_4q": 40.629999999999995,
            "gross_profit": 9090355,
            "gross_margin": 40.55,
            "gross_margin_4q_avg": 45.39,
            "net_income": 4042779,
            "net_income_4q": null,
            "revenue": 22420161,
            "revenue_4q": null,
            "common_shares": 6085115,
            "book_valuer_per_share": 107.76,
            "book_valuer_per_share_4q_avg": 108.87,
            "equity": 65570205,
            "current_ratio": 326.96,
            "debt_ratio": 34.79,
            "inventory_turnover_ratio": 0.91,
            "account_receivable_turnover_ratio": 1.51,
            "reinvestment_rate": 5.28,
            "research_to_sale_ratio": 14.5,
            "price_fair": 1245.04,
            "eps_avg_yearly": 35.57,
            "eps_latest_yearly": 26.56,
            "eps_growth_yearly": 32.95
        },
        "20231": {
            "year_quarter": 20231,
            "year": 2023,
            "quarter": 1,
            "eps": 7.81,
            "eps_growth_year": -57.32,
            "eps_4q": 35.47,
            "eps_4q_growth_year": -51.08,
            "roe": 6.96,
            "roe_4q": 32.879999999999995,
            "gross_profit": 10078803,
            "gross_margin": 41.91,
            "gross_margin_4q_avg": 43.18,
            "net_income": 4751836,
            "net_income_4q": null,
            "revenue": 24045882,
            "revenue_4q": null,
            "common_shares": 6085115,
            "book_valuer_per_share": 116.59,
            "book_valuer_per_share_4q_avg": 104.78,
            "equity": 70945808,
            "current_ratio": 349.5,
            "debt_ratio": 34.63,
            "inventory_turnover_ratio": 1.23,
            "account_receivable_turnover_ratio": 1.47,
            "reinvestment_rate": 5.07,
            "research_to_sale_ratio": 15.69,
            "price_fair": 1285.11,
            "eps_avg_yearly": 36.72,
            "eps_latest_yearly": 31.24,
            "eps_growth_yearly": 38.4
        },
        "20232": {
            "year_quarter": 20232,
            "year": 2023,
            "quarter": 2,
            "eps": 11.29,
            "eps_growth_year": -19.07,
            "eps_4q": 32.82,
            "eps_4q_growth_year": -53.37,
            "roe": 10.89,
            "roe_4q": 31.480000000000004,
            "gross_profit": 12646823,
            "gross_margin": 41.74,
            "gross_margin_4q_avg": 41.71,
            "net_income": 6871899,
            "net_income_4q": null,
            "revenue": 30299029,
            "revenue_4q": null,
            "common_shares": 6085115,
            "book_valuer_per_share": 90.74,
            "book_valuer_per_share_4q_avg": 103.96,
            "equity": 55216656,
            "current_ratio": 194.83,
            "debt_ratio": 53.16,
            "inventory_turnover_ratio": 1.67,
            "account_receivable_turnover_ratio": 1.62,
            "reinvestment_rate": 4.19,
            "research_to_sale_ratio": 14.44,
            "price_fair": 1353.28,
            "eps_avg_yearly": 38.67,
            "eps_latest_yearly": 45.16,
            "eps_growth_yearly": 47.45
        },
        "20233": {
            "year_quarter": 20233,
            "year": 2023,
            "quarter": 3,
            "eps": 10.46,
            "eps_growth_year": 47.95,
            "eps_4q": 36.21,
            "eps_4q_growth_year": -36.8,
            "roe": 10.89,
            "roe_4q": 35.11,
            "gross_profit": 12222668,
            "gross_margin": 42.25,
            "gross_margin_4q_avg": 41.61,
            "net_income": 6365821,
            "net_income_4q": null,
            "revenue": 28929962,
            "revenue_4q": null,
            "common_shares": 6085115,
            "book_valuer_per_share": 101.33,
            "book_valuer_per_share_4q_avg": 104.11,
            "equity": 61657439,
            "current_ratio": 298.16,
            "debt_ratio": 38.91,
            "inventory_turnover_ratio": 1.7,
            "account_receivable_turnover_ratio": 1.41,
            "reinvestment_rate": 3.54,
            "research_to_sale_ratio": 15.08,
            "price_fair": 1415.58,
            "eps_avg_yearly": 40.45,
            "eps_latest_yearly": 41.84,
            "eps_growth_yearly": 46.75
        }
    },
    "months": {
        "2002-08": {
            "month": "2002-08",
            "price": "73.50",
            "revenue": 503127
        },
        "2002-09": {
            "month": "2002-09",
            "price": "70.18",
            "revenue": 526343
        },
        "2002-10": {
            "month": "2002-10",
            "price": "68.68",
            "revenue": 664117
        },
        "2002-11": {
            "month": "2002-11",
            "price": "76.12",
            "revenue": 681658
        },
        "2002-12": {
            "month": "2002-12",
            "price": "69.34",
            "revenue": 643446
        },
        "2003-01": {
            "month": "2003-01",
            "price": "61.66",
            "revenue": 708756
        },
        "2003-02": {
            "month": "2003-02",
            "price": "59.00",
            "revenue": 617238
        },
        "2003-03": {
            "month": "2003-03",
            "price": "63.50",
            "revenue": 747900
        },
        "2003-04": {
            "month": "2003-04",
            "price": "67.64",
            "revenue": 832893
        },
        "2003-05": {
            "month": "2003-05",
            "price": "67.83",
            "revenue": 906672
        },
        "2003-06": {
            "month": "2003-06",
            "price": "77.78",
            "revenue": 924018
        },
        "2003-07": {
            "month": "2003-07",
            "price": "89.35",
            "revenue": 871987
        },
        "2003-08": {
            "month": "2003-08",
            "price": "96.40",
            "revenue": 945347
        },
        "2003-09": {
            "month": "2003-09",
            "price": "99.71",
            "revenue": 1076915
        },
        "2003-10": {
            "month": "2003-10",
            "price": "112.30",
            "revenue": 1110109
        },
        "2003-11": {
            "month": "2003-11",
            "price": "106.30",
            "revenue": 1063093
        },
        "2003-12": {
            "month": "2003-12",
            "price": "98.30",
            "revenue": 1109345
        },
        "2004-01": {
            "month": "2004-01",
            "price": "110.33",
            "revenue": 1206600
        },
        "2004-02": {
            "month": "2004-02",
            "price": "128.22",
            "revenue": 1265331
        },
        "2004-03": {
            "month": "2004-03",
            "price": "133.85",
            "revenue": 1359356
        },
        "2004-04": {
            "month": "2004-04",
            "price": "142.32",
            "revenue": 1480338
        },
        "2004-05": {
            "month": "2004-05",
            "price": "131.48",
            "revenue": 1650637
        },
        "2004-06": {
            "month": "2004-06",
            "price": "113.55",
            "revenue": 1705557
        },
        "2004-07": {
            "month": "2004-07",
            "price": "92.02",
            "revenue": 1625930
        },
        "2004-08": {
            "month": "2004-08",
            "price": "87.82",
            "revenue": 1403384
        },
        "2004-09": {
            "month": "2004-09",
            "price": "88.74",
            "revenue": 1435142
        },
        "2004-10": {
            "month": "2004-10",
            "price": "84.68",
            "revenue": 1481875
        },
        "2004-11": {
            "month": "2004-11",
            "price": "92.14",
            "revenue": 1509757
        },
        "2004-12": {
            "month": "2004-12",
            "price": "101.72",
            "revenue": 1387258
        },
        "2005-01": {
            "month": "2005-01",
            "price": "105.69",
            "revenue": 1750873
        },
        "2005-02": {
            "month": "2005-02",
            "price": "124.96",
            "revenue": 1532477
        },
        "2005-03": {
            "month": "2005-03",
            "price": "134.72",
            "revenue": 1812449
        },
        "2005-04": {
            "month": "2005-04",
            "price": "140.90",
            "revenue": 2078408
        },
        "2005-05": {
            "month": "2005-05",
            "price": "146.88",
            "revenue": 2115458
        },
        "2005-06": {
            "month": "2005-06",
            "price": "139.50",
            "revenue": 2012761
        },
        "2005-07": {
            "month": "2005-07",
            "price": "139.75",
            "revenue": 2116849
        },
        "2005-08": {
            "month": "2005-08",
            "price": "144.23",
            "revenue": 2309250
        },
        "2005-09": {
            "month": "2005-09",
            "price": "140.10",
            "revenue": 2404541
        },
        "2005-10": {
            "month": "2005-10",
            "price": "139.98",
            "revenue": 2609823
        },
        "2005-11": {
            "month": "2005-11",
            "price": "156.57",
            "revenue": 2714617
        },
        "2005-12": {
            "month": "2005-12",
            "price": "179.77",
            "revenue": 2526010
        },
        "2006-01": {
            "month": "2006-01",
            "price": "199.94",
            "revenue": 2791506
        },
        "2006-02": {
            "month": "2006-02",
            "price": "210.03",
            "revenue": 2555603
        },
        "2006-03": {
            "month": "2006-03",
            "price": "227.43",
            "revenue": 2602086
        },
        "2006-04": {
            "month": "2006-04",
            "price": "210.63",
            "revenue": 2620460
        },
        "2006-05": {
            "month": "2006-05",
            "price": "187.71",
            "revenue": 2204861
        },
        "2006-06": {
            "month": "2006-06",
            "price": "159.89",
            "revenue": 1828373
        },
        "2006-07": {
            "month": "2006-07",
            "price": "160.07",
            "revenue": 2104113
        },
        "2006-08": {
            "month": "2006-08",
            "price": "165.70",
            "revenue": 2650860
        },
        "2006-09": {
            "month": "2006-09",
            "price": "162.69",
            "revenue": 3053463
        },
        "2006-10": {
            "month": "2006-10",
            "price": "159.55",
            "revenue": 3468335
        },
        "2006-11": {
            "month": "2006-11",
            "price": "149.59",
            "revenue": 3189257
        },
        "2006-12": {
            "month": "2006-12",
            "price": "143.10",
            "revenue": 2359405
        },
        "2007-01": {
            "month": "2007-01",
            "price": "161.64",
            "revenue": 2722919
        },
        "2007-02": {
            "month": "2007-02",
            "price": "162.29",
            "revenue": 2253207
        },
        "2007-03": {
            "month": "2007-03",
            "price": "147.80",
            "revenue": 2644035
        },
        "2007-04": {
            "month": "2007-04",
            "price": "156.05",
            "revenue": 3062355
        },
        "2007-05": {
            "month": "2007-05",
            "price": "165.48",
            "revenue": 3130607
        },
        "2007-06": {
            "month": "2007-06",
            "price": "178.28",
            "revenue": 2827943
        },
        "2007-07": {
            "month": "2007-07",
            "price": "167.95",
            "revenue": 3199172
        },
        "2007-08": {
            "month": "2007-08",
            "price": "138.26",
            "revenue": 3496501
        },
        "2007-09": {
            "month": "2007-09",
            "price": "136.47",
            "revenue": 3369302
        },
        "2007-10": {
            "month": "2007-10",
            "price": "146.95",
            "revenue": 3523680
        },
        "2007-11": {
            "month": "2007-11",
            "price": "136.82",
            "revenue": 3283891
        },
        "2007-12": {
            "month": "2007-12",
            "price": "123.02",
            "revenue": 2615887
        },
        "2008-01": {
            "month": "2008-01",
            "price": "112.11",
            "revenue": 2729785
        },
        "2008-02": {
            "month": "2008-02",
            "price": "106.68",
            "revenue": 2260202
        },
        "2008-03": {
            "month": "2008-03",
            "price": "109.83",
            "revenue": 2515612
        },
        "2008-04": {
            "month": "2008-04",
            "price": "115.60",
            "revenue": 2521879
        },
        "2008-05": {
            "month": "2008-05",
            "price": "116.79",
            "revenue": 2503400
        },
        "2008-06": {
            "month": "2008-06",
            "price": "103.26",
            "revenue": 2212265
        },
        "2008-07": {
            "month": "2008-07",
            "price": "77.10",
            "revenue": 2346077
        },
        "2008-08": {
            "month": "2008-08",
            "price": "66.54",
            "revenue": 2224475
        },
        "2008-09": {
            "month": "2008-09",
            "price": "55.64",
            "revenue": 2337575
        },
        "2008-10": {
            "month": "2008-10",
            "price": "41.22",
            "revenue": 2151976
        },
        "2008-11": {
            "month": "2008-11",
            "price": "29.81",
            "revenue": 1414069
        },
        "2008-12": {
            "month": "2008-12",
            "price": "29.63",
            "revenue": 958896
        },
        "2009-01": {
            "month": "2009-01",
            "price": "34.43",
            "revenue": 904006
        },
        "2009-02": {
            "month": "2009-02",
            "price": "39.53",
            "revenue": 1158030
        },
        "2009-03": {
            "month": "2009-03",
            "price": "48.18",
            "revenue": 1721344
        },
        "2009-04": {
            "month": "2009-04",
            "price": "62.41",
            "revenue": 2159299
        },
        "2009-05": {
            "month": "2009-05",
            "price": "81.23",
            "revenue": 2560782
        },
        "2009-06": {
            "month": "2009-06",
            "price": "75.76",
            "revenue": 2720398
        },
        "2009-07": {
            "month": "2009-07",
            "price": "87.45",
            "revenue": 2758241
        },
        "2009-08": {
            "month": "2009-08",
            "price": "82.36",
            "revenue": 2909186
        },
        "2009-09": {
            "month": "2009-09",
            "price": "78.37",
            "revenue": 2820489
        },
        "2009-10": {
            "month": "2009-10",
            "price": "76.64",
            "revenue": 2512780
        },
        "2009-11": {
            "month": "2009-11",
            "price": "80.67",
            "revenue": 2360264
        },
        "2009-12": {
            "month": "2009-12",
            "price": "99.49",
            "revenue": 2411936
        },
        "2010-01": {
            "month": "2010-01",
            "price": "100.67",
            "revenue": 2905976
        },
        "2010-02": {
            "month": "2010-02",
            "price": "92.71",
            "revenue": 2658028
        },
        "2010-03": {
            "month": "2010-03",
            "price": "98.73",
            "revenue": 3124423
        },
        "2010-04": {
            "month": "2010-04",
            "price": "106.17",
            "revenue": 3246143
        },
        "2010-05": {
            "month": "2010-05",
            "price": "95.11",
            "revenue": 3253210
        },
        "2010-06": {
            "month": "2010-06",
            "price": "89.14",
            "revenue": 2923183
        },
        "2010-07": {
            "month": "2010-07",
            "price": "90.35",
            "revenue": 3127836
        },
        "2010-08": {
            "month": "2010-08",
            "price": "82.61",
            "revenue": 3213185
        },
        "2010-09": {
            "month": "2010-09",
            "price": "83.36",
            "revenue": 3088987
        },
        "2010-10": {
            "month": "2010-10",
            "price": "88.55",
            "revenue": 2615467
        },
        "2010-11": {
            "month": "2010-11",
            "price": "90.05",
            "revenue": 3086885
        },
        "2010-12": {
            "month": "2010-12",
            "price": "96.93",
            "revenue": 3018101
        },
        "2011-01": {
            "month": "2011-01",
            "price": "95.95",
            "revenue": 3026249
        },
        "2011-02": {
            "month": "2011-02",
            "price": "90.90",
            "revenue": 2419204
        },
        "2011-03": {
            "month": "2011-03",
            "price": "88.33",
            "revenue": 2933791
        },
        "2011-04": {
            "month": "2011-04",
            "price": "86.74",
            "revenue": 3064380
        },
        "2011-05": {
            "month": "2011-05",
            "price": "91.27",
            "revenue": 3181740
        },
        "2011-06": {
            "month": "2011-06",
            "price": "94.43",
            "revenue": 3083949
        },
        "2011-07": {
            "month": "2011-07",
            "price": "87.05",
            "revenue": 3016819
        },
        "2011-08": {
            "month": "2011-08",
            "price": "69.77",
            "revenue": 3031032
        },
        "2011-09": {
            "month": "2011-09",
            "price": "72.86",
            "revenue": 2915485
        },
        "2011-10": {
            "month": "2011-10",
            "price": "73.34",
            "revenue": 2979095
        },
        "2011-11": {
            "month": "2011-11",
            "price": "76.43",
            "revenue": 2830243
        },
        "2011-12": {
            "month": "2011-12",
            "price": "74.21",
            "revenue": 2552279
        },
        "2012-01": {
            "month": "2012-01",
            "price": "81.29",
            "revenue": 2322047
        },
        "2012-02": {
            "month": "2012-02",
            "price": "88.80",
            "revenue": 2516447
        },
        "2012-03": {
            "month": "2012-03",
            "price": "90.56",
            "revenue": 2669682
        },
        "2012-04": {
            "month": "2012-04",
            "price": "88.34",
            "revenue": 2805739
        },
        "2012-05": {
            "month": "2012-05",
            "price": "88.39",
            "revenue": 2857381
        },
        "2012-06": {
            "month": "2012-06",
            "price": "88.55",
            "revenue": 2902617
        },
        "2012-07": {
            "month": "2012-07",
            "price": "86.67",
            "revenue": 3158808
        },
        "2012-08": {
            "month": "2012-08",
            "price": "92.19",
            "revenue": 3462199
        },
        "2012-09": {
            "month": "2012-09",
            "price": "102.17",
            "revenue": 3615270
        },
        "2012-10": {
            "month": "2012-10",
            "price": "105.98",
            "revenue": 3752668
        },
        "2012-11": {
            "month": "2012-11",
            "price": "112.66",
            "revenue": 3613738
        },
        "2012-12": {
            "month": "2012-12",
            "price": "118.45",
            "revenue": 3334293
        },
        "2013-01": {
            "month": "2013-01",
            "price": "115.61",
            "revenue": 3303987
        },
        "2013-02": {
            "month": "2013-02",
            "price": "121.69",
            "revenue": 2734319
        },
        "2013-03": {
            "month": "2013-03",
            "price": "129.21",
            "revenue": 3299895
        },
        "2013-04": {
            "month": "2013-04",
            "price": "137.05",
            "revenue": 3608462
        },
        "2013-05": {
            "month": "2013-05",
            "price": "147.70",
            "revenue": 3823281
        },
        "2013-06": {
            "month": "2013-06",
            "price": "139.47",
            "revenue": 3495875
        },
        "2013-07": {
            "month": "2013-07",
            "price": "132.46",
            "revenue": 3328170
        },
        "2013-08": {
            "month": "2013-08",
            "price": "118.48",
            "revenue": 3597463
        },
        "2013-09": {
            "month": "2013-09",
            "price": "125.50",
            "revenue": 3647945
        },
        "2013-10": {
            "month": "2013-10",
            "price": "115.61",
            "revenue": 3514463
        },
        "2013-11": {
            "month": "2013-11",
            "price": "112.48",
            "revenue": 3558288
        },
        "2013-12": {
            "month": "2013-12",
            "price": "120.09",
            "revenue": 3537506
        },
        "2014-01": {
            "month": "2014-01",
            "price": "125.33",
            "revenue": 3519687
        },
        "2014-02": {
            "month": "2014-02",
            "price": "131.76",
            "revenue": 3313477
        },
        "2014-03": {
            "month": "2014-03",
            "price": "139.67",
            "revenue": 3760006
        },
        "2014-04": {
            "month": "2014-04",
            "price": "142.55",
            "revenue": 4367071
        },
        "2014-05": {
            "month": "2014-05",
            "price": "147.38",
            "revenue": 4495831
        },
        "2014-06": {
            "month": "2014-06",
            "price": "145.88",
            "revenue": 4220274
        },
        "2014-07": {
            "month": "2014-07",
            "price": "150.73",
            "revenue": 4813575
        },
        "2014-08": {
            "month": "2014-08",
            "price": "153.76",
            "revenue": 5111800
        },
        "2014-09": {
            "month": "2014-09",
            "price": "151.33",
            "revenue": 5356279
        },
        "2014-10": {
            "month": "2014-10",
            "price": "151.45",
            "revenue": 5418792
        },
        "2014-11": {
            "month": "2014-11",
            "price": "167.58",
            "revenue": 5041780
        },
        "2014-12": {
            "month": "2014-12",
            "price": "171.50",
            "revenue": 4648410
        },
        "2015-01": {
            "month": "2015-01",
            "price": "182.58",
            "revenue": 4624544
        },
        "2015-02": {
            "month": "2015-02",
            "price": "171.58",
            "revenue": 3822590
        },
        "2015-03": {
            "month": "2015-03",
            "price": "168.95",
            "revenue": 4250746
        },
        "2015-04": {
            "month": "2015-04",
            "price": "157.48",
            "revenue": 4255094
        },
        "2015-05": {
            "month": "2015-05",
            "price": "158.18",
            "revenue": 4011141
        },
        "2015-06": {
            "month": "2015-06",
            "price": "153.69",
            "revenue": 4190025
        },
        "2015-07": {
            "month": "2015-07",
            "price": "131.05",
            "revenue": 4397086
        },
        "2015-08": {
            "month": "2015-08",
            "price": "109.81",
            "revenue": 4418826
        },
        "2015-09": {
            "month": "2015-09",
            "price": "113.18",
            "revenue": 4268164
        },
        "2015-10": {
            "month": "2015-10",
            "price": "114.14",
            "revenue": 4419931
        },
        "2015-11": {
            "month": "2015-11",
            "price": "119.93",
            "revenue": 4204216
        },
        "2015-12": {
            "month": "2015-12",
            "price": "131.87",
            "revenue": 4007765
        },
        "2016-01": {
            "month": "2016-01",
            "price": "122.05",
            "revenue": 4037993
        },
        "2016-02": {
            "month": "2016-02",
            "price": "135.08",
            "revenue": 3111217
        },
        "2016-03": {
            "month": "2016-03",
            "price": "130.80",
            "revenue": 3820834
        },
        "2016-04": {
            "month": "2016-04",
            "price": "115.61",
            "revenue": 3830088
        },
        "2016-05": {
            "month": "2016-05",
            "price": "107.40",
            "revenue": 3872523
        },
        "2016-06": {
            "month": "2016-06",
            "price": "111.48",
            "revenue": 3737463
        },
        "2016-07": {
            "month": "2016-07",
            "price": "115.18",
            "revenue": 3815389
        },
        "2016-08": {
            "month": "2016-08",
            "price": "109.50",
            "revenue": 4094737
        },
        "2016-09": {
            "month": "2016-09",
            "price": "110.47",
            "revenue": 4111217
        },
        "2016-10": {
            "month": "2016-10",
            "price": "117.20",
            "revenue": 3864010
        },
        "2016-11": {
            "month": "2016-11",
            "price": "108.64",
            "revenue": 3630255
        },
        "2016-12": {
            "month": "2016-12",
            "price": "106.32",
            "revenue": 3725155
        },
        "2017-01": {
            "month": "2017-01",
            "price": "109.81",
            "revenue": 3651765
        },
        "2017-02": {
            "month": "2017-02",
            "price": "116.39",
            "revenue": 3360330
        },
        "2017-03": {
            "month": "2017-03",
            "price": "116.15",
            "revenue": 3906443
        },
        "2017-04": {
            "month": "2017-04",
            "price": "114.56",
            "revenue": 3910213
        },
        "2017-05": {
            "month": "2017-05",
            "price": "119.70",
            "revenue": 4015948
        },
        "2017-06": {
            "month": "2017-06",
            "price": "122.63",
            "revenue": 3879881
        },
        "2017-07": {
            "month": "2017-07",
            "price": "120.40",
            "revenue": 3952776
        },
        "2017-08": {
            "month": "2017-08",
            "price": "111.67",
            "revenue": 4121012
        },
        "2017-09": {
            "month": "2017-09",
            "price": "114.86",
            "revenue": 4324469
        },
        "2017-10": {
            "month": "2017-10",
            "price": "114.00",
            "revenue": 4264670
        },
        "2017-11": {
            "month": "2017-11",
            "price": "116.27",
            "revenue": 4071011
        },
        "2017-12": {
            "month": "2017-12",
            "price": "113.76",
            "revenue": 3615173
        },
        "2018-01": {
            "month": "2018-01",
            "price": "120.91",
            "revenue": 3670359
        },
        "2018-02": {
            "month": "2018-02",
            "price": "125.27",
            "revenue": 3011177
        },
        "2018-03": {
            "month": "2018-03",
            "price": "133.04",
            "revenue": 3784337
        },
        "2018-04": {
            "month": "2018-04",
            "price": "127.22",
            "revenue": 4175639
        },
        "2018-05": {
            "month": "2018-05",
            "price": "133.23",
            "revenue": 4565699
        },
        "2018-06": {
            "month": "2018-06",
            "price": "140.90",
            "revenue": 4523614
        },
        "2018-07": {
            "month": "2018-07",
            "price": "140.48",
            "revenue": 5026125
        },
        "2018-08": {
            "month": "2018-08",
            "price": "150.20",
            "revenue": 5279006
        },
        "2018-09": {
            "month": "2018-09",
            "price": "149.79",
            "revenue": 5451528
        },
        "2018-10": {
            "month": "2018-10",
            "price": "135.52",
            "revenue": 5242937
        },
        "2018-11": {
            "month": "2018-11",
            "price": "130.48",
            "revenue": 4998288
        },
        "2018-12": {
            "month": "2018-12",
            "price": "139.17",
            "revenue": 5105147
        },
        "2019-01": {
            "month": "2019-01",
            "price": "147.60",
            "revenue": 5118504
        },
        "2019-02": {
            "month": "2019-02",
            "price": "169.92",
            "revenue": 4616286
        },
        "2019-03": {
            "month": "2019-03",
            "price": "182.42",
            "revenue": 5211646
        },
        "2019-04": {
            "month": "2019-04",
            "price": "198.28",
            "revenue": 5520124
        },
        "2019-05": {
            "month": "2019-05",
            "price": "188.48",
            "revenue": 5590683
        },
        "2019-06": {
            "month": "2019-06",
            "price": "165.13",
            "revenue": 5193960
        },
        "2019-07": {
            "month": "2019-07",
            "price": "174.33",
            "revenue": 5413734
        },
        "2019-08": {
            "month": "2019-08",
            "price": "168.55",
            "revenue": 5567553
        },
        "2019-09": {
            "month": "2019-09",
            "price": "186.26",
            "revenue": 5614106
        },
        "2019-10": {
            "month": "2019-10",
            "price": "190.48",
            "revenue": 5635006
        },
        "2019-11": {
            "month": "2019-11",
            "price": "217.74",
            "revenue": 5484492
        },
        "2019-12": {
            "month": "2019-12",
            "price": "223.64",
            "revenue": 5406212
        },
        "2020-01": {
            "month": "2020-01",
            "price": "223.73",
            "revenue": 5619245
        },
        "2020-02": {
            "month": "2020-02",
            "price": "211.68",
            "revenue": 5459987
        },
        "2020-03": {
            "month": "2020-03",
            "price": "179.23",
            "revenue": 5811922
        },
        "2020-04": {
            "month": "2020-04",
            "price": "182.10",
            "revenue": 6544234
        },
        "2020-05": {
            "month": "2020-05",
            "price": "201.15",
            "revenue": 6212160
        },
        "2020-06": {
            "month": "2020-06",
            "price": "217.58",
            "revenue": 5853894
        },
        "2020-07": {
            "month": "2020-07",
            "price": "269.33",
            "revenue": 6743704
        },
        "2020-08": {
            "month": "2020-08",
            "price": "275.86",
            "revenue": 7283388
        },
        "2020-09": {
            "month": "2020-09",
            "price": "251.20",
            "revenue": 7974144
        },
        "2020-10": {
            "month": "2020-10",
            "price": "277.18",
            "revenue": 7567730
        },
        "2020-11": {
            "month": "2020-11",
            "price": "288.95",
            "revenue": 7578960
        },
        "2020-12": {
            "month": "2020-12",
            "price": "325.43",
            "revenue": 7306153
        },
        "2021-01": {
            "month": "2021-01",
            "price": "395.38",
            "revenue": 8122309
        },
        "2021-02": {
            "month": "2021-02",
            "price": "484.46",
            "revenue": 8714832
        },
        "2021-03": {
            "month": "2021-03",
            "price": "515.20",
            "revenue": 9529374
        },
        "2021-04": {
            "month": "2021-04",
            "price": "604.05",
            "revenue": 11083873
        },
        "2021-05": {
            "month": "2021-05",
            "price": "510.67",
            "revenue": 11447855
        },
        "2021-06": {
            "month": "2021-06",
            "price": "502.21",
            "revenue": 11579574
        },
        "2021-07": {
            "month": "2021-07",
            "price": "497.57",
            "revenue": 12499127
        },
        "2021-08": {
            "month": "2021-08",
            "price": "501.52",
            "revenue": 12914781
        },
        "2021-09": {
            "month": "2021-09",
            "price": "433.60",
            "revenue": 12931679
        },
        "2021-10": {
            "month": "2021-10",
            "price": "395.72",
            "revenue": 12591214
        },
        "2021-11": {
            "month": "2021-11",
            "price": "458.66",
            "revenue": 12066865
        },
        "2021-12": {
            "month": "2021-12",
            "price": "519.16",
            "revenue": 11884027
        },
        "2022-01": {
            "month": "2022-01",
            "price": "504.53",
            "revenue": 12317273
        },
        "2022-02": {
            "month": "2022-02",
            "price": "456.57",
            "revenue": 11724693
        },
        "2022-03": {
            "month": "2022-03",
            "price": "451.96",
            "revenue": 12469719
        },
        "2022-04": {
            "month": "2022-04",
            "price": "397.61",
            "revenue": 12319563
        },
        "2022-05": {
            "month": "2022-05",
            "price": "394.62",
            "revenue": 10983507
        },
        "2022-06": {
            "month": "2022-06",
            "price": "361.00",
            "revenue": 8158072
        },
        "2022-07": {
            "month": "2022-07",
            "price": "266.76",
            "revenue": 6865719
        },
        "2022-08": {
            "month": "2022-08",
            "price": "259.63",
            "revenue": 6527191
        },
        "2022-09": {
            "month": "2022-09",
            "price": "244.76",
            "revenue": 6170776
        },
        "2022-10": {
            "month": "2022-10",
            "price": "238.75",
            "revenue": 6872497
        },
        "2022-11": {
            "month": "2022-11",
            "price": "284.00",
            "revenue": 7778774
        },
        "2022-12": {
            "month": "2022-12",
            "price": "304.39",
            "revenue": 7768890
        },
        "2023-01": {
            "month": "2023-01",
            "price": "345.88",
            "revenue": 7223448
        },
        "2023-02": {
            "month": "2023-02",
            "price": "388.56",
            "revenue": 7641447
        },
        "2023-03": {
            "month": "2023-03",
            "price": "424.48",
            "revenue": 9180987
        },
        "2023-04": {
            "month": "2023-04",
            "price": "439.91",
            "revenue": 9961365
        },
        "2023-05": {
            "month": "2023-05",
            "price": "415.84",
            "revenue": 10225236
        },
        "2023-06": {
            "month": "2023-06",
            "price": "449.98",
            "revenue": 10112428
        },
        "2023-07": {
            "month": "2023-07",
            "price": "415.17",
            "revenue": 9675040
        },
        "2023-08": {
            "month": "2023-08",
            "price": "399.36",
            "revenue": 9694234
        },
        "2023-09": {
            "month": "2023-09",
            "price": "432.20",
            "revenue": 9560688
        },
        "2023-10": {
            "month": "2023-10",
            "price": "435.38",
            "revenue": 9525678
        },
        "2023-11": {
            "month": "2023-11",
            "price": "492.05",
            "revenue": 8948713
        }
    }
}
