{
    "summary": {
        "stock_name": "智原",
        "stock_id": "3035",
        "category": "半導體",
        "main_business": "特殊應用積體電路設計(ASIC)<br>特殊應用積體電路設計用矽智財及系統平台(IP &amp; System Platform)<br>特殊應用積體電路電子設計、自動化軟體工具(ASIC EDA Tools)",
        "website_url": "http://www.faraday-tech.com",
        "ceo": "王國雍",
        "pe_ratio": 49,
        "report_year_from": 2001,
        "report_year_to": 2023,
        "age": 23,
        "eps_negative_percentage": 0,
        "eps_growth_avg": {
            "last_all": 4.1,
            "last_2y": 50.54,
            "last_4y": 32.17,
            "last_8y": 18.57,
            "last_12y": 10.63,
            "last_16y": 5.59,
            "last_20y": 4.83,
            "at_2006_last_3y": 1.58,
            "at_2007_last_3y": -0.23,
            "at_2008_last_3y": -16.21,
            "at_2009_last_3y": -14.83,
            "at_2010_last_3y": -10.79,
            "at_2011_last_3y": -33.61,
            "at_2012_last_3y": 6.57,
            "at_2013_last_3y": -0.5,
            "at_2014_last_3y": -7.21,
            "at_2015_last_3y": 4.86,
            "at_2016_last_3y": -16.68,
            "at_2017_last_3y": 14.29,
            "at_2018_last_3y": 1.56,
            "at_2019_last_3y": 19.28,
            "at_2020_last_3y": 10.1,
            "at_2021_last_3y": 10.1,
            "at_2022_last_3y": 52.3,
            "at_2023_last_3y": 32.19,
            "at_2024_last_3y": 32.19,
            "at_2006_last_all": -0.99,
            "at_2007_last_all": -0.13,
            "at_2008_last_all": -8.78,
            "at_2009_last_all": -7.13,
            "at_2010_last_all": -5.35,
            "at_2011_last_all": -13.52,
            "at_2012_last_all": -3.2,
            "at_2013_last_all": -4.92,
            "at_2014_last_all": -5.92,
            "at_2015_last_all": -8.27,
            "at_2016_last_all": -6.79,
            "at_2017_last_all": -0.12,
            "at_2018_last_all": -4.16,
            "at_2019_last_all": -2.15,
            "at_2020_last_all": -3.24,
            "at_2021_last_all": 1.93,
            "at_2022_last_all": 6.6,
            "at_2023_last_all": 4.1,
            "at_2024_last_all": 4.1
        },
        "latest_eps": 7.22,
        "latest_price": 357,
        "latest_roe": 19.32,
        "latest_gross_margin": 43.25,
        "latest_equity": 9330115,
        "latest_revenue": 2962479,
        "latest_gross_profit": 1281218,
        "latest_net_income": 341310,
        "latest_debt_ratio": 30.74,
        "latest_current_ratio": 241.9,
        "latest_account_receivable_turnover_ratio": 2.09,
        "latest_inventory_turnover_ratio": 0.99,
        "latest_reinvestment_rate": -2.56,
        "latest_research_to_sale_ratio": 20.33
    },
    "eps_dividends": {
        "1999": {
            "cash": 0,
            "stock": 4,
            "eps": 0
        },
        "2000": {
            "cash": 0,
            "stock": 4.5,
            "eps": 0
        },
        "2001": {
            "cash": 1,
            "stock": 4,
            "eps": 5.32
        },
        "2002": {
            "cash": 0,
            "stock": 3,
            "eps": 4.72
        },
        "2003": {
            "cash": 0.5,
            "stock": 2.5,
            "eps": 5.26
        },
        "2004": {
            "cash": 2.2,
            "stock": 1.3,
            "eps": 5.43
        },
        "2005": {
            "cash": 3.1,
            "stock": 0.9,
            "eps": 5.37
        },
        "2006": {
            "cash": 3.3,
            "stock": 0.7,
            "eps": 4.98
        },
        "2007": {
            "cash": 3.27,
            "stock": 0.2,
            "eps": 5.19
        },
        "2008": {
            "cash": 3.49,
            "stock": 0.1,
            "eps": 2.04
        },
        "2009": {
            "cash": 1.5,
            "stock": 0.5,
            "eps": 2.13
        },
        "2010": {
            "cash": 2,
            "stock": 0,
            "eps": 2.32
        },
        "2011": {
            "cash": 3,
            "stock": 0.5,
            "eps": 0.3
        },
        "2012": {
            "cash": 0,
            "stock": 0,
            "eps": 2.64
        },
        "2013": {
            "cash": 2,
            "stock": 0,
            "eps": 2.01
        },
        "2014": {
            "cash": 2,
            "stock": 0,
            "eps": 1.65
        },
        "2015": {
            "cash": 1.5,
            "stock": 0,
            "eps": 1.01
        },
        "2016": {
            "cash": 2,
            "stock": 0,
            "eps": 1.15
        },
        "2017": {
            "cash": 1,
            "stock": 0,
            "eps": 3.4
        },
        "2018": {
            "cash": 2.7,
            "stock": 0,
            "eps": 1.06
        },
        "2019": {
            "cash": 0.8,
            "stock": 0,
            "eps": 1.4
        },
        "2020": {
            "cash": 1.1,
            "stock": 0,
            "eps": 1.08
        },
        "2021": {
            "cash": 1,
            "stock": 0,
            "eps": 4.65
        },
        "2022": {
            "cash": 3.3,
            "stock": 0,
            "eps": 9.88
        },
        "2023": {
            "cash": 10,
            "stock": 0,
            "eps": 5.1
        }
    },
    "dividends": {
        "1999-03-16": {
            "cash": 0,
            "stock": 4
        },
        "2000-06-17": {
            "cash": 0,
            "stock": 4.5
        },
        "2001-06-09": {
            "cash": 1,
            "stock": 4
        },
        "2002-06-17": {
            "cash": 0,
            "stock": 3
        },
        "2003-06-03": {
            "cash": 0.5,
            "stock": 2.5
        },
        "2004-06-15": {
            "cash": 2.2,
            "stock": 1.3
        },
        "2005-05-04": {
            "cash": 3.1,
            "stock": 0.9
        },
        "2006-04-28": {
            "cash": 3.3,
            "stock": 0.7
        },
        "2007-04-25": {
            "cash": 3.27,
            "stock": 0.2
        },
        "2008-04-29": {
            "cash": 3.49,
            "stock": 0.1
        },
        "2009-04-22": {
            "cash": 1.5,
            "stock": 0.5
        },
        "2010-04-30": {
            "cash": 2,
            "stock": 0
        },
        "2011-01-01": {
            "cash": 1.5,
            "stock": 0
        },
        "2011-06-15": {
            "cash": 1.5,
            "stock": 0.5
        },
        "2013-04-30": {
            "cash": 2,
            "stock": 0
        },
        "2014-09-12": {
            "cash": 2,
            "stock": 0
        },
        "2015-09-25": {
            "cash": 1.5,
            "stock": 0
        },
        "2016-09-06": {
            "cash": 2,
            "stock": 0
        },
        "2017-09-08": {
            "cash": 1,
            "stock": 0
        },
        "2018-09-07": {
            "cash": 2.7,
            "stock": 0
        },
        "2019-08-06": {
            "cash": 0.8,
            "stock": 0
        },
        "2020-07-31": {
            "cash": 1.1,
            "stock": 0
        },
        "2021-08-24": {
            "cash": 1,
            "stock": 0
        },
        "2022-08-11": {
            "cash": 3.3,
            "stock": 0
        },
        "2023-02-21": {
            "cash": 5,
            "stock": 0
        },
        "2023-07-18": {
            "cash": 5,
            "stock": 0
        }
    },
    "prices": {
        "200101": "無",
        "200102": "無",
        "200103": "無",
        "200104": "無",
        "200105": "無",
        "200106": "無",
        "200107": "無",
        "200108": "無",
        "200109": "無",
        "200110": "無",
        "200111": "無",
        "200112": "無",
        "200201": "無",
        "200202": "無",
        "200203": "無",
        "200204": "無",
        "200205": "無",
        "200206": "無",
        "200207": "無",
        "200208": "101.50",
        "200209": "98.05",
        "200210": "85.30",
        "200211": "81.69",
        "200212": "81.55",
        "200301": "83.58",
        "200302": "79.56",
        "200303": "79.64",
        "200304": "77.73",
        "200305": "75.86",
        "200306": "86.90",
        "200307": "87.37",
        "200308": "88.45",
        "200309": "78.57",
        "200310": "78.61",
        "200311": "81.72",
        "200312": "77.52",
        "200401": "78.43",
        "200402": "84.78",
        "200403": "81.11",
        "200404": "78.45",
        "200405": "70.05",
        "200406": "62.33",
        "200407": "59.60",
        "200408": "52.19",
        "200409": "50.36",
        "200410": "47.82",
        "200411": "46.99",
        "200412": "48.40",
        "200501": "51.74",
        "200502": "59.46",
        "200503": "60.99",
        "200504": "57.44",
        "200505": "57.93",
        "200506": "61.74",
        "200507": "60.54",
        "200508": "61.54",
        "200509": "60.35",
        "200510": "55.27",
        "200511": "52.96",
        "200512": "57.50",
        "200601": "54.94",
        "200602": "52.07",
        "200603": "51.02",
        "200604": "55.84",
        "200605": "62.17",
        "200606": "55.24",
        "200607": "52.63",
        "200608": "51.25",
        "200609": "50.25",
        "200610": "49.25",
        "200611": "51.05",
        "200612": "73.23",
        "200701": "76.52",
        "200702": "78.51",
        "200703": "110.01",
        "200704": "103.19",
        "200705": "108.98",
        "200706": "129.62",
        "200707": "142.07",
        "200708": "120.35",
        "200709": "108.31",
        "200710": "107.69",
        "200711": "81.02",
        "200712": "72.83",
        "200801": "59.98",
        "200802": "54.79",
        "200803": "62.42",
        "200804": "64.85",
        "200805": "65.02",
        "200806": "55.67",
        "200807": "52.57",
        "200808": "53.95",
        "200809": "42.03",
        "200810": "36.75",
        "200811": "27.86",
        "200812": "25.41",
        "200901": "27.55",
        "200902": "33.29",
        "200903": "41.56",
        "200904": "46.30",
        "200905": "55.51",
        "200906": "52.06",
        "200907": "56.26",
        "200908": "53.77",
        "200909": "56.26",
        "200910": "56.88",
        "200911": "54.91",
        "200912": "61.83",
        "201001": "65.22",
        "201002": "57.31",
        "201003": "58.93",
        "201004": "58.37",
        "201005": "51.82",
        "201006": "51.88",
        "201007": "53.25",
        "201008": "55.09",
        "201009": "59.44",
        "201010": "59.21",
        "201011": "56.13",
        "201012": "58.92",
        "201101": "60.90",
        "201102": "55.76",
        "201103": "45.66",
        "201104": "43.62",
        "201105": "42.79",
        "201106": "43.61",
        "201107": "39.35",
        "201108": "28.84",
        "201109": "28.85",
        "201110": "30.48",
        "201111": "25.34",
        "201112": "25.79",
        "201201": "34.81",
        "201202": "46.66",
        "201203": "46.75",
        "201204": "44.45",
        "201205": "38.97",
        "201206": "38.33",
        "201207": "39.56",
        "201208": "41.56",
        "201209": "46.03",
        "201210": "40.56",
        "201211": "36.18",
        "201212": "38.23",
        "201301": "36.71",
        "201302": "35.24",
        "201303": "34.45",
        "201304": "33.01",
        "201305": "33.29",
        "201306": "31.72",
        "201307": "32.89",
        "201308": "33.59",
        "201309": "34.10",
        "201310": "32.22",
        "201311": "33.90",
        "201312": "39.04",
        "201401": "40.22",
        "201402": "41.14",
        "201403": "44.70",
        "201404": "43.91",
        "201405": "39.99",
        "201406": "41.16",
        "201407": "40.52",
        "201408": "35.90",
        "201409": "35.15",
        "201410": "31.98",
        "201411": "31.21",
        "201412": "34.72",
        "201501": "38.42",
        "201502": "40.09",
        "201503": "43.83",
        "201504": "43.22",
        "201505": "40.33",
        "201506": "39.25",
        "201507": "34.49",
        "201508": "28.44",
        "201509": "30.77",
        "201510": "50.09",
        "201511": "47.83",
        "201512": "47.18",
        "201601": "41.85",
        "201602": "47.33",
        "201603": "45.54",
        "201604": "44.33",
        "201605": "34.72",
        "201606": "33.65",
        "201607": "36.18",
        "201608": "33.13",
        "201609": "32.21",
        "201610": "31.61",
        "201611": "28.41",
        "201612": "29.43",
        "201701": "31.59",
        "201702": "33.89",
        "201703": "37.04",
        "201704": "37.22",
        "201705": "36.23",
        "201706": "38.51",
        "201707": "38.94",
        "201708": "44.44",
        "201709": "43.92",
        "201710": "44.39",
        "201711": "53.53",
        "201712": "60.73",
        "201801": "64.43",
        "201802": "70.70",
        "201803": "71.73",
        "201804": "66.23",
        "201805": "65.06",
        "201806": "62.22",
        "201807": "64.01",
        "201808": "62.14",
        "201809": "64.32",
        "201810": "40.75",
        "201811": "35.36",
        "201812": "40.68",
        "201901": "42.49",
        "201902": "45.93",
        "201903": "44.64",
        "201904": "47.71",
        "201905": "45.57",
        "201906": "46.92",
        "201907": "56.30",
        "201908": "55.80",
        "201909": "58.63",
        "201910": "57.56",
        "201911": "55.95",
        "201912": "55.35",
        "202001": "57.24",
        "202002": "47.62",
        "202003": "38.00",
        "202004": "41.42",
        "202005": "42.88",
        "202006": "43.70",
        "202007": "50.65",
        "202008": "45.82",
        "202009": "44.14",
        "202010": "43.37",
        "202011": "44.65",
        "202012": "50.76",
        "202101": "52.34",
        "202102": "53.67",
        "202103": "51.22",
        "202104": "59.43",
        "202105": "63.67",
        "202106": "73.99",
        "202107": "104.70",
        "202108": "98.19",
        "202109": "110.31",
        "202110": "144.90",
        "202111": "190.82",
        "202112": "211.55",
        "202201": "210.42",
        "202202": "237.57",
        "202203": "288.50",
        "202204": "276.29",
        "202205": "256.40",
        "202206": "211.69",
        "202207": "164.14",
        "202208": "172.46",
        "202209": "158.38",
        "202210": "132.20",
        "202211": "159.18",
        "202212": "162.98",
        "202301": "157.58",
        "202302": "191.81",
        "202303": "192.91",
        "202304": "185.97",
        "202305": "168.55",
        "202306": "187.35",
        "202307": "301.40",
        "202308": "320.80",
        "202309": "332.88",
        "202310": "328.55",
        "202311": "337.66",
        "202312": "365.33"
    },
    "quarters": {
        "20011": {
            "year_quarter": 20011,
            "year": 2001,
            "quarter": 1,
            "eps": 1.78,
            "eps_growth_year": -23.61,
            "eps_4q": 7.77,
            "eps_4q_growth_year": 15.54,
            "roe": 9.02,
            "roe_4q": 9.02,
            "gross_profit": 306548,
            "gross_margin": 51.59,
            "gross_margin_4q_avg": 51.59,
            "net_income": 153632,
            "net_income_4q": null,
            "revenue": 594202,
            "revenue_4q": null,
            "common_shares": 865013,
            "book_valuer_per_share": 20.62,
            "book_valuer_per_share_4q_avg": 20.62,
            "equity": 1783454,
            "current_ratio": 308.88,
            "debt_ratio": 18.84,
            "inventory_turnover_ratio": 1.23,
            "account_receivable_turnover_ratio": null,
            "reinvestment_rate": null,
            "research_to_sale_ratio": null,
            "price_fair": 0,
            "eps_avg_yearly": 0,
            "eps_latest_yearly": 0,
            "eps_growth_yearly": 0
        },
        "20012": {
            "year_quarter": 20012,
            "year": 2001,
            "quarter": 2,
            "eps": 1.02,
            "eps_growth_year": -49.5,
            "eps_4q": 4.94,
            "eps_4q_growth_year": -7.18,
            "roe": 7.19,
            "roe_4q": 16.21,
            "gross_profit": 261943,
            "gross_margin": 48.32,
            "gross_margin_4q_avg": 49.96,
            "net_income": 129063,
            "net_income_4q": null,
            "revenue": 542109,
            "revenue_4q": null,
            "common_shares": 865013,
            "book_valuer_per_share": 20.9,
            "book_valuer_per_share_4q_avg": 20.76,
            "equity": 1807996,
            "current_ratio": 251.51,
            "debt_ratio": 22.94,
            "inventory_turnover_ratio": 1.5,
            "account_receivable_turnover_ratio": null,
            "reinvestment_rate": null,
            "research_to_sale_ratio": null,
            "price_fair": 0,
            "eps_avg_yearly": 0,
            "eps_latest_yearly": 0,
            "eps_growth_yearly": 0
        },
        "20013": {
            "year_quarter": 20013,
            "year": 2001,
            "quarter": 3,
            "eps": 1.24,
            "eps_growth_year": -41.78,
            "eps_4q": 4.71,
            "eps_4q_growth_year": -29.44,
            "roe": 8.34,
            "roe_4q": 24.55,
            "gross_profit": 267818,
            "gross_margin": 46.23,
            "gross_margin_4q_avg": 48.71,
            "net_income": 157530,
            "net_income_4q": null,
            "revenue": 579351,
            "revenue_4q": null,
            "common_shares": 1269430,
            "book_valuer_per_share": 15.51,
            "book_valuer_per_share_4q_avg": 19.01,
            "equity": 1968278,
            "current_ratio": 324.6,
            "debt_ratio": 18.48,
            "inventory_turnover_ratio": 2.01,
            "account_receivable_turnover_ratio": null,
            "reinvestment_rate": null,
            "research_to_sale_ratio": null,
            "price_fair": 0,
            "eps_avg_yearly": 0,
            "eps_latest_yearly": 0,
            "eps_growth_yearly": 0
        },
        "20014": {
            "year_quarter": 20014,
            "year": 2001,
            "quarter": 4,
            "eps": 1.28,
            "eps_growth_year": -30.05,
            "eps_4q": 4.75,
            "eps_4q_growth_year": -36.85,
            "roe": 7.86,
            "roe_4q": 32.41,
            "gross_profit": 312125,
            "gross_margin": 44.65,
            "gross_margin_4q_avg": 47.7,
            "net_income": 162278,
            "net_income_4q": null,
            "revenue": 699025,
            "revenue_4q": null,
            "common_shares": 1269430,
            "book_valuer_per_share": 16.78,
            "book_valuer_per_share_4q_avg": 18.45,
            "equity": 2160450,
            "current_ratio": 312.85,
            "debt_ratio": 22.7,
            "inventory_turnover_ratio": 2.57,
            "account_receivable_turnover_ratio": null,
            "reinvestment_rate": null,
            "research_to_sale_ratio": null,
            "price_fair": 0,
            "eps_avg_yearly": 0,
            "eps_latest_yearly": 0,
            "eps_growth_yearly": 0
        },
        "20021": {
            "year_quarter": 20021,
            "year": 2002,
            "quarter": 1,
            "eps": 0.9,
            "eps_growth_year": -49.44,
            "eps_4q": 4.43,
            "eps_4q_growth_year": -42.97,
            "roe": 5.2,
            "roe_4q": 28.59,
            "gross_profit": 310060,
            "gross_margin": 46.78,
            "gross_margin_4q_avg": 46.5,
            "net_income": 114434,
            "net_income_4q": null,
            "revenue": 662755,
            "revenue_4q": null,
            "common_shares": 1269430,
            "book_valuer_per_share": 17.68,
            "book_valuer_per_share_4q_avg": 17.72,
            "equity": 2244238,
            "current_ratio": 378.24,
            "debt_ratio": 17.05,
            "inventory_turnover_ratio": 2.02,
            "account_receivable_turnover_ratio": null,
            "reinvestment_rate": null,
            "research_to_sale_ratio": null,
            "price_fair": 10.8,
            "eps_avg_yearly": 3.6,
            "eps_latest_yearly": 3.6,
            "eps_growth_yearly": -118.75
        },
        "20022": {
            "year_quarter": 20022,
            "year": 2002,
            "quarter": 2,
            "eps": 1.73,
            "eps_growth_year": 69.61,
            "eps_4q": 5.16,
            "eps_4q_growth_year": 4.42,
            "roe": 9.33,
            "roe_4q": 30.73,
            "gross_profit": 428366,
            "gross_margin": 44.93,
            "gross_margin_4q_avg": 45.65,
            "net_income": 219149,
            "net_income_4q": null,
            "revenue": 953493,
            "revenue_4q": null,
            "common_shares": 1269430,
            "book_valuer_per_share": 19.33,
            "book_valuer_per_share_4q_avg": 17.33,
            "equity": 2453472,
            "current_ratio": 300.52,
            "debt_ratio": 23.61,
            "inventory_turnover_ratio": 2.33,
            "account_receivable_turnover_ratio": null,
            "reinvestment_rate": null,
            "research_to_sale_ratio": null,
            "price_fair": 184.1,
            "eps_avg_yearly": 5.26,
            "eps_latest_yearly": 6.92,
            "eps_growth_yearly": 125.07
        },
        "20023": {
            "year_quarter": 20023,
            "year": 2002,
            "quarter": 3,
            "eps": 1.02,
            "eps_growth_year": -17.74,
            "eps_4q": 3.92,
            "eps_4q_growth_year": -16.69,
            "roe": 6.85,
            "roe_4q": 29.24,
            "gross_profit": 394068,
            "gross_margin": 43.03,
            "gross_margin_4q_avg": 44.85,
            "net_income": 174269,
            "net_income_4q": null,
            "revenue": 915854,
            "revenue_4q": null,
            "common_shares": 1709907,
            "book_valuer_per_share": 15.39,
            "book_valuer_per_share_4q_avg": 17.3,
            "equity": 2631380,
            "current_ratio": 364.52,
            "debt_ratio": 19.38,
            "inventory_turnover_ratio": 2.2,
            "account_receivable_turnover_ratio": null,
            "reinvestment_rate": null,
            "research_to_sale_ratio": null,
            "price_fair": 170.33,
            "eps_avg_yearly": 4.87,
            "eps_latest_yearly": 4.08,
            "eps_growth_yearly": 28.66
        },
        "20024": {
            "year_quarter": 20024,
            "year": 2002,
            "quarter": 4,
            "eps": 1.07,
            "eps_growth_year": -16.41,
            "eps_4q": 4.03,
            "eps_4q_growth_year": -15.14,
            "roe": 6.73,
            "roe_4q": 28.11,
            "gross_profit": 394178,
            "gross_margin": 47.11,
            "gross_margin_4q_avg": 45.46,
            "net_income": 183400,
            "net_income_4q": null,
            "revenue": 836764,
            "revenue_4q": null,
            "common_shares": 1709907,
            "book_valuer_per_share": 16.48,
            "book_valuer_per_share_4q_avg": 17.22,
            "equity": 2818527,
            "current_ratio": 338.7,
            "debt_ratio": 19.49,
            "inventory_turnover_ratio": 1.8,
            "account_receivable_turnover_ratio": null,
            "reinvestment_rate": 13.38,
            "research_to_sale_ratio": null,
            "price_fair": 165.2,
            "eps_avg_yearly": 4.72,
            "eps_latest_yearly": 4.28,
            "eps_growth_yearly": 26.4
        },
        "20031": {
            "year_quarter": 20031,
            "year": 2003,
            "quarter": 1,
            "eps": 1.16,
            "eps_growth_year": 28.89,
            "eps_4q": 4.53,
            "eps_4q_growth_year": 2.24,
            "roe": 6.81,
            "roe_4q": 29.72,
            "gross_profit": 395149,
            "gross_margin": 45.38,
            "gross_margin_4q_avg": 45.11,
            "net_income": 198567,
            "net_income_4q": null,
            "revenue": 870718,
            "revenue_4q": null,
            "common_shares": 1709907,
            "book_valuer_per_share": 17.64,
            "book_valuer_per_share_4q_avg": 17.21,
            "equity": 3017079,
            "current_ratio": 350.43,
            "debt_ratio": 19.54,
            "inventory_turnover_ratio": 1.69,
            "account_receivable_turnover_ratio": null,
            "reinvestment_rate": 11.7,
            "research_to_sale_ratio": null,
            "price_fair": 164.64,
            "eps_avg_yearly": 4.7,
            "eps_latest_yearly": 4.64,
            "eps_growth_yearly": 27.85
        },
        "20032": {
            "year_quarter": 20032,
            "year": 2003,
            "quarter": 2,
            "eps": 1.59,
            "eps_growth_year": -8.09,
            "eps_4q": 4.84,
            "eps_4q_growth_year": -6.18,
            "roe": 8.76,
            "roe_4q": 29.15,
            "gross_profit": 462391,
            "gross_margin": 48.74,
            "gross_margin_4q_avg": 46.07,
            "net_income": 272210,
            "net_income_4q": null,
            "revenue": 948761,
            "revenue_4q": null,
            "common_shares": 1709907,
            "book_valuer_per_share": 18.71,
            "book_valuer_per_share_4q_avg": 17.06,
            "equity": 3198529,
            "current_ratio": 374.39,
            "debt_ratio": 18.16,
            "inventory_turnover_ratio": 1.78,
            "account_receivable_turnover_ratio": null,
            "reinvestment_rate": 10.4,
            "research_to_sale_ratio": null,
            "price_fair": 174.3,
            "eps_avg_yearly": 4.98,
            "eps_latest_yearly": 6.36,
            "eps_growth_yearly": 47.92
        },
        "20033": {
            "year_quarter": 20033,
            "year": 2003,
            "quarter": 3,
            "eps": 1.18,
            "eps_growth_year": 15.69,
            "eps_4q": 4.16,
            "eps_4q_growth_year": 5.94,
            "roe": 7.8,
            "roe_4q": 30.099999999999998,
            "gross_profit": 457772,
            "gross_margin": 48.78,
            "gross_margin_4q_avg": 47.5,
            "net_income": 259448,
            "net_income_4q": null,
            "revenue": 938380,
            "revenue_4q": null,
            "common_shares": 2205818,
            "book_valuer_per_share": 15.68,
            "book_valuer_per_share_4q_avg": 17.13,
            "equity": 3457977,
            "current_ratio": 468.42,
            "debt_ratio": 15.57,
            "inventory_turnover_ratio": 2.06,
            "account_receivable_turnover_ratio": null,
            "reinvestment_rate": 8.96,
            "research_to_sale_ratio": null,
            "price_fair": 173,
            "eps_avg_yearly": 4.94,
            "eps_latest_yearly": 4.72,
            "eps_growth_yearly": 26.34
        },
        "20034": {
            "year_quarter": 20034,
            "year": 2003,
            "quarter": 4,
            "eps": 1.33,
            "eps_growth_year": 24.3,
            "eps_4q": 4.63,
            "eps_4q_growth_year": 14.88,
            "roe": 8.15,
            "roe_4q": 31.52,
            "gross_profit": 473088,
            "gross_margin": 46.88,
            "gross_margin_4q_avg": 47.45,
            "net_income": 294037,
            "net_income_4q": null,
            "revenue": 1009197,
            "revenue_4q": null,
            "common_shares": 2205818,
            "book_valuer_per_share": 17.02,
            "book_valuer_per_share_4q_avg": 17.26,
            "equity": 3753827,
            "current_ratio": 423.42,
            "debt_ratio": 17.51,
            "inventory_turnover_ratio": 2.44,
            "account_receivable_turnover_ratio": null,
            "reinvestment_rate": 8.21,
            "research_to_sale_ratio": null,
            "price_fair": 174.65,
            "eps_avg_yearly": 4.99,
            "eps_latest_yearly": 5.32,
            "eps_growth_yearly": 29.4
        },
        "20041": {
            "year_quarter": 20041,
            "year": 2004,
            "quarter": 1,
            "eps": 1.21,
            "eps_growth_year": 4.31,
            "eps_4q": 4.94,
            "eps_4q_growth_year": 9.08,
            "roe": 6.93,
            "roe_4q": 31.64,
            "gross_profit": 486705,
            "gross_margin": 44.96,
            "gross_margin_4q_avg": 47.34,
            "net_income": 267796,
            "net_income_4q": null,
            "revenue": 1082615,
            "revenue_4q": null,
            "common_shares": 2205818,
            "book_valuer_per_share": 18.04,
            "book_valuer_per_share_4q_avg": 17.36,
            "equity": 3980081,
            "current_ratio": 354.99,
            "debt_ratio": 20.02,
            "inventory_turnover_ratio": 2.32,
            "account_receivable_turnover_ratio": null,
            "reinvestment_rate": 6.02,
            "research_to_sale_ratio": null,
            "price_fair": 159.76,
            "eps_avg_yearly": 4.97,
            "eps_latest_yearly": 4.84,
            "eps_growth_yearly": 22.12
        },
        "20042": {
            "year_quarter": 20042,
            "year": 2004,
            "quarter": 2,
            "eps": 1.58,
            "eps_growth_year": -0.63,
            "eps_4q": 5.32,
            "eps_4q_growth_year": 9.96,
            "roe": 9.05,
            "roe_4q": 31.930000000000003,
            "gross_profit": 553010,
            "gross_margin": 44.23,
            "gross_margin_4q_avg": 46.21,
            "net_income": 346858,
            "net_income_4q": null,
            "revenue": 1250339,
            "revenue_4q": null,
            "common_shares": 2205818,
            "book_valuer_per_share": 16.69,
            "book_valuer_per_share_4q_avg": 16.86,
            "equity": 3681563,
            "current_ratio": 229.35,
            "debt_ratio": 30.76,
            "inventory_turnover_ratio": 2.46,
            "account_receivable_turnover_ratio": null,
            "reinvestment_rate": 5.21,
            "research_to_sale_ratio": null,
            "price_fair": 178.78,
            "eps_avg_yearly": 5.11,
            "eps_latest_yearly": 6.32,
            "eps_growth_yearly": 32.14
        },
        "20043": {
            "year_quarter": 20043,
            "year": 2004,
            "quarter": 3,
            "eps": 1.44,
            "eps_growth_year": 22.03,
            "eps_4q": 4.97,
            "eps_4q_growth_year": 19.56,
            "roe": 9.59,
            "roe_4q": 33.72,
            "gross_profit": 588281,
            "gross_margin": 44.42,
            "gross_margin_4q_avg": 45.12,
            "net_income": 370878,
            "net_income_4q": null,
            "revenue": 1324224,
            "revenue_4q": null,
            "common_shares": 2593976,
            "book_valuer_per_share": 15.63,
            "book_valuer_per_share_4q_avg": 16.85,
            "equity": 4055355,
            "current_ratio": 315.77,
            "debt_ratio": 22.22,
            "inventory_turnover_ratio": 2.2,
            "account_receivable_turnover_ratio": null,
            "reinvestment_rate": 5.77,
            "research_to_sale_ratio": null,
            "price_fair": 180.85,
            "eps_avg_yearly": 5.17,
            "eps_latest_yearly": 5.76,
            "eps_growth_yearly": 26
        },
        "20044": {
            "year_quarter": 20044,
            "year": 2004,
            "quarter": 4,
            "eps": 1.2,
            "eps_growth_year": -9.77,
            "eps_4q": 5.04,
            "eps_4q_growth_year": 8.81,
            "roe": 7.48,
            "roe_4q": 33.05,
            "gross_profit": 581682,
            "gross_margin": 41.97,
            "gross_margin_4q_avg": 43.9,
            "net_income": 307871,
            "net_income_4q": null,
            "revenue": 1386110,
            "revenue_4q": null,
            "common_shares": 2593976,
            "book_valuer_per_share": 16.08,
            "book_valuer_per_share_4q_avg": 16.61,
            "equity": 4172351,
            "current_ratio": 281.45,
            "debt_ratio": 23.71,
            "inventory_turnover_ratio": 1.96,
            "account_receivable_turnover_ratio": null,
            "reinvestment_rate": 7.56,
            "research_to_sale_ratio": null,
            "price_fair": 145.25,
            "eps_avg_yearly": 5.14,
            "eps_latest_yearly": 4.8,
            "eps_growth_yearly": 18.28
        },
        "20051": {
            "year_quarter": 20051,
            "year": 2005,
            "quarter": 1,
            "eps": 1.09,
            "eps_growth_year": -9.92,
            "eps_4q": 5.13,
            "eps_4q_growth_year": 3.87,
            "roe": 6.42,
            "roe_4q": 32.540000000000006,
            "gross_profit": 565660,
            "gross_margin": 42.36,
            "gross_margin_4q_avg": 43.25,
            "net_income": 276572,
            "net_income_4q": null,
            "revenue": 1335298,
            "revenue_4q": null,
            "common_shares": 2593976,
            "book_valuer_per_share": 17.13,
            "book_valuer_per_share_4q_avg": 16.38,
            "equity": 4443318,
            "current_ratio": 298.15,
            "debt_ratio": 21.78,
            "inventory_turnover_ratio": 2.31,
            "account_receivable_turnover_ratio": null,
            "reinvestment_rate": 9.23,
            "research_to_sale_ratio": null,
            "price_fair": 122.1,
            "eps_avg_yearly": 5.08,
            "eps_latest_yearly": 4.36,
            "eps_growth_yearly": 14.05
        },
        "20052": {
            "year_quarter": 20052,
            "year": 2005,
            "quarter": 2,
            "eps": 1.66,
            "eps_growth_year": 5.06,
            "eps_4q": 5.43,
            "eps_4q_growth_year": 1.99,
            "roe": 9.97,
            "roe_4q": 33.46,
            "gross_profit": 670046,
            "gross_margin": 44.58,
            "gross_margin_4q_avg": 43.33,
            "net_income": 420981,
            "net_income_4q": null,
            "revenue": 1502948,
            "revenue_4q": null,
            "common_shares": 2593976,
            "book_valuer_per_share": 15.41,
            "book_valuer_per_share_4q_avg": 16.06,
            "equity": 3998469,
            "current_ratio": 189.71,
            "debt_ratio": 35.74,
            "inventory_turnover_ratio": 3.87,
            "account_receivable_turnover_ratio": null,
            "reinvestment_rate": 12.73,
            "research_to_sale_ratio": null,
            "price_fair": 181.6,
            "eps_avg_yearly": 5.19,
            "eps_latest_yearly": 6.64,
            "eps_growth_yearly": 27.99
        },
        "20053": {
            "year_quarter": 20053,
            "year": 2005,
            "quarter": 3,
            "eps": 1.43,
            "eps_growth_year": -0.69,
            "eps_4q": 4.97,
            "eps_4q_growth_year": 0.09,
            "roe": 9.64,
            "roe_4q": 33.510000000000005,
            "gross_profit": 655678,
            "gross_margin": 43.22,
            "gross_margin_4q_avg": 43.03,
            "net_income": 405857,
            "net_income_4q": null,
            "revenue": 1516952,
            "revenue_4q": null,
            "common_shares": 2895982,
            "book_valuer_per_share": 15.27,
            "book_valuer_per_share_4q_avg": 15.97,
            "equity": 4421015,
            "current_ratio": 225.55,
            "debt_ratio": 27.89,
            "inventory_turnover_ratio": 3.13,
            "account_receivable_turnover_ratio": null,
            "reinvestment_rate": 14.55,
            "research_to_sale_ratio": null,
            "price_fair": 169.4,
            "eps_avg_yearly": 5.22,
            "eps_latest_yearly": 5.72,
            "eps_growth_yearly": 22.43
        },
        "20054": {
            "year_quarter": 20054,
            "year": 2005,
            "quarter": 4,
            "eps": 1.19,
            "eps_growth_year": -0.83,
            "eps_4q": 5.08,
            "eps_4q_growth_year": 0.73,
            "roe": 7.45,
            "roe_4q": 33.480000000000004,
            "gross_profit": 604282,
            "gross_margin": 43.49,
            "gross_margin_4q_avg": 43.41,
            "net_income": 337706,
            "net_income_4q": null,
            "revenue": 1389477,
            "revenue_4q": null,
            "common_shares": 2895982,
            "book_valuer_per_share": 16.04,
            "book_valuer_per_share_4q_avg": 15.96,
            "equity": 4646179,
            "current_ratio": 236.16,
            "debt_ratio": 27.74,
            "inventory_turnover_ratio": 2.68,
            "account_receivable_turnover_ratio": null,
            "reinvestment_rate": 14.97,
            "research_to_sale_ratio": null,
            "price_fair": 139.38,
            "eps_avg_yearly": 5.2,
            "eps_latest_yearly": 4.76,
            "eps_growth_yearly": 16.83
        },
        "20061": {
            "year_quarter": 20061,
            "year": 2006,
            "quarter": 1,
            "eps": 1.22,
            "eps_growth_year": 11.93,
            "eps_4q": 5.35,
            "eps_4q_growth_year": 4.33,
            "roe": 7.03,
            "roe_4q": 34.09,
            "gross_profit": 585484,
            "gross_margin": 45.69,
            "gross_margin_4q_avg": 44.25,
            "net_income": 343669,
            "net_income_4q": null,
            "revenue": 1281474,
            "revenue_4q": null,
            "common_shares": 2896132,
            "book_valuer_per_share": 17.7,
            "book_valuer_per_share_4q_avg": 16.11,
            "equity": 5124928,
            "current_ratio": 212.82,
            "debt_ratio": 23.17,
            "inventory_turnover_ratio": 2.63,
            "account_receivable_turnover_ratio": null,
            "reinvestment_rate": 11.52,
            "research_to_sale_ratio": null,
            "price_fair": 184,
            "eps_avg_yearly": 5.28,
            "eps_latest_yearly": 4.88,
            "eps_growth_yearly": 24.88
        },
        "20062": {
            "year_quarter": 20062,
            "year": 2006,
            "quarter": 2,
            "eps": 1.32,
            "eps_growth_year": -20.48,
            "eps_4q": 5.17,
            "eps_4q_growth_year": -4.64,
            "roe": 7.55,
            "roe_4q": 31.67,
            "gross_profit": 663624,
            "gross_margin": 45.02,
            "gross_margin_4q_avg": 44.36,
            "net_income": 372283,
            "net_income_4q": null,
            "revenue": 1474127,
            "revenue_4q": null,
            "common_shares": 2896132,
            "book_valuer_per_share": 16.37,
            "book_valuer_per_share_4q_avg": 16.35,
            "equity": 4740722,
            "current_ratio": 136.73,
            "debt_ratio": 36.05,
            "inventory_turnover_ratio": 3.01,
            "account_receivable_turnover_ratio": null,
            "reinvestment_rate": 11.75,
            "research_to_sale_ratio": null,
            "price_fair": 71.77,
            "eps_avg_yearly": 5.17,
            "eps_latest_yearly": 5.28,
            "eps_growth_yearly": 3.88
        },
        "20063": {
            "year_quarter": 20063,
            "year": 2006,
            "quarter": 3,
            "eps": 1.24,
            "eps_growth_year": -13.29,
            "eps_4q": 4.63,
            "eps_4q_growth_year": -6.87,
            "roe": 7.47,
            "roe_4q": 29.5,
            "gross_profit": 682466,
            "gross_margin": 43.79,
            "gross_margin_4q_avg": 44.5,
            "net_income": 385317,
            "net_income_4q": null,
            "revenue": 1558456,
            "revenue_4q": null,
            "common_shares": 3178330,
            "book_valuer_per_share": 17.54,
            "book_valuer_per_share_4q_avg": 16.91,
            "equity": 5574503,
            "current_ratio": 188.81,
            "debt_ratio": 22.05,
            "inventory_turnover_ratio": 3.57,
            "account_receivable_turnover_ratio": null,
            "reinvestment_rate": 10.93,
            "research_to_sale_ratio": null,
            "price_fair": 118.25,
            "eps_avg_yearly": 5.23,
            "eps_latest_yearly": 4.96,
            "eps_growth_yearly": 12.62
        },
        "20064": {
            "year_quarter": 20064,
            "year": 2006,
            "quarter": 4,
            "eps": 1.2,
            "eps_growth_year": 0.84,
            "eps_4q": 4.73,
            "eps_4q_growth_year": -6.81,
            "roe": 6.07,
            "roe_4q": 28.12,
            "gross_profit": 613280,
            "gross_margin": 49.88,
            "gross_margin_4q_avg": 46.1,
            "net_income": 374143,
            "net_income_4q": null,
            "revenue": 1229519,
            "revenue_4q": null,
            "common_shares": 3179414,
            "book_valuer_per_share": 21.21,
            "book_valuer_per_share_4q_avg": 18.21,
            "equity": 6744551,
            "current_ratio": 271.09,
            "debt_ratio": 17.36,
            "inventory_turnover_ratio": 2.76,
            "account_receivable_turnover_ratio": null,
            "reinvestment_rate": 10.8,
            "research_to_sale_ratio": null,
            "price_fair": 108.3,
            "eps_avg_yearly": 5.26,
            "eps_latest_yearly": 4.8,
            "eps_growth_yearly": 10.59
        },
        "20071": {
            "year_quarter": 20071,
            "year": 2007,
            "quarter": 1,
            "eps": 1.81,
            "eps_growth_year": 48.36,
            "eps_4q": 5.35,
            "eps_4q_growth_year": -0.01,
            "roe": 8.27,
            "roe_4q": 29.36,
            "gross_profit": 608339,
            "gross_margin": 53.01,
            "gross_margin_4q_avg": 47.93,
            "net_income": 578106,
            "net_income_4q": null,
            "revenue": 1147564,
            "revenue_4q": null,
            "common_shares": 3219985,
            "book_valuer_per_share": 22.47,
            "book_valuer_per_share_4q_avg": 19.4,
            "equity": 7233880,
            "current_ratio": 352.94,
            "debt_ratio": 11.84,
            "inventory_turnover_ratio": 2.8,
            "account_receivable_turnover_ratio": null,
            "reinvestment_rate": 11.13,
            "research_to_sale_ratio": null,
            "price_fair": 169.15,
            "eps_avg_yearly": 5.42,
            "eps_latest_yearly": 7.24,
            "eps_growth_yearly": 21.19
        },
        "20072": {
            "year_quarter": 20072,
            "year": 2007,
            "quarter": 2,
            "eps": 1.15,
            "eps_growth_year": -12.88,
            "eps_4q": 5.32,
            "eps_4q_growth_year": 2.8,
            "roe": 5.32,
            "roe_4q": 27.13,
            "gross_profit": 620790,
            "gross_margin": 53.8,
            "gross_margin_4q_avg": 50.12,
            "net_income": 368897,
            "net_income_4q": null,
            "revenue": 1153906,
            "revenue_4q": null,
            "common_shares": 3243882,
            "book_valuer_per_share": 20.41,
            "book_valuer_per_share_4q_avg": 20.41,
            "equity": 6622238,
            "current_ratio": 175.37,
            "debt_ratio": 25.22,
            "inventory_turnover_ratio": 2.51,
            "account_receivable_turnover_ratio": null,
            "reinvestment_rate": 10.94,
            "research_to_sale_ratio": null,
            "price_fair": 68.06,
            "eps_avg_yearly": 5.31,
            "eps_latest_yearly": 4.6,
            "eps_growth_yearly": 2.81
        },
        "20073": {
            "year_quarter": 20073,
            "year": 2007,
            "quarter": 3,
            "eps": 1.09,
            "eps_growth_year": -12.1,
            "eps_4q": 5.01,
            "eps_4q_growth_year": 8.27,
            "roe": 5.64,
            "roe_4q": 25.3,
            "gross_profit": 662968,
            "gross_margin": 47.32,
            "gross_margin_4q_avg": 51,
            "net_income": 367001,
            "net_income_4q": null,
            "revenue": 1400886,
            "revenue_4q": null,
            "common_shares": 3421509,
            "book_valuer_per_share": 18.71,
            "book_valuer_per_share_4q_avg": 20.7,
            "equity": 6401031,
            "current_ratio": 231.15,
            "debt_ratio": 18.51,
            "inventory_turnover_ratio": 2.86,
            "account_receivable_turnover_ratio": null,
            "reinvestment_rate": 10.67,
            "research_to_sale_ratio": null,
            "price_fair": 94.97,
            "eps_avg_yearly": 5.29,
            "eps_latest_yearly": 4.36,
            "eps_growth_yearly": 7.95
        },
        "20074": {
            "year_quarter": 20074,
            "year": 2007,
            "quarter": 4,
            "eps": 1.14,
            "eps_growth_year": -5,
            "eps_4q": 5.05,
            "eps_4q_growth_year": 6.65,
            "roe": 5.96,
            "roe_4q": 25.19,
            "gross_profit": 722396,
            "gross_margin": 51.99,
            "gross_margin_4q_avg": 51.53,
            "net_income": 383400,
            "net_income_4q": null,
            "revenue": 1389556,
            "revenue_4q": null,
            "common_shares": 3435796,
            "book_valuer_per_share": 18.83,
            "book_valuer_per_share_4q_avg": 20.11,
            "equity": 6470726,
            "current_ratio": 287.03,
            "debt_ratio": 19.21,
            "inventory_turnover_ratio": 2,
            "account_receivable_turnover_ratio": null,
            "reinvestment_rate": 10.69,
            "research_to_sale_ratio": null,
            "price_fair": 83.47,
            "eps_avg_yearly": 5.24,
            "eps_latest_yearly": 4.56,
            "eps_growth_yearly": 5.92
        },
        "20081": {
            "year_quarter": 20081,
            "year": 2008,
            "quarter": 1,
            "eps": 0.63,
            "eps_growth_year": -65.19,
            "eps_4q": 4.09,
            "eps_4q_growth_year": -23.65,
            "roe": 3.16,
            "roe_4q": 20.080000000000002,
            "gross_profit": 617772,
            "gross_margin": 49.32,
            "gross_margin_4q_avg": 50.61,
            "net_income": 205559,
            "net_income_4q": null,
            "revenue": 1252475,
            "revenue_4q": null,
            "common_shares": 3446854,
            "book_valuer_per_share": 18.93,
            "book_valuer_per_share_4q_avg": 19.22,
            "equity": 6545043,
            "current_ratio": 271.79,
            "debt_ratio": 20.28,
            "inventory_turnover_ratio": 1.65,
            "account_receivable_turnover_ratio": null,
            "reinvestment_rate": 11.57,
            "research_to_sale_ratio": null,
            "price_fair": 15.29,
            "eps_avg_yearly": 5.1,
            "eps_latest_yearly": 2.52,
            "eps_growth_yearly": -3.01
        },
        "20082": {
            "year_quarter": 20082,
            "year": 2008,
            "quarter": 2,
            "eps": 0.42,
            "eps_growth_year": -63.48,
            "eps_4q": 3.53,
            "eps_4q_growth_year": -33.58,
            "roe": 2.21,
            "roe_4q": 16.97,
            "gross_profit": 576767,
            "gross_margin": 45.26,
            "gross_margin_4q_avg": 48.47,
            "net_income": 131486,
            "net_income_4q": null,
            "revenue": 1274461,
            "revenue_4q": null,
            "common_shares": 3457886,
            "book_valuer_per_share": 15.46,
            "book_valuer_per_share_4q_avg": 17.98,
            "equity": 5355709,
            "current_ratio": 163.96,
            "debt_ratio": 33.98,
            "inventory_turnover_ratio": 1.88,
            "account_receivable_turnover_ratio": null,
            "reinvestment_rate": 12.15,
            "research_to_sale_ratio": null,
            "price_fair": 14.42,
            "eps_avg_yearly": 4.81,
            "eps_latest_yearly": 1.68,
            "eps_growth_yearly": -18.98
        },
        "20083": {
            "year_quarter": 20083,
            "year": 2008,
            "quarter": 3,
            "eps": 0.65,
            "eps_growth_year": -40.37,
            "eps_4q": 2.78,
            "eps_4q_growth_year": -44.48,
            "roe": 4.16,
            "roe_4q": 15.490000000000002,
            "gross_profit": 694523,
            "gross_margin": 44.54,
            "gross_margin_4q_avg": 47.78,
            "net_income": 226407,
            "net_income_4q": null,
            "revenue": 1559227,
            "revenue_4q": null,
            "common_shares": 3587031,
            "book_valuer_per_share": 15.37,
            "book_valuer_per_share_4q_avg": 17.15,
            "equity": 5524100,
            "current_ratio": 222.28,
            "debt_ratio": 23.02,
            "inventory_turnover_ratio": 2.25,
            "account_receivable_turnover_ratio": null,
            "reinvestment_rate": 10.73,
            "research_to_sale_ratio": null,
            "price_fair": 13.83,
            "eps_avg_yearly": 4.61,
            "eps_latest_yearly": 2.6,
            "eps_growth_yearly": -3.08
        },
        "20084": {
            "year_quarter": 20084,
            "year": 2008,
            "quarter": 4,
            "eps": 0.34,
            "eps_growth_year": -70.18,
            "eps_4q": 2.06,
            "eps_4q_growth_year": -59.22,
            "roe": 2.09,
            "roe_4q": 11.620000000000001,
            "gross_profit": 633253,
            "gross_margin": 52.66,
            "gross_margin_4q_avg": 47.95,
            "net_income": 116952,
            "net_income_4q": null,
            "revenue": 1202446,
            "revenue_4q": null,
            "common_shares": 3593029,
            "book_valuer_per_share": 15.74,
            "book_valuer_per_share_4q_avg": 16.38,
            "equity": 5664082,
            "current_ratio": 282.59,
            "debt_ratio": 18.55,
            "inventory_turnover_ratio": 1.52,
            "account_receivable_turnover_ratio": 3.16,
            "reinvestment_rate": 8.56,
            "research_to_sale_ratio": null,
            "price_fair": 13.19,
            "eps_avg_yearly": 4.4,
            "eps_latest_yearly": 1.36,
            "eps_growth_yearly": -10.84
        },
        "20091": {
            "year_quarter": 20091,
            "year": 2009,
            "quarter": 1,
            "eps": 0.17,
            "eps_growth_year": -73.02,
            "eps_4q": 1.7,
            "eps_4q_growth_year": -58.46,
            "roe": 0.97,
            "roe_4q": 9.43,
            "gross_profit": 499301,
            "gross_margin": 49.83,
            "gross_margin_4q_avg": 48.07,
            "net_income": 55341,
            "net_income_4q": null,
            "revenue": 1001961,
            "revenue_4q": null,
            "common_shares": 3593109,
            "book_valuer_per_share": 16.11,
            "book_valuer_per_share_4q_avg": 15.67,
            "equity": 5793333,
            "current_ratio": 283.62,
            "debt_ratio": 17.64,
            "inventory_turnover_ratio": 1.57,
            "account_receivable_turnover_ratio": 1.58,
            "reinvestment_rate": 6.25,
            "research_to_sale_ratio": null,
            "price_fair": 12.5,
            "eps_avg_yearly": 4.17,
            "eps_latest_yearly": 0.68,
            "eps_growth_yearly": -21.04
        },
        "20092": {
            "year_quarter": 20092,
            "year": 2009,
            "quarter": 2,
            "eps": 0.75,
            "eps_growth_year": 78.57,
            "eps_4q": 1.93,
            "eps_4q_growth_year": -45.43,
            "roe": 4.58,
            "roe_4q": 11.8,
            "gross_profit": 646205,
            "gross_margin": 44.59,
            "gross_margin_4q_avg": 47.91,
            "net_income": 263654,
            "net_income_4q": null,
            "revenue": 1449180,
            "revenue_4q": null,
            "common_shares": 3597564,
            "book_valuer_per_share": 15.89,
            "book_valuer_per_share_4q_avg": 15.78,
            "equity": 5720052,
            "current_ratio": 206.08,
            "debt_ratio": 27.42,
            "inventory_turnover_ratio": 1.99,
            "account_receivable_turnover_ratio": 2.22,
            "reinvestment_rate": 2.24,
            "research_to_sale_ratio": null,
            "price_fair": 137.81,
            "eps_avg_yearly": 3.94,
            "eps_latest_yearly": 3,
            "eps_growth_yearly": 51.18
        },
        "20093": {
            "year_quarter": 20093,
            "year": 2009,
            "quarter": 3,
            "eps": 0.8,
            "eps_growth_year": 23.08,
            "eps_4q": 2.07,
            "eps_4q_growth_year": -25.69,
            "roe": 4.81,
            "roe_4q": 12.450000000000001,
            "gross_profit": 690367,
            "gross_margin": 42.9,
            "gross_margin_4q_avg": 47.5,
            "net_income": 283586,
            "net_income_4q": null,
            "revenue": 1609074,
            "revenue_4q": null,
            "common_shares": 3653343,
            "book_valuer_per_share": 16.59,
            "book_valuer_per_share_4q_avg": 16.08,
            "equity": 6062689,
            "current_ratio": 287.05,
            "debt_ratio": 19.45,
            "inventory_turnover_ratio": 2.12,
            "account_receivable_turnover_ratio": 1.72,
            "reinvestment_rate": -1.06,
            "research_to_sale_ratio": null,
            "price_fair": 132.3,
            "eps_avg_yearly": 3.78,
            "eps_latest_yearly": 3.2,
            "eps_growth_yearly": 56.31
        },
        "20094": {
            "year_quarter": 20094,
            "year": 2009,
            "quarter": 4,
            "eps": 0.41,
            "eps_growth_year": 20.59,
            "eps_4q": 2.08,
            "eps_4q_growth_year": 1.04,
            "roe": 2.36,
            "roe_4q": 12.72,
            "gross_profit": 585240,
            "gross_margin": 43.55,
            "gross_margin_4q_avg": 45.22,
            "net_income": 144926,
            "net_income_4q": null,
            "revenue": 1343851,
            "revenue_4q": null,
            "common_shares": 3673445,
            "book_valuer_per_share": 17.1,
            "book_valuer_per_share_4q_avg": 16.42,
            "equity": 6244021,
            "current_ratio": 293.36,
            "debt_ratio": 20.01,
            "inventory_turnover_ratio": 2.16,
            "account_receivable_turnover_ratio": 2.04,
            "reinvestment_rate": 26.98,
            "research_to_sale_ratio": null,
            "price_fair": 125.48,
            "eps_avg_yearly": 3.59,
            "eps_latest_yearly": 1.64,
            "eps_growth_yearly": 48.32
        },
        "20101": {
            "year_quarter": 20101,
            "year": 2010,
            "quarter": 1,
            "eps": 0.57,
            "eps_growth_year": 235.29,
            "eps_4q": 2.49,
            "eps_4q_growth_year": 46.76,
            "roe": 3.29,
            "roe_4q": 15.040000000000001,
            "gross_profit": 679955,
            "gross_margin": 43.77,
            "gross_margin_4q_avg": 43.7,
            "net_income": 208723,
            "net_income_4q": null,
            "revenue": 1553408,
            "revenue_4q": null,
            "common_shares": 3699873,
            "book_valuer_per_share": 17.64,
            "book_valuer_per_share_4q_avg": 16.81,
            "equity": 6461737,
            "current_ratio": 295.45,
            "debt_ratio": 20.85,
            "inventory_turnover_ratio": 2.09,
            "account_receivable_turnover_ratio": 1.13,
            "reinvestment_rate": 30.56,
            "research_to_sale_ratio": 19.85,
            "price_fair": 119.79,
            "eps_avg_yearly": 3.42,
            "eps_latest_yearly": 2.28,
            "eps_growth_yearly": 57.44
        },
        "20102": {
            "year_quarter": 20102,
            "year": 2010,
            "quarter": 2,
            "eps": 0.72,
            "eps_growth_year": -3.42,
            "eps_4q": 2.49,
            "eps_4q_growth_year": 28.97,
            "roe": 4.17,
            "roe_4q": 14.629999999999999,
            "gross_profit": 736580,
            "gross_margin": 43.96,
            "gross_margin_4q_avg": 43.55,
            "net_income": 259655,
            "net_income_4q": null,
            "revenue": 1675454,
            "revenue_4q": null,
            "common_shares": 3704473,
            "book_valuer_per_share": 16.34,
            "book_valuer_per_share_4q_avg": 16.92,
            "equity": 5986559,
            "current_ratio": 215.4,
            "debt_ratio": 28.87,
            "inventory_turnover_ratio": 1.91,
            "account_receivable_turnover_ratio": 1.11,
            "reinvestment_rate": 31.06,
            "research_to_sale_ratio": 19.38,
            "price_fair": 114.54,
            "eps_avg_yearly": 3.27,
            "eps_latest_yearly": 2.88,
            "eps_growth_yearly": 61.97
        },
        "20103": {
            "year_quarter": 20103,
            "year": 2010,
            "quarter": 3,
            "eps": 0.73,
            "eps_growth_year": -8.76,
            "eps_4q": 2.43,
            "eps_4q_growth_year": 17.35,
            "roe": 4.38,
            "roe_4q": 14.2,
            "gross_profit": 799611,
            "gross_margin": 45.24,
            "gross_margin_4q_avg": 44.13,
            "net_income": 269972,
            "net_income_4q": null,
            "revenue": 1767334,
            "revenue_4q": null,
            "common_shares": 3705383,
            "book_valuer_per_share": 17.17,
            "book_valuer_per_share_4q_avg": 17.06,
            "equity": 6332430,
            "current_ratio": 287.97,
            "debt_ratio": 21.2,
            "inventory_turnover_ratio": 1.82,
            "account_receivable_turnover_ratio": 1.28,
            "reinvestment_rate": 31.98,
            "research_to_sale_ratio": 20.84,
            "price_fair": 110.08,
            "eps_avg_yearly": 3.15,
            "eps_latest_yearly": 2.92,
            "eps_growth_yearly": 63.83
        },
        "20104": {
            "year_quarter": 20104,
            "year": 2010,
            "quarter": 4,
            "eps": 0.3,
            "eps_growth_year": -26.06,
            "eps_4q": 2.31,
            "eps_4q_growth_year": 11.09,
            "roe": 1.6,
            "roe_4q": 13.440000000000001,
            "gross_profit": 681705,
            "gross_margin": 42.06,
            "gross_margin_4q_avg": 43.76,
            "net_income": 102662,
            "net_income_4q": null,
            "revenue": 1620881,
            "revenue_4q": null,
            "common_shares": 3719523,
            "book_valuer_per_share": 16.16,
            "book_valuer_per_share_4q_avg": 16.83,
            "equity": 6515783,
            "current_ratio": 317.61,
            "debt_ratio": 20.06,
            "inventory_turnover_ratio": 1.71,
            "account_receivable_turnover_ratio": 1.44,
            "reinvestment_rate": 31.92,
            "research_to_sale_ratio": 21.99,
            "price_fair": 102.2,
            "eps_avg_yearly": 2.92,
            "eps_latest_yearly": 1.2,
            "eps_growth_yearly": 49.91
        },
        "20111": {
            "year_quarter": 20111,
            "year": 2011,
            "quarter": 1,
            "eps": 0.3,
            "eps_growth_year": -47.37,
            "eps_4q": 2.03,
            "eps_4q_growth_year": -18.7,
            "roe": 1.66,
            "roe_4q": 11.809999999999999,
            "gross_profit": 632564,
            "gross_margin": 47.06,
            "gross_margin_4q_avg": 44.58,
            "net_income": 111035,
            "net_income_4q": null,
            "revenue": 1344195,
            "revenue_4q": null,
            "common_shares": 3703918,
            "book_valuer_per_share": 18.01,
            "book_valuer_per_share_4q_avg": 16.92,
            "equity": 6839448,
            "current_ratio": 363.74,
            "debt_ratio": 17.73,
            "inventory_turnover_ratio": 1.35,
            "account_receivable_turnover_ratio": 1.25,
            "reinvestment_rate": 35.59,
            "research_to_sale_ratio": 22.31,
            "price_fair": 88.99,
            "eps_avg_yearly": 2.54,
            "eps_latest_yearly": 1.2,
            "eps_growth_yearly": 37.21
        },
        "20112": {
            "year_quarter": 20112,
            "year": 2011,
            "quarter": 2,
            "eps": 0.03,
            "eps_growth_year": -96.46,
            "eps_4q": 1.28,
            "eps_4q_growth_year": -48.33,
            "roe": 0.01,
            "roe_4q": 7.65,
            "gross_profit": 648066,
            "gross_margin": 43.27,
            "gross_margin_4q_avg": 44.41,
            "net_income": 825,
            "net_income_4q": null,
            "revenue": 1497848,
            "revenue_4q": null,
            "common_shares": 3768858,
            "book_valuer_per_share": 16.55,
            "book_valuer_per_share_4q_avg": 16.97,
            "equity": 6309726,
            "current_ratio": 268.26,
            "debt_ratio": 24.71,
            "inventory_turnover_ratio": 1.66,
            "account_receivable_turnover_ratio": 1.4,
            "reinvestment_rate": 37.86,
            "research_to_sale_ratio": 20.48,
            "price_fair": 76.52,
            "eps_avg_yearly": 2.26,
            "eps_latest_yearly": 0.12,
            "eps_growth_yearly": 23.82
        },
        "20113": {
            "year_quarter": 20113,
            "year": 2011,
            "quarter": 3,
            "eps": -0.2,
            "eps_growth_year": -127.1,
            "eps_4q": 0.41,
            "eps_4q_growth_year": -83.06,
            "roe": -1.09,
            "roe_4q": 2.1799999999999997,
            "gross_profit": 655950,
            "gross_margin": 44.92,
            "gross_margin_4q_avg": 44.33,
            "net_income": -68420,
            "net_income_4q": null,
            "revenue": 1460301,
            "revenue_4q": null,
            "common_shares": 3971165,
            "book_valuer_per_share": 15.59,
            "book_valuer_per_share_4q_avg": 16.58,
            "equity": 6262495,
            "current_ratio": 396.89,
            "debt_ratio": 17.11,
            "inventory_turnover_ratio": 1.56,
            "account_receivable_turnover_ratio": 1.38,
            "reinvestment_rate": 44.25,
            "research_to_sale_ratio": 22.26,
            "price_fair": 74.29,
            "eps_avg_yearly": 2.12,
            "eps_latest_yearly": 0.12,
            "eps_growth_yearly": 26.8
        },
        "20114": {
            "year_quarter": 20114,
            "year": 2011,
            "quarter": 4,
            "eps": 0.17,
            "eps_growth_year": -44,
            "eps_4q": 0.3,
            "eps_4q_growth_year": -87.07,
            "roe": 1.14,
            "roe_4q": 1.7199999999999998,
            "gross_profit": 615648,
            "gross_margin": 44.78,
            "gross_margin_4q_avg": 45.01,
            "net_income": 71705,
            "net_income_4q": null,
            "revenue": 1374808,
            "revenue_4q": null,
            "common_shares": 3980270,
            "book_valuer_per_share": 15.77,
            "book_valuer_per_share_4q_avg": 16.48,
            "equity": 6313051,
            "current_ratio": 425.41,
            "debt_ratio": 16.06,
            "inventory_turnover_ratio": 1.6,
            "account_receivable_turnover_ratio": 1.37,
            "reinvestment_rate": 47.68,
            "research_to_sale_ratio": 23.34,
            "price_fair": 68.2,
            "eps_avg_yearly": 1.95,
            "eps_latest_yearly": 0.12,
            "eps_growth_yearly": 27.41
        },
        "20121": {
            "year_quarter": 20121,
            "year": 2012,
            "quarter": 1,
            "eps": 0.62,
            "eps_growth_year": 106.67,
            "eps_4q": 0.61,
            "eps_4q_growth_year": -69.75,
            "roe": 3.81,
            "roe_4q": 3.87,
            "gross_profit": 773314,
            "gross_margin": 42.12,
            "gross_margin_4q_avg": 43.77,
            "net_income": 246582,
            "net_income_4q": null,
            "revenue": 1835892,
            "revenue_4q": null,
            "common_shares": 3987535,
            "book_valuer_per_share": 16.44,
            "book_valuer_per_share_4q_avg": 16.09,
            "equity": 6639191,
            "current_ratio": 357.81,
            "debt_ratio": 19.5,
            "inventory_turnover_ratio": 1.7,
            "account_receivable_turnover_ratio": 1.68,
            "reinvestment_rate": 47.68,
            "research_to_sale_ratio": 19.55,
            "price_fair": 68.1,
            "eps_avg_yearly": 1.95,
            "eps_latest_yearly": 2.48,
            "eps_growth_yearly": 115.82
        },
        "20122": {
            "year_quarter": 20122,
            "year": 2012,
            "quarter": 2,
            "eps": 0.71,
            "eps_growth_year": 2689.88,
            "eps_4q": 1.3,
            "eps_4q_growth_year": 1.3,
            "roe": 4.41,
            "roe_4q": 8.270000000000001,
            "gross_profit": 845533,
            "gross_margin": 42.51,
            "gross_margin_4q_avg": 43.58,
            "net_income": 285889,
            "net_income_4q": null,
            "revenue": 1989091,
            "revenue_4q": null,
            "common_shares": 4023098,
            "book_valuer_per_share": 15.67,
            "book_valuer_per_share_4q_avg": 15.87,
            "equity": 6334211,
            "current_ratio": 275.64,
            "debt_ratio": 25.46,
            "inventory_turnover_ratio": 1.53,
            "account_receivable_turnover_ratio": 1.59,
            "reinvestment_rate": 44.21,
            "research_to_sale_ratio": 18.36,
            "price_fair": 71,
            "eps_avg_yearly": 2.03,
            "eps_latest_yearly": 2.84,
            "eps_growth_yearly": 129.49
        },
        "20123": {
            "year_quarter": 20123,
            "year": 2012,
            "quarter": 3,
            "eps": 0.8,
            "eps_growth_year": null,
            "eps_4q": 2.29,
            "eps_4q_growth_year": 457.53,
            "roe": 4.94,
            "roe_4q": 14.300000000000002,
            "gross_profit": 942805,
            "gross_margin": 39.26,
            "gross_margin_4q_avg": 42.17,
            "net_income": 320926,
            "net_income_4q": null,
            "revenue": 2401457,
            "revenue_4q": null,
            "common_shares": 4029600,
            "book_valuer_per_share": 16.47,
            "book_valuer_per_share_4q_avg": 16.09,
            "equity": 6668122,
            "current_ratio": 281.88,
            "debt_ratio": 24.32,
            "inventory_turnover_ratio": 2.33,
            "account_receivable_turnover_ratio": 1.64,
            "reinvestment_rate": 43.41,
            "research_to_sale_ratio": 17.09,
            "price_fair": 72.5,
            "eps_avg_yearly": 2.07,
            "eps_latest_yearly": 3.2,
            "eps_growth_yearly": 117.46
        },
        "20124": {
            "year_quarter": 20124,
            "year": 2012,
            "quarter": 4,
            "eps": 0.51,
            "eps_growth_year": 202.04,
            "eps_4q": 2.63,
            "eps_4q_growth_year": 782.04,
            "roe": 3.03,
            "roe_4q": 16.19,
            "gross_profit": 790999,
            "gross_margin": 38.03,
            "gross_margin_4q_avg": 40.48,
            "net_income": 205638,
            "net_income_4q": null,
            "revenue": 2080014,
            "revenue_4q": null,
            "common_shares": 4036075,
            "book_valuer_per_share": 17.02,
            "book_valuer_per_share_4q_avg": 16.4,
            "equity": 6896981,
            "current_ratio": 341.27,
            "debt_ratio": 22.11,
            "inventory_turnover_ratio": 1.96,
            "account_receivable_turnover_ratio": 1.46,
            "reinvestment_rate": 41.74,
            "research_to_sale_ratio": 19.28,
            "price_fair": 74.2,
            "eps_avg_yearly": 2.12,
            "eps_latest_yearly": 2.04,
            "eps_growth_yearly": 120.73
        },
        "20131": {
            "year_quarter": 20131,
            "year": 2013,
            "quarter": 1,
            "eps": 0.51,
            "eps_growth_year": -17.74,
            "eps_4q": 2.52,
            "eps_4q_growth_year": 310.71,
            "roe": 2.92,
            "roe_4q": 15.3,
            "gross_profit": 769183,
            "gross_margin": 42.07,
            "gross_margin_4q_avg": 40.47,
            "net_income": 204273,
            "net_income_4q": null,
            "revenue": 1828201,
            "revenue_4q": null,
            "common_shares": 4042459,
            "book_valuer_per_share": 17.48,
            "book_valuer_per_share_4q_avg": 16.66,
            "equity": 7118073,
            "current_ratio": 367.43,
            "debt_ratio": 20.63,
            "inventory_turnover_ratio": 1.3,
            "account_receivable_turnover_ratio": 1.65,
            "reinvestment_rate": 39.79,
            "research_to_sale_ratio": 19.94,
            "price_fair": 77.6,
            "eps_avg_yearly": 2.22,
            "eps_latest_yearly": 2.04,
            "eps_growth_yearly": 135.02
        },
        "20132": {
            "year_quarter": 20132,
            "year": 2013,
            "quarter": 2,
            "eps": 0.5,
            "eps_growth_year": -30.03,
            "eps_4q": 2.31,
            "eps_4q_growth_year": 77.39,
            "roe": 2.99,
            "roe_4q": 13.879999999999999,
            "gross_profit": 818695,
            "gross_margin": 46.21,
            "gross_margin_4q_avg": 41.39,
            "net_income": 203441,
            "net_income_4q": null,
            "revenue": 1771752,
            "revenue_4q": null,
            "common_shares": 4062075,
            "book_valuer_per_share": 15.96,
            "book_valuer_per_share_4q_avg": 16.73,
            "equity": 6502462,
            "current_ratio": 279.21,
            "debt_ratio": 26.61,
            "inventory_turnover_ratio": 1.11,
            "account_receivable_turnover_ratio": 1.89,
            "reinvestment_rate": 40.63,
            "research_to_sale_ratio": 23.62,
            "price_fair": 75.1,
            "eps_avg_yearly": 2.15,
            "eps_latest_yearly": 2,
            "eps_growth_yearly": 36.98
        },
        "20133": {
            "year_quarter": 20133,
            "year": 2013,
            "quarter": 3,
            "eps": 0.5,
            "eps_growth_year": -37.35,
            "eps_4q": 2.01,
            "eps_4q_growth_year": -12.11,
            "roe": 3.07,
            "roe_4q": 12.01,
            "gross_profit": 805034,
            "gross_margin": 45.83,
            "gross_margin_4q_avg": 43.04,
            "net_income": 202766,
            "net_income_4q": null,
            "revenue": 1756480,
            "revenue_4q": null,
            "common_shares": 4063798,
            "book_valuer_per_share": 16.47,
            "book_valuer_per_share_4q_avg": 16.73,
            "equity": 6716929,
            "current_ratio": 375.42,
            "debt_ratio": 19.85,
            "inventory_turnover_ratio": 1.27,
            "account_receivable_turnover_ratio": 1.81,
            "reinvestment_rate": 40.04,
            "research_to_sale_ratio": 22.05,
            "price_fair": 72.1,
            "eps_avg_yearly": 2.06,
            "eps_latest_yearly": 2,
            "eps_growth_yearly": 35.07
        },
        "20134": {
            "year_quarter": 20134,
            "year": 2013,
            "quarter": 4,
            "eps": 0.5,
            "eps_growth_year": -1.58,
            "eps_4q": 2,
            "eps_4q_growth_year": -23.89,
            "roe": 2.98,
            "roe_4q": 11.959999999999999,
            "gross_profit": 816042,
            "gross_margin": 51.34,
            "gross_margin_4q_avg": 46.36,
            "net_income": 203859,
            "net_income_4q": null,
            "revenue": 1589574,
            "revenue_4q": null,
            "common_shares": 4068930,
            "book_valuer_per_share": 16.98,
            "book_valuer_per_share_4q_avg": 16.72,
            "equity": 6947998,
            "current_ratio": 390.66,
            "debt_ratio": 19.58,
            "inventory_turnover_ratio": 1.36,
            "account_receivable_turnover_ratio": 1.76,
            "reinvestment_rate": -11.22,
            "research_to_sale_ratio": 24.89,
            "price_fair": 73,
            "eps_avg_yearly": 2.09,
            "eps_latest_yearly": 2,
            "eps_growth_yearly": 49
        },
        "20141": {
            "year_quarter": 20141,
            "year": 2014,
            "quarter": 1,
            "eps": 0.41,
            "eps_growth_year": -19.61,
            "eps_4q": 1.9,
            "eps_4q_growth_year": -24.42,
            "roe": 2.36,
            "roe_4q": 11.4,
            "gross_profit": 750213,
            "gross_margin": 52.1,
            "gross_margin_4q_avg": 48.87,
            "net_income": 166492,
            "net_income_4q": null,
            "revenue": 1439880,
            "revenue_4q": null,
            "common_shares": 4083442,
            "book_valuer_per_share": 17.45,
            "book_valuer_per_share_4q_avg": 16.72,
            "equity": 7186432,
            "current_ratio": 389.23,
            "debt_ratio": 19.79,
            "inventory_turnover_ratio": 1.42,
            "account_receivable_turnover_ratio": 1.9,
            "reinvestment_rate": -10.87,
            "research_to_sale_ratio": 27.93,
            "price_fair": 71.4,
            "eps_avg_yearly": 2.04,
            "eps_latest_yearly": 1.64,
            "eps_growth_yearly": 32.71
        },
        "20142": {
            "year_quarter": 20142,
            "year": 2014,
            "quarter": 2,
            "eps": 0.5,
            "eps_growth_year": 0,
            "eps_4q": 1.91,
            "eps_4q_growth_year": -17.48,
            "roe": 2.97,
            "roe_4q": 11.38,
            "gross_profit": 763156,
            "gross_margin": 52.07,
            "gross_margin_4q_avg": 50.34,
            "net_income": 204242,
            "net_income_4q": null,
            "revenue": 1465641,
            "revenue_4q": null,
            "common_shares": 4110788,
            "book_valuer_per_share": 15.96,
            "book_valuer_per_share_4q_avg": 16.72,
            "equity": 6575830,
            "current_ratio": 278.2,
            "debt_ratio": 27.45,
            "inventory_turnover_ratio": 1.22,
            "account_receivable_turnover_ratio": 1.78,
            "reinvestment_rate": -11.61,
            "research_to_sale_ratio": 26.72,
            "price_fair": 69.2,
            "eps_avg_yearly": 1.98,
            "eps_latest_yearly": 2,
            "eps_growth_yearly": 31.46
        },
        "20143": {
            "year_quarter": 20143,
            "year": 2014,
            "quarter": 3,
            "eps": 0.33,
            "eps_growth_year": -34,
            "eps_4q": 1.73,
            "eps_4q_growth_year": -14.1,
            "roe": 2.01,
            "roe_4q": 10.32,
            "gross_profit": 724448,
            "gross_margin": 52.73,
            "gross_margin_4q_avg": 52.06,
            "net_income": 134072,
            "net_income_4q": null,
            "revenue": 1373934,
            "revenue_4q": null,
            "common_shares": 4114703,
            "book_valuer_per_share": 16.32,
            "book_valuer_per_share_4q_avg": 16.68,
            "equity": 6749950,
            "current_ratio": 439.48,
            "debt_ratio": 16.51,
            "inventory_turnover_ratio": 0.99,
            "account_receivable_turnover_ratio": 1.54,
            "reinvestment_rate": -11.74,
            "research_to_sale_ratio": 28.35,
            "price_fair": 58.41,
            "eps_avg_yearly": 1.86,
            "eps_latest_yearly": 1.32,
            "eps_growth_yearly": 21.35
        },
        "20144": {
            "year_quarter": 20144,
            "year": 2014,
            "quarter": 4,
            "eps": 0.41,
            "eps_growth_year": -18.75,
            "eps_4q": 1.64,
            "eps_4q_growth_year": -18.28,
            "roe": 2.49,
            "roe_4q": 9.83,
            "gross_profit": 733824,
            "gross_margin": 50.18,
            "gross_margin_4q_avg": 51.77,
            "net_income": 170357,
            "net_income_4q": null,
            "revenue": 1462326,
            "revenue_4q": null,
            "common_shares": 4131255,
            "book_valuer_per_share": 16.77,
            "book_valuer_per_share_4q_avg": 16.63,
            "equity": 6954145,
            "current_ratio": 451.23,
            "debt_ratio": 16.68,
            "inventory_turnover_ratio": 1.19,
            "account_receivable_turnover_ratio": 1.91,
            "reinvestment_rate": -13.27,
            "research_to_sale_ratio": 27.5,
            "price_fair": 66.3,
            "eps_avg_yearly": 1.89,
            "eps_latest_yearly": 1.64,
            "eps_growth_yearly": 45.11
        },
        "20151": {
            "year_quarter": 20151,
            "year": 2015,
            "quarter": 1,
            "eps": 0.46,
            "eps_growth_year": 12.2,
            "eps_4q": 1.69,
            "eps_4q_growth_year": -11.03,
            "roe": 2.7,
            "roe_4q": 10.17,
            "gross_profit": 794578,
            "gross_margin": 49.24,
            "gross_margin_4q_avg": 51.06,
            "net_income": 190393,
            "net_income_4q": null,
            "revenue": 1613645,
            "revenue_4q": null,
            "common_shares": 4142505,
            "book_valuer_per_share": 17.2,
            "book_valuer_per_share_4q_avg": 16.56,
            "equity": 7132309,
            "current_ratio": 432.76,
            "debt_ratio": 17.98,
            "inventory_turnover_ratio": 1.38,
            "account_receivable_turnover_ratio": 2.42,
            "reinvestment_rate": -14.17,
            "research_to_sale_ratio": 24.25,
            "price_fair": 67.9,
            "eps_avg_yearly": 1.94,
            "eps_latest_yearly": 1.84,
            "eps_growth_yearly": 48.59
        },
        "20152": {
            "year_quarter": 20152,
            "year": 2015,
            "quarter": 2,
            "eps": 0.43,
            "eps_growth_year": -14,
            "eps_4q": 1.63,
            "eps_4q_growth_year": -14.41,
            "roe": 2.58,
            "roe_4q": 9.780000000000001,
            "gross_profit": 786374,
            "gross_margin": 44.88,
            "gross_margin_4q_avg": 49.26,
            "net_income": 178109,
            "net_income_4q": null,
            "revenue": 1751975,
            "revenue_4q": null,
            "common_shares": 4142505,
            "book_valuer_per_share": 16.18,
            "book_valuer_per_share_4q_avg": 16.62,
            "equity": 6697269,
            "current_ratio": 316.89,
            "debt_ratio": 24.55,
            "inventory_turnover_ratio": 1.38,
            "account_receivable_turnover_ratio": 2.22,
            "reinvestment_rate": -11.82,
            "research_to_sale_ratio": 23.21,
            "price_fair": 71.9,
            "eps_avg_yearly": 2.05,
            "eps_latest_yearly": 1.72,
            "eps_growth_yearly": 72.44
        },
        "20153": {
            "year_quarter": 20153,
            "year": 2015,
            "quarter": 3,
            "eps": 0.43,
            "eps_growth_year": 30.3,
            "eps_4q": 2.88,
            "eps_4q_growth_year": 66.59,
            "roe": 2.82,
            "roe_4q": 10.590000000000002,
            "gross_profit": 780909,
            "gross_margin": 49.09,
            "gross_margin_4q_avg": 48.35,
            "net_income": 167861,
            "net_income_4q": null,
            "revenue": 1590807,
            "revenue_4q": null,
            "common_shares": 2485503,
            "book_valuer_per_share": 21.18,
            "book_valuer_per_share_4q_avg": 17.83,
            "equity": 5206688,
            "current_ratio": 297.55,
            "debt_ratio": 24.54,
            "inventory_turnover_ratio": 1.01,
            "account_receivable_turnover_ratio": 1.94,
            "reinvestment_rate": -8.74,
            "research_to_sale_ratio": 26.55,
            "price_fair": 71.12,
            "eps_avg_yearly": 2.03,
            "eps_latest_yearly": 1.72,
            "eps_growth_yearly": 67.61
        },
        "20154": {
            "year_quarter": 20154,
            "year": 2015,
            "quarter": 4,
            "eps": -0.31,
            "eps_growth_year": -176.75,
            "eps_4q": 1.88,
            "eps_4q_growth_year": 14.52,
            "roe": -1.52,
            "roe_4q": 6.58,
            "gross_profit": 777005,
            "gross_margin": 47.92,
            "gross_margin_4q_avg": 47.78,
            "net_income": -78363,
            "net_income_4q": null,
            "revenue": 1621388,
            "revenue_4q": null,
            "common_shares": 2485503,
            "book_valuer_per_share": 20.73,
            "book_valuer_per_share_4q_avg": 18.82,
            "equity": 5096099,
            "current_ratio": 274.77,
            "debt_ratio": 26.58,
            "inventory_turnover_ratio": 1.04,
            "account_receivable_turnover_ratio": 2.06,
            "reinvestment_rate": -9.7,
            "research_to_sale_ratio": 24.39,
            "price_fair": 71.12,
            "eps_avg_yearly": 2.03,
            "eps_latest_yearly": 1.72,
            "eps_growth_yearly": 67.61
        },
        "20161": {
            "year_quarter": 20161,
            "year": 2016,
            "quarter": 1,
            "eps": 0.3,
            "eps_growth_year": -34.78,
            "eps_4q": 1.4,
            "eps_4q_growth_year": -17.01,
            "roe": 1.44,
            "roe_4q": 5.32,
            "gross_profit": 713758,
            "gross_margin": 46.24,
            "gross_margin_4q_avg": 47.03,
            "net_income": 73747,
            "net_income_4q": null,
            "revenue": 1543657,
            "revenue_4q": null,
            "common_shares": 2485503,
            "book_valuer_per_share": 20.95,
            "book_valuer_per_share_4q_avg": 19.76,
            "equity": 5149735,
            "current_ratio": 302.73,
            "debt_ratio": 23.89,
            "inventory_turnover_ratio": 1.03,
            "account_receivable_turnover_ratio": 1.89,
            "reinvestment_rate": -12.81,
            "research_to_sale_ratio": 26.9,
            "price_fair": 6,
            "eps_avg_yearly": 2,
            "eps_latest_yearly": 1.72,
            "eps_growth_yearly": -3.19
        },
        "20162": {
            "year_quarter": 20162,
            "year": 2016,
            "quarter": 2,
            "eps": 0.51,
            "eps_growth_year": 18.6,
            "eps_4q": 1.18,
            "eps_4q_growth_year": -27.42,
            "roe": 2.53,
            "roe_4q": 5.27,
            "gross_profit": 750753,
            "gross_margin": 41.38,
            "gross_margin_4q_avg": 46.16,
            "net_income": 125300,
            "net_income_4q": null,
            "revenue": 1814235,
            "revenue_4q": null,
            "common_shares": 2485503,
            "book_valuer_per_share": 19.32,
            "book_valuer_per_share_4q_avg": 20.55,
            "equity": 4750056,
            "current_ratio": 215.21,
            "debt_ratio": 33.34,
            "inventory_turnover_ratio": 1.08,
            "account_receivable_turnover_ratio": 1.92,
            "reinvestment_rate": -12.77,
            "research_to_sale_ratio": 22.96,
            "price_fair": 44.04,
            "eps_avg_yearly": 1.94,
            "eps_latest_yearly": 2.04,
            "eps_growth_yearly": 12.67
        },
        "20163": {
            "year_quarter": 20163,
            "year": 2016,
            "quarter": 3,
            "eps": 0.21,
            "eps_growth_year": -51.16,
            "eps_4q": 0.7,
            "eps_4q_growth_year": -75.66,
            "roe": 1.05,
            "roe_4q": 3.4999999999999996,
            "gross_profit": 679208,
            "gross_margin": 44.12,
            "gross_margin_4q_avg": 44.92,
            "net_income": 50106,
            "net_income_4q": null,
            "revenue": 1539401,
            "revenue_4q": null,
            "common_shares": 2485503,
            "book_valuer_per_share": 19.54,
            "book_valuer_per_share_4q_avg": 20.14,
            "equity": 4803742,
            "current_ratio": 321.6,
            "debt_ratio": 21.42,
            "inventory_turnover_ratio": 0.81,
            "account_receivable_turnover_ratio": 1.74,
            "reinvestment_rate": -13.93,
            "research_to_sale_ratio": 25.44,
            "price_fair": 5.32,
            "eps_avg_yearly": 1.77,
            "eps_latest_yearly": 0.84,
            "eps_growth_yearly": -7.76
        },
        "20164": {
            "year_quarter": 20164,
            "year": 2016,
            "quarter": 4,
            "eps": 0.13,
            "eps_growth_year": null,
            "eps_4q": 1.14,
            "eps_4q_growth_year": -38.97,
            "roe": 0.65,
            "roe_4q": 5.67,
            "gross_profit": 673410,
            "gross_margin": 44.16,
            "gross_margin_4q_avg": 43.98,
            "net_income": 31603,
            "net_income_4q": null,
            "revenue": 1524852,
            "revenue_4q": null,
            "common_shares": 2485503,
            "book_valuer_per_share": 19.81,
            "book_valuer_per_share_4q_avg": 19.91,
            "equity": 4864012,
            "current_ratio": 300.87,
            "debt_ratio": 22.64,
            "inventory_turnover_ratio": 1.05,
            "account_receivable_turnover_ratio": 1.76,
            "reinvestment_rate": -12.33,
            "research_to_sale_ratio": 27.52,
            "price_fair": 5,
            "eps_avg_yearly": 1.67,
            "eps_latest_yearly": 0.52,
            "eps_growth_yearly": -8.29
        },
        "20171": {
            "year_quarter": 20171,
            "year": 2017,
            "quarter": 1,
            "eps": 2.12,
            "eps_growth_year": 606.67,
            "eps_4q": 2.96,
            "eps_4q_growth_year": 111.06,
            "roe": 10.08,
            "roe_4q": 14.31,
            "gross_profit": 648398,
            "gross_margin": 45.27,
            "gross_margin_4q_avg": 43.73,
            "net_income": 521344,
            "net_income_4q": null,
            "revenue": 1432152,
            "revenue_4q": null,
            "common_shares": 2485503,
            "book_valuer_per_share": 22.33,
            "book_valuer_per_share_4q_avg": 20.25,
            "equity": 5482265,
            "current_ratio": 258.49,
            "debt_ratio": 25.99,
            "inventory_turnover_ratio": 1.2,
            "account_receivable_turnover_ratio": 1.38,
            "reinvestment_rate": -1.69,
            "research_to_sale_ratio": 30.91,
            "price_fair": 74.4,
            "eps_avg_yearly": 2.13,
            "eps_latest_yearly": 8.48,
            "eps_growth_yearly": 429.07
        },
        "20172": {
            "year_quarter": 20172,
            "year": 2017,
            "quarter": 2,
            "eps": 0.61,
            "eps_growth_year": 19.61,
            "eps_4q": 3.06,
            "eps_4q_growth_year": 158.92,
            "roe": 2.76,
            "roe_4q": 14.540000000000001,
            "gross_profit": 716120,
            "gross_margin": 47.39,
            "gross_margin_4q_avg": 45.24,
            "net_income": 149341,
            "net_income_4q": null,
            "revenue": 1511037,
            "revenue_4q": null,
            "common_shares": 2485503,
            "book_valuer_per_share": 21.79,
            "book_valuer_per_share_4q_avg": 20.87,
            "equity": 5350787,
            "current_ratio": 247.73,
            "debt_ratio": 26.92,
            "inventory_turnover_ratio": 1.28,
            "account_receivable_turnover_ratio": 1.58,
            "reinvestment_rate": -0.87,
            "research_to_sale_ratio": 24.21,
            "price_fair": 75.5,
            "eps_avg_yearly": 2.16,
            "eps_latest_yearly": 2.44,
            "eps_growth_yearly": 409.28
        },
        "20173": {
            "year_quarter": 20173,
            "year": 2017,
            "quarter": 3,
            "eps": 0.5,
            "eps_growth_year": 138.1,
            "eps_4q": 3.36,
            "eps_4q_growth_year": 379.65,
            "roe": 2.31,
            "roe_4q": 15.8,
            "gross_profit": 666046,
            "gross_margin": 52.5,
            "gross_margin_4q_avg": 47.33,
            "net_income": 123977,
            "net_income_4q": null,
            "revenue": 1268736,
            "revenue_4q": null,
            "common_shares": 2485503,
            "book_valuer_per_share": 21.93,
            "book_valuer_per_share_4q_avg": 21.47,
            "equity": 5385138,
            "current_ratio": 287.86,
            "debt_ratio": 22.43,
            "inventory_turnover_ratio": 1.1,
            "account_receivable_turnover_ratio": 1.62,
            "reinvestment_rate": -0.26,
            "research_to_sale_ratio": 31.9,
            "price_fair": 75.5,
            "eps_avg_yearly": 2.16,
            "eps_latest_yearly": 2,
            "eps_growth_yearly": 404.13
        },
        "20174": {
            "year_quarter": 20174,
            "year": 2017,
            "quarter": 4,
            "eps": 0.17,
            "eps_growth_year": 28.95,
            "eps_4q": 3.36,
            "eps_4q_growth_year": 193.74,
            "roe": 0.76,
            "roe_4q": 15.91,
            "gross_profit": 617623,
            "gross_margin": 54.62,
            "gross_margin_4q_avg": 49.95,
            "net_income": 41251,
            "net_income_4q": null,
            "revenue": 1130684,
            "revenue_4q": null,
            "common_shares": 2485503,
            "book_valuer_per_share": 22.25,
            "book_valuer_per_share_4q_avg": 22.08,
            "equity": 5530190,
            "current_ratio": 330.18,
            "debt_ratio": 20.27,
            "inventory_turnover_ratio": 1.06,
            "account_receivable_turnover_ratio": 1.61,
            "reinvestment_rate": -3.49,
            "research_to_sale_ratio": 34.94,
            "price_fair": 72.2,
            "eps_avg_yearly": 2.06,
            "eps_latest_yearly": 0.68,
            "eps_growth_yearly": 385.27
        },
        "20181": {
            "year_quarter": 20181,
            "year": 2018,
            "quarter": 1,
            "eps": 0.28,
            "eps_growth_year": -86.79,
            "eps_4q": 1.54,
            "eps_4q_growth_year": -47.93,
            "roe": 1.25,
            "roe_4q": 7.08,
            "gross_profit": 563516,
            "gross_margin": 54.03,
            "gross_margin_4q_avg": 52.14,
            "net_income": 68989,
            "net_income_4q": null,
            "revenue": 1042940,
            "revenue_4q": null,
            "common_shares": 2485503,
            "book_valuer_per_share": 22,
            "book_valuer_per_share_4q_avg": 21.99,
            "equity": 5467277,
            "current_ratio": 312.95,
            "debt_ratio": 21.97,
            "inventory_turnover_ratio": 0.93,
            "account_receivable_turnover_ratio": 1.8,
            "reinvestment_rate": -63.09,
            "research_to_sale_ratio": 34.57,
            "price_fair": 70.9,
            "eps_avg_yearly": 2.03,
            "eps_latest_yearly": 1.12,
            "eps_growth_yearly": 408.9
        },
        "20182": {
            "year_quarter": 20182,
            "year": 2018,
            "quarter": 2,
            "eps": 0.11,
            "eps_growth_year": -81.97,
            "eps_4q": 1.06,
            "eps_4q_growth_year": -65.5,
            "roe": 0.55,
            "roe_4q": 4.87,
            "gross_profit": 604259,
            "gross_margin": 54.73,
            "gross_margin_4q_avg": 53.97,
            "net_income": 28521,
            "net_income_4q": null,
            "revenue": 1104001,
            "revenue_4q": null,
            "common_shares": 2485503,
            "book_valuer_per_share": 19.52,
            "book_valuer_per_share_4q_avg": 21.43,
            "equity": 4851940,
            "current_ratio": 212.68,
            "debt_ratio": 32.93,
            "inventory_turnover_ratio": 0.91,
            "account_receivable_turnover_ratio": 2,
            "reinvestment_rate": -69.5,
            "research_to_sale_ratio": 34.44,
            "price_fair": 67,
            "eps_avg_yearly": 1.91,
            "eps_latest_yearly": 0.44,
            "eps_growth_yearly": 385.29
        },
        "20183": {
            "year_quarter": 20183,
            "year": 2018,
            "quarter": 3,
            "eps": 0.35,
            "eps_growth_year": -30,
            "eps_4q": 0.91,
            "eps_4q_growth_year": -72.99,
            "roe": 1.79,
            "roe_4q": 4.35,
            "gross_profit": 724913,
            "gross_margin": 51.56,
            "gross_margin_4q_avg": 53.74,
            "net_income": 87138,
            "net_income_4q": null,
            "revenue": 1406021,
            "revenue_4q": null,
            "common_shares": 2485503,
            "book_valuer_per_share": 19.72,
            "book_valuer_per_share_4q_avg": 20.87,
            "equity": 4901641,
            "current_ratio": 230.81,
            "debt_ratio": 30.88,
            "inventory_turnover_ratio": 1.15,
            "account_receivable_turnover_ratio": 1.89,
            "reinvestment_rate": -71.05,
            "research_to_sale_ratio": 33.97,
            "price_fair": 67.2,
            "eps_avg_yearly": 1.92,
            "eps_latest_yearly": 1.4,
            "eps_growth_yearly": 457.34
        },
        "20184": {
            "year_quarter": 20184,
            "year": 2018,
            "quarter": 4,
            "eps": 0.32,
            "eps_growth_year": 90.49,
            "eps_4q": 1.06,
            "eps_4q_growth_year": -68.51,
            "roe": 1.58,
            "roe_4q": 5.17,
            "gross_profit": 712189,
            "gross_margin": 52.69,
            "gross_margin_4q_avg": 53.25,
            "net_income": 76503,
            "net_income_4q": null,
            "revenue": 1351696,
            "revenue_4q": null,
            "common_shares": 2485503,
            "book_valuer_per_share": 19.3,
            "book_valuer_per_share_4q_avg": 20.14,
            "equity": 4811361,
            "current_ratio": 248.77,
            "debt_ratio": 29.4,
            "inventory_turnover_ratio": 1,
            "account_receivable_turnover_ratio": 1.57,
            "reinvestment_rate": -66.82,
            "research_to_sale_ratio": 33.66,
            "price_fair": 66.3,
            "eps_avg_yearly": 1.89,
            "eps_latest_yearly": 1.28,
            "eps_growth_yearly": 447.96
        },
        "20191": {
            "year_quarter": 20191,
            "year": 2019,
            "quarter": 1,
            "eps": 0.39,
            "eps_growth_year": 39.29,
            "eps_4q": 1.17,
            "eps_4q_growth_year": -24.32,
            "roe": 1.95,
            "roe_4q": 5.87,
            "gross_profit": 636498,
            "gross_margin": 58,
            "gross_margin_4q_avg": 54.25,
            "net_income": 94973,
            "net_income_4q": null,
            "revenue": 1097379,
            "revenue_4q": null,
            "common_shares": 2485503,
            "book_valuer_per_share": 19.87,
            "book_valuer_per_share_4q_avg": 19.6,
            "equity": 4954107,
            "current_ratio": 252.43,
            "debt_ratio": 31.16,
            "inventory_turnover_ratio": 0.81,
            "account_receivable_turnover_ratio": 1.36,
            "reinvestment_rate": -69.19,
            "research_to_sale_ratio": 43.08,
            "price_fair": 65.6,
            "eps_avg_yearly": 1.87,
            "eps_latest_yearly": 1.56,
            "eps_growth_yearly": 450.73
        },
        "20192": {
            "year_quarter": 20192,
            "year": 2019,
            "quarter": 2,
            "eps": 0.22,
            "eps_growth_year": 100,
            "eps_4q": 1.28,
            "eps_4q_growth_year": 21.12,
            "roe": 1.11,
            "roe_4q": 6.430000000000001,
            "gross_profit": 663965,
            "gross_margin": 54.65,
            "gross_margin_4q_avg": 54.23,
            "net_income": 54241,
            "net_income_4q": null,
            "revenue": 1214902,
            "revenue_4q": null,
            "common_shares": 2485503,
            "book_valuer_per_share": 19.47,
            "book_valuer_per_share_4q_avg": 19.59,
            "equity": 4851657,
            "current_ratio": 220.55,
            "debt_ratio": 34.64,
            "inventory_turnover_ratio": 0.93,
            "account_receivable_turnover_ratio": 1.54,
            "reinvestment_rate": -73.3,
            "research_to_sale_ratio": 37.47,
            "price_fair": 63.5,
            "eps_avg_yearly": 1.81,
            "eps_latest_yearly": 0.88,
            "eps_growth_yearly": 440.14
        },
        "20193": {
            "year_quarter": 20193,
            "year": 2019,
            "quarter": 3,
            "eps": 0.59,
            "eps_growth_year": 68.57,
            "eps_4q": 1.52,
            "eps_4q_growth_year": 67.03,
            "roe": 2.9,
            "roe_4q": 7.54,
            "gross_profit": 802272,
            "gross_margin": 50.4,
            "gross_margin_4q_avg": 53.94,
            "net_income": 143097,
            "net_income_4q": null,
            "revenue": 1591800,
            "revenue_4q": null,
            "common_shares": 2485503,
            "book_valuer_per_share": 20.1,
            "book_valuer_per_share_4q_avg": 19.69,
            "equity": 5005264,
            "current_ratio": 236.19,
            "debt_ratio": 32.26,
            "inventory_turnover_ratio": 1.13,
            "account_receivable_turnover_ratio": 1.58,
            "reinvestment_rate": -78.4,
            "research_to_sale_ratio": 30.43,
            "price_fair": 65.1,
            "eps_avg_yearly": 1.86,
            "eps_latest_yearly": 2.36,
            "eps_growth_yearly": 488.19
        },
        "20194": {
            "year_quarter": 20194,
            "year": 2019,
            "quarter": 4,
            "eps": 0.2,
            "eps_growth_year": -37.46,
            "eps_4q": 1.4,
            "eps_4q_growth_year": 32.16,
            "roe": 0.86,
            "roe_4q": 6.82,
            "gross_profit": 696807,
            "gross_margin": 49.69,
            "gross_margin_4q_avg": 53.19,
            "net_income": 43934,
            "net_income_4q": null,
            "revenue": 1402270,
            "revenue_4q": null,
            "common_shares": 2485503,
            "book_valuer_per_share": 20.94,
            "book_valuer_per_share_4q_avg": 20.1,
            "equity": 5262740,
            "current_ratio": 241.58,
            "debt_ratio": 31.67,
            "inventory_turnover_ratio": 1.03,
            "account_receivable_turnover_ratio": 1.39,
            "reinvestment_rate": -71,
            "research_to_sale_ratio": 35.02,
            "price_fair": 62.63,
            "eps_avg_yearly": 1.79,
            "eps_latest_yearly": 0.8,
            "eps_growth_yearly": 438.02
        },
        "20201": {
            "year_quarter": 20201,
            "year": 2020,
            "quarter": 1,
            "eps": 0.16,
            "eps_growth_year": -58.97,
            "eps_4q": 1.17,
            "eps_4q_growth_year": 0.28,
            "roe": 0.69,
            "roe_4q": 5.56,
            "gross_profit": 618623,
            "gross_margin": 48.89,
            "gross_margin_4q_avg": 50.91,
            "net_income": 36177,
            "net_income_4q": null,
            "revenue": 1265424,
            "revenue_4q": null,
            "common_shares": 2485503,
            "book_valuer_per_share": 20.62,
            "book_valuer_per_share_4q_avg": 20.28,
            "equity": 5179789,
            "current_ratio": 265.3,
            "debt_ratio": 29.51,
            "inventory_turnover_ratio": 1.02,
            "account_receivable_turnover_ratio": 1.45,
            "reinvestment_rate": -71.82,
            "research_to_sale_ratio": 36.78,
            "price_fair": 60.11,
            "eps_avg_yearly": 1.72,
            "eps_latest_yearly": 0.64,
            "eps_growth_yearly": 405.64
        },
        "20202": {
            "year_quarter": 20202,
            "year": 2020,
            "quarter": 2,
            "eps": 0.58,
            "eps_growth_year": 163.64,
            "eps_4q": 1.52,
            "eps_4q_growth_year": 18.8,
            "roe": 2.67,
            "roe_4q": 7.119999999999999,
            "gross_profit": 610794,
            "gross_margin": 46.76,
            "gross_margin_4q_avg": 48.94,
            "net_income": 137386,
            "net_income_4q": null,
            "revenue": 1306273,
            "revenue_4q": null,
            "common_shares": 2485503,
            "book_valuer_per_share": 20.41,
            "book_valuer_per_share_4q_avg": 20.52,
            "equity": 5121341,
            "current_ratio": 244.09,
            "debt_ratio": 31.96,
            "inventory_turnover_ratio": 1.08,
            "account_receivable_turnover_ratio": 1.54,
            "reinvestment_rate": -75.34,
            "research_to_sale_ratio": 34.61,
            "price_fair": 60.73,
            "eps_avg_yearly": 1.74,
            "eps_latest_yearly": 2.32,
            "eps_growth_yearly": 453.76
        },
        "20203": {
            "year_quarter": 20203,
            "year": 2020,
            "quarter": 3,
            "eps": 0.25,
            "eps_growth_year": -57.63,
            "eps_4q": 1.18,
            "eps_4q_growth_year": -22.07,
            "roe": 1.11,
            "roe_4q": 5.330000000000001,
            "gross_profit": 701291,
            "gross_margin": 46.96,
            "gross_margin_4q_avg": 48.08,
            "net_income": 59953,
            "net_income_4q": null,
            "revenue": 1493492,
            "revenue_4q": null,
            "common_shares": 2485503,
            "book_valuer_per_share": 22.56,
            "book_valuer_per_share_4q_avg": 21.13,
            "equity": 5653908,
            "current_ratio": 270.8,
            "debt_ratio": 27.48,
            "inventory_turnover_ratio": 1.18,
            "account_receivable_turnover_ratio": 1.76,
            "reinvestment_rate": -76.24,
            "research_to_sale_ratio": 31.48,
            "price_fair": 61.08,
            "eps_avg_yearly": 1.75,
            "eps_latest_yearly": 1,
            "eps_growth_yearly": 454.25
        },
        "20204": {
            "year_quarter": 20204,
            "year": 2020,
            "quarter": 4,
            "eps": 0.09,
            "eps_growth_year": -52.11,
            "eps_4q": 1.08,
            "eps_4q_growth_year": -22.83,
            "roe": 0.37,
            "roe_4q": 4.84,
            "gross_profit": 668918,
            "gross_margin": 46.77,
            "gross_margin_4q_avg": 47.35,
            "net_income": 22481,
            "net_income_4q": null,
            "revenue": 1430118,
            "revenue_4q": null,
            "common_shares": 2485503,
            "book_valuer_per_share": 25.32,
            "book_valuer_per_share_4q_avg": 22.23,
            "equity": 6340994,
            "current_ratio": 291.33,
            "debt_ratio": 22.66,
            "inventory_turnover_ratio": 1.28,
            "account_receivable_turnover_ratio": 1.81,
            "reinvestment_rate": -78.95,
            "research_to_sale_ratio": 32.6,
            "price_fair": 60.73,
            "eps_avg_yearly": 1.74,
            "eps_latest_yearly": 0.36,
            "eps_growth_yearly": 447.77
        },
        "20211": {
            "year_quarter": 20211,
            "year": 2021,
            "quarter": 1,
            "eps": 0.68,
            "eps_growth_year": 325,
            "eps_4q": 1.6,
            "eps_4q_growth_year": 37.01,
            "roe": 2.74,
            "roe_4q": 6.890000000000001,
            "gross_profit": 748734,
            "gross_margin": 48.78,
            "gross_margin_4q_avg": 47.32,
            "net_income": 178993,
            "net_income_4q": null,
            "revenue": 1534975,
            "revenue_4q": null,
            "common_shares": 2485503,
            "book_valuer_per_share": 26.56,
            "book_valuer_per_share_4q_avg": 23.71,
            "equity": 6702520,
            "current_ratio": 261.78,
            "debt_ratio": 25.77,
            "inventory_turnover_ratio": 1.39,
            "account_receivable_turnover_ratio": 2.47,
            "reinvestment_rate": -115.47,
            "research_to_sale_ratio": 33.49,
            "price_fair": 48.13,
            "eps_avg_yearly": 1.38,
            "eps_latest_yearly": 2.72,
            "eps_growth_yearly": 228.97
        },
        "20212": {
            "year_quarter": 20212,
            "year": 2021,
            "quarter": 2,
            "eps": 0.73,
            "eps_growth_year": 25.86,
            "eps_4q": 1.75,
            "eps_4q_growth_year": 15.33,
            "roe": 2.81,
            "roe_4q": 7.030000000000001,
            "gross_profit": 838496,
            "gross_margin": 49.68,
            "gross_margin_4q_avg": 48.05,
            "net_income": 192896,
            "net_income_4q": null,
            "revenue": 1687852,
            "revenue_4q": null,
            "common_shares": 2485503,
            "book_valuer_per_share": 27.76,
            "book_valuer_per_share_4q_avg": 25.55,
            "equity": 7048397,
            "current_ratio": 261.19,
            "debt_ratio": 25.93,
            "inventory_turnover_ratio": 1.2,
            "account_receivable_turnover_ratio": 2.53,
            "reinvestment_rate": -114.61,
            "research_to_sale_ratio": 27.28,
            "price_fair": 49.18,
            "eps_avg_yearly": 1.41,
            "eps_latest_yearly": 2.92,
            "eps_growth_yearly": 248.61
        },
        "20213": {
            "year_quarter": 20213,
            "year": 2021,
            "quarter": 3,
            "eps": 1.31,
            "eps_growth_year": 424,
            "eps_4q": 2.82,
            "eps_4q_growth_year": 138.28,
            "roe": 5.33,
            "roe_4q": 11.25,
            "gross_profit": 1144596,
            "gross_margin": 51.61,
            "gross_margin_4q_avg": 49.21,
            "net_income": 388807,
            "net_income_4q": null,
            "revenue": 2217822,
            "revenue_4q": null,
            "common_shares": 2485503,
            "book_valuer_per_share": 29.52,
            "book_valuer_per_share_4q_avg": 27.29,
            "equity": 7547539,
            "current_ratio": 219.45,
            "debt_ratio": 30.94,
            "inventory_turnover_ratio": 1.2,
            "account_receivable_turnover_ratio": 2.82,
            "reinvestment_rate": -97.38,
            "research_to_sale_ratio": 22.89,
            "price_fair": 56.26,
            "eps_avg_yearly": 1.61,
            "eps_latest_yearly": 5.24,
            "eps_growth_yearly": 272.98
        },
        "20214": {
            "year_quarter": 20214,
            "year": 2021,
            "quarter": 4,
            "eps": 1.93,
            "eps_growth_year": 1934.54,
            "eps_4q": 4.65,
            "eps_4q_growth_year": 330.6,
            "roe": 6.74,
            "roe_4q": 17.62,
            "gross_profit": 1358103,
            "gross_margin": 51.35,
            "gross_margin_4q_avg": 50.36,
            "net_income": 529352,
            "net_income_4q": null,
            "revenue": 2644552,
            "revenue_4q": null,
            "common_shares": 2485503,
            "book_valuer_per_share": 31.54,
            "book_valuer_per_share_4q_avg": 28.85,
            "equity": 8155299,
            "current_ratio": 210.86,
            "debt_ratio": 32.25,
            "inventory_turnover_ratio": 1.11,
            "account_receivable_turnover_ratio": 3.07,
            "reinvestment_rate": -71.5,
            "research_to_sale_ratio": 20.98,
            "price_fair": 71.66,
            "eps_avg_yearly": 2.05,
            "eps_latest_yearly": 7.72,
            "eps_growth_yearly": 301.31
        },
        "20221": {
            "year_quarter": 20221,
            "year": 2022,
            "quarter": 1,
            "eps": 2.7,
            "eps_growth_year": 297.06,
            "eps_4q": 6.66,
            "eps_4q_growth_year": 315.21,
            "roe": 8.57,
            "roe_4q": 23.45,
            "gross_profit": 1593185,
            "gross_margin": 49.68,
            "gross_margin_4q_avg": 50.58,
            "net_income": 712792,
            "net_income_4q": null,
            "revenue": 3206845,
            "revenue_4q": null,
            "common_shares": 2485503,
            "book_valuer_per_share": 32.62,
            "book_valuer_per_share_4q_avg": 30.36,
            "equity": 8485360,
            "current_ratio": 198.35,
            "debt_ratio": 37.45,
            "inventory_turnover_ratio": 1.07,
            "account_receivable_turnover_ratio": 2.95,
            "reinvestment_rate": -5.76,
            "research_to_sale_ratio": 18.83,
            "price_fair": 92.84,
            "eps_avg_yearly": 2.65,
            "eps_latest_yearly": 10.8,
            "eps_growth_yearly": 295.11
        },
        "20222": {
            "year_quarter": 20222,
            "year": 2022,
            "quarter": 2,
            "eps": 2.66,
            "eps_growth_year": 264.38,
            "eps_4q": 8.6,
            "eps_4q_growth_year": 390.03,
            "roe": 8.57,
            "roe_4q": 29.21,
            "gross_profit": 1659535,
            "gross_margin": 49.32,
            "gross_margin_4q_avg": 50.49,
            "net_income": 697598,
            "net_income_4q": null,
            "revenue": 3364742,
            "revenue_4q": null,
            "common_shares": 2485503,
            "book_valuer_per_share": 29.83,
            "book_valuer_per_share_4q_avg": 30.88,
            "equity": 7787618,
            "current_ratio": 186.52,
            "debt_ratio": 42.32,
            "inventory_turnover_ratio": 0.84,
            "account_receivable_turnover_ratio": 2.49,
            "reinvestment_rate": -4.52,
            "research_to_sale_ratio": 16.89,
            "price_fair": 115.15,
            "eps_avg_yearly": 3.29,
            "eps_latest_yearly": 10.64,
            "eps_growth_yearly": 309.92
        },
        "20223": {
            "year_quarter": 20223,
            "year": 2022,
            "quarter": 3,
            "eps": 2.41,
            "eps_growth_year": 83.97,
            "eps_4q": 9.69,
            "eps_4q_growth_year": 243.81,
            "roe": 7.49,
            "roe_4q": 31.370000000000005,
            "gross_profit": 1576026,
            "gross_margin": 48.59,
            "gross_margin_4q_avg": 49.74,
            "net_income": 602693,
            "net_income_4q": null,
            "revenue": 3243705,
            "revenue_4q": null,
            "common_shares": 2485503,
            "book_valuer_per_share": 31.88,
            "book_valuer_per_share_4q_avg": 31.47,
            "equity": 8313838,
            "current_ratio": 203.66,
            "debt_ratio": 39.76,
            "inventory_turnover_ratio": 0.6,
            "account_receivable_turnover_ratio": 2.32,
            "reinvestment_rate": -4.5,
            "research_to_sale_ratio": 18.95,
            "price_fair": 133.18,
            "eps_avg_yearly": 3.81,
            "eps_latest_yearly": 9.64,
            "eps_growth_yearly": 253.03
        },
        "20224": {
            "year_quarter": 20224,
            "year": 2022,
            "quarter": 4,
            "eps": 2.11,
            "eps_growth_year": 9.54,
            "eps_4q": 9.88,
            "eps_4q_growth_year": 112.35,
            "roe": 5.76,
            "roe_4q": 30.39,
            "gross_profit": 1546663,
            "gross_margin": 47.59,
            "gross_margin_4q_avg": 48.8,
            "net_income": 497385,
            "net_income_4q": null,
            "revenue": 3249863,
            "revenue_4q": null,
            "common_shares": 2485503,
            "book_valuer_per_share": 34.6,
            "book_valuer_per_share_4q_avg": 32.23,
            "equity": 8968597,
            "current_ratio": 234.71,
            "debt_ratio": 33.63,
            "inventory_turnover_ratio": 0.55,
            "account_receivable_turnover_ratio": 2.42,
            "reinvestment_rate": -4.17,
            "research_to_sale_ratio": 19.54,
            "price_fair": 148.84,
            "eps_avg_yearly": 4.25,
            "eps_latest_yearly": 8.44,
            "eps_growth_yearly": 252.06
        },
        "20231": {
            "year_quarter": 20231,
            "year": 2023,
            "quarter": 1,
            "eps": 2.02,
            "eps_growth_year": -25.19,
            "eps_4q": 9.2,
            "eps_4q_growth_year": 38.06,
            "roe": 5.06,
            "roe_4q": 26.880000000000003,
            "gross_profit": 1458450,
            "gross_margin": 44.71,
            "gross_margin_4q_avg": 47.55,
            "net_income": 477786,
            "net_income_4q": null,
            "revenue": 3262264,
            "revenue_4q": null,
            "common_shares": 2485503,
            "book_valuer_per_share": 38.45,
            "book_valuer_per_share_4q_avg": 33.69,
            "equity": 9913809,
            "current_ratio": 264.96,
            "debt_ratio": 28.79,
            "inventory_turnover_ratio": 0.68,
            "account_receivable_turnover_ratio": 2.29,
            "reinvestment_rate": -3.66,
            "research_to_sale_ratio": 17.7,
            "price_fair": 163.1,
            "eps_avg_yearly": 4.66,
            "eps_latest_yearly": 8.08,
            "eps_growth_yearly": 245.52
        },
        "20232": {
            "year_quarter": 20232,
            "year": 2023,
            "quarter": 2,
            "eps": 1.66,
            "eps_growth_year": -37.59,
            "eps_4q": 8.2,
            "eps_4q_growth_year": -4.56,
            "roe": 4.11,
            "roe_4q": 22.42,
            "gross_profit": 1270716,
            "gross_margin": 43.56,
            "gross_margin_4q_avg": 46.11,
            "net_income": 387562,
            "net_income_4q": null,
            "revenue": 2917006,
            "revenue_4q": null,
            "common_shares": 2485503,
            "book_valuer_per_share": 34.65,
            "book_valuer_per_share_4q_avg": 34.9,
            "equity": 8947540,
            "current_ratio": 213.95,
            "debt_ratio": 35.5,
            "inventory_turnover_ratio": 0.81,
            "account_receivable_turnover_ratio": 2.08,
            "reinvestment_rate": -3.57,
            "research_to_sale_ratio": 20.76,
            "price_fair": 175.7,
            "eps_avg_yearly": 5.02,
            "eps_latest_yearly": 6.64,
            "eps_growth_yearly": 251.96
        },
        "20233": {
            "year_quarter": 20233,
            "year": 2023,
            "quarter": 3,
            "eps": 1.42,
            "eps_growth_year": -41.08,
            "eps_4q": 7.22,
            "eps_4q_growth_year": -25.52,
            "roe": 3.73,
            "roe_4q": 18.659999999999997,
            "gross_profit": 1281218,
            "gross_margin": 43.25,
            "gross_margin_4q_avg": 44.78,
            "net_income": 341310,
            "net_income_4q": null,
            "revenue": 2962479,
            "revenue_4q": null,
            "common_shares": 2485503,
            "book_valuer_per_share": 36.17,
            "book_valuer_per_share_4q_avg": 35.97,
            "equity": 9330115,
            "current_ratio": 241.9,
            "debt_ratio": 30.74,
            "inventory_turnover_ratio": 0.99,
            "account_receivable_turnover_ratio": 2.09,
            "reinvestment_rate": -2.56,
            "research_to_sale_ratio": 20.33,
            "price_fair": 182.96,
            "eps_avg_yearly": 5.23,
            "eps_latest_yearly": 5.68,
            "eps_growth_yearly": 206.3
        }
    },
    "months": {
        "2002-08": {
            "month": "2002-08",
            "price": "101.50",
            "revenue": 300599
        },
        "2002-09": {
            "month": "2002-09",
            "price": "98.05",
            "revenue": 300001
        },
        "2002-10": {
            "month": "2002-10",
            "price": "85.30",
            "revenue": 281054
        },
        "2002-11": {
            "month": "2002-11",
            "price": "81.69",
            "revenue": 279465
        },
        "2002-12": {
            "month": "2002-12",
            "price": "81.55",
            "revenue": 276245
        },
        "2003-01": {
            "month": "2003-01",
            "price": "83.58",
            "revenue": 280040
        },
        "2003-02": {
            "month": "2003-02",
            "price": "79.56",
            "revenue": 290133
        },
        "2003-03": {
            "month": "2003-03",
            "price": "79.64",
            "revenue": 300544
        },
        "2003-04": {
            "month": "2003-04",
            "price": "77.73",
            "revenue": 310869
        },
        "2003-05": {
            "month": "2003-05",
            "price": "75.86",
            "revenue": 326677
        },
        "2003-06": {
            "month": "2003-06",
            "price": "86.90",
            "revenue": 311216
        },
        "2003-07": {
            "month": "2003-07",
            "price": "87.37",
            "revenue": 327155
        },
        "2003-08": {
            "month": "2003-08",
            "price": "88.45",
            "revenue": 310038
        },
        "2003-09": {
            "month": "2003-09",
            "price": "78.57",
            "revenue": 301186
        },
        "2003-10": {
            "month": "2003-10",
            "price": "78.61",
            "revenue": 345363
        },
        "2003-11": {
            "month": "2003-11",
            "price": "81.72",
            "revenue": 351803
        },
        "2003-12": {
            "month": "2003-12",
            "price": "77.52",
            "revenue": 312030
        },
        "2004-01": {
            "month": "2004-01",
            "price": "78.43",
            "revenue": 345350
        },
        "2004-02": {
            "month": "2004-02",
            "price": "84.78",
            "revenue": 335738
        },
        "2004-03": {
            "month": "2004-03",
            "price": "81.11",
            "revenue": 401527
        },
        "2004-04": {
            "month": "2004-04",
            "price": "78.45",
            "revenue": 406842
        },
        "2004-05": {
            "month": "2004-05",
            "price": "70.05",
            "revenue": 420824
        },
        "2004-06": {
            "month": "2004-06",
            "price": "62.33",
            "revenue": 422674
        },
        "2004-07": {
            "month": "2004-07",
            "price": "59.60",
            "revenue": 431237
        },
        "2004-08": {
            "month": "2004-08",
            "price": "52.19",
            "revenue": 442749
        },
        "2004-09": {
            "month": "2004-09",
            "price": "50.36",
            "revenue": 450239
        },
        "2004-10": {
            "month": "2004-10",
            "price": "47.82",
            "revenue": 460336
        },
        "2004-11": {
            "month": "2004-11",
            "price": "46.99",
            "revenue": 461250
        },
        "2004-12": {
            "month": "2004-12",
            "price": "48.40",
            "revenue": 464524
        },
        "2005-01": {
            "month": "2005-01",
            "price": "51.74",
            "revenue": 467157
        },
        "2005-02": {
            "month": "2005-02",
            "price": "59.46",
            "revenue": 417518
        },
        "2005-03": {
            "month": "2005-03",
            "price": "60.99",
            "revenue": 450623
        },
        "2005-04": {
            "month": "2005-04",
            "price": "57.44",
            "revenue": 500383
        },
        "2005-05": {
            "month": "2005-05",
            "price": "57.93",
            "revenue": 492545
        },
        "2005-06": {
            "month": "2005-06",
            "price": "61.74",
            "revenue": 510020
        },
        "2005-07": {
            "month": "2005-07",
            "price": "60.54",
            "revenue": 510162
        },
        "2005-08": {
            "month": "2005-08",
            "price": "61.54",
            "revenue": 500661
        },
        "2005-09": {
            "month": "2005-09",
            "price": "60.35",
            "revenue": 506128
        },
        "2005-10": {
            "month": "2005-10",
            "price": "55.27",
            "revenue": 506319
        },
        "2005-11": {
            "month": "2005-11",
            "price": "52.96",
            "revenue": 480225
        },
        "2005-12": {
            "month": "2005-12",
            "price": "57.50",
            "revenue": 402932
        },
        "2006-01": {
            "month": "2006-01",
            "price": "54.94",
            "revenue": 410808
        },
        "2006-02": {
            "month": "2006-02",
            "price": "52.07",
            "revenue": 418036
        },
        "2006-03": {
            "month": "2006-03",
            "price": "51.02",
            "revenue": 452629
        },
        "2006-04": {
            "month": "2006-04",
            "price": "55.84",
            "revenue": 453166
        },
        "2006-05": {
            "month": "2006-05",
            "price": "62.17",
            "revenue": 510271
        },
        "2006-06": {
            "month": "2006-06",
            "price": "55.24",
            "revenue": 510689
        },
        "2006-07": {
            "month": "2006-07",
            "price": "52.63",
            "revenue": 545244
        },
        "2006-08": {
            "month": "2006-08",
            "price": "51.25",
            "revenue": 532209
        },
        "2006-09": {
            "month": "2006-09",
            "price": "50.25",
            "revenue": 481004
        },
        "2006-10": {
            "month": "2006-10",
            "price": "49.25",
            "revenue": 415118
        },
        "2006-11": {
            "month": "2006-11",
            "price": "51.05",
            "revenue": 411341
        },
        "2006-12": {
            "month": "2006-12",
            "price": "73.23",
            "revenue": 403060
        },
        "2007-01": {
            "month": "2007-01",
            "price": "76.52",
            "revenue": 400304
        },
        "2007-02": {
            "month": "2007-02",
            "price": "78.51",
            "revenue": 373245
        },
        "2007-03": {
            "month": "2007-03",
            "price": "110.01",
            "revenue": 374015
        },
        "2007-04": {
            "month": "2007-04",
            "price": "103.19",
            "revenue": 390294
        },
        "2007-05": {
            "month": "2007-05",
            "price": "108.98",
            "revenue": 380219
        },
        "2007-06": {
            "month": "2007-06",
            "price": "129.62",
            "revenue": 383393
        },
        "2007-07": {
            "month": "2007-07",
            "price": "142.07",
            "revenue": 410643
        },
        "2007-08": {
            "month": "2007-08",
            "price": "120.35",
            "revenue": 440022
        },
        "2007-09": {
            "month": "2007-09",
            "price": "108.31",
            "revenue": 550221
        },
        "2007-10": {
            "month": "2007-10",
            "price": "107.69",
            "revenue": 501048
        },
        "2007-11": {
            "month": "2007-11",
            "price": "81.02",
            "revenue": 480430
        },
        "2007-12": {
            "month": "2007-12",
            "price": "72.83",
            "revenue": 408077
        },
        "2008-01": {
            "month": "2008-01",
            "price": "59.98",
            "revenue": 425934
        },
        "2008-02": {
            "month": "2008-02",
            "price": "54.79",
            "revenue": 392367
        },
        "2008-03": {
            "month": "2008-03",
            "price": "62.42",
            "revenue": 422320
        },
        "2008-04": {
            "month": "2008-04",
            "price": "64.85",
            "revenue": 377232
        },
        "2008-05": {
            "month": "2008-05",
            "price": "65.02",
            "revenue": 442966
        },
        "2008-06": {
            "month": "2008-06",
            "price": "55.67",
            "revenue": 456482
        },
        "2008-07": {
            "month": "2008-07",
            "price": "52.57",
            "revenue": 512406
        },
        "2008-08": {
            "month": "2008-08",
            "price": "53.95",
            "revenue": 521479
        },
        "2008-09": {
            "month": "2008-09",
            "price": "42.03",
            "revenue": 525674
        },
        "2008-10": {
            "month": "2008-10",
            "price": "36.75",
            "revenue": 496962
        },
        "2008-11": {
            "month": "2008-11",
            "price": "27.86",
            "revenue": 375641
        },
        "2008-12": {
            "month": "2008-12",
            "price": "25.41",
            "revenue": 331092
        },
        "2009-01": {
            "month": "2009-01",
            "price": "27.55",
            "revenue": 313845
        },
        "2009-02": {
            "month": "2009-02",
            "price": "33.29",
            "revenue": 299715
        },
        "2009-03": {
            "month": "2009-03",
            "price": "41.56",
            "revenue": 388749
        },
        "2009-04": {
            "month": "2009-04",
            "price": "46.30",
            "revenue": 449733
        },
        "2009-05": {
            "month": "2009-05",
            "price": "55.51",
            "revenue": 477895
        },
        "2009-06": {
            "month": "2009-06",
            "price": "52.06",
            "revenue": 542812
        },
        "2009-07": {
            "month": "2009-07",
            "price": "56.26",
            "revenue": 528922
        },
        "2009-08": {
            "month": "2009-08",
            "price": "53.77",
            "revenue": 531276
        },
        "2009-09": {
            "month": "2009-09",
            "price": "56.26",
            "revenue": 534314
        },
        "2009-10": {
            "month": "2009-10",
            "price": "56.88",
            "revenue": 495248
        },
        "2009-11": {
            "month": "2009-11",
            "price": "54.91",
            "revenue": 423713
        },
        "2009-12": {
            "month": "2009-12",
            "price": "61.83",
            "revenue": 426487
        },
        "2010-01": {
            "month": "2010-01",
            "price": "65.22",
            "revenue": 488981
        },
        "2010-02": {
            "month": "2010-02",
            "price": "57.31",
            "revenue": 516154
        },
        "2010-03": {
            "month": "2010-03",
            "price": "58.93",
            "revenue": 560721
        },
        "2010-04": {
            "month": "2010-04",
            "price": "58.37",
            "revenue": 544725
        },
        "2010-05": {
            "month": "2010-05",
            "price": "51.82",
            "revenue": 539469
        },
        "2010-06": {
            "month": "2010-06",
            "price": "51.88",
            "revenue": 607193
        },
        "2010-07": {
            "month": "2010-07",
            "price": "53.25",
            "revenue": 585222
        },
        "2010-08": {
            "month": "2010-08",
            "price": "55.09",
            "revenue": 569621
        },
        "2010-09": {
            "month": "2010-09",
            "price": "59.44",
            "revenue": 572350
        },
        "2010-10": {
            "month": "2010-10",
            "price": "59.21",
            "revenue": 558861
        },
        "2010-11": {
            "month": "2010-11",
            "price": "56.13",
            "revenue": 561597
        },
        "2010-12": {
            "month": "2010-12",
            "price": "58.92",
            "revenue": 501814
        },
        "2011-01": {
            "month": "2011-01",
            "price": "60.90",
            "revenue": 465305
        },
        "2011-02": {
            "month": "2011-02",
            "price": "55.76",
            "revenue": 368604
        },
        "2011-03": {
            "month": "2011-03",
            "price": "45.66",
            "revenue": 512422
        },
        "2011-04": {
            "month": "2011-04",
            "price": "43.62",
            "revenue": 474075
        },
        "2011-05": {
            "month": "2011-05",
            "price": "42.79",
            "revenue": 495262
        },
        "2011-06": {
            "month": "2011-06",
            "price": "43.61",
            "revenue": 529765
        },
        "2011-07": {
            "month": "2011-07",
            "price": "39.35",
            "revenue": 480776
        },
        "2011-08": {
            "month": "2011-08",
            "price": "28.84",
            "revenue": 501759
        },
        "2011-09": {
            "month": "2011-09",
            "price": "28.85",
            "revenue": 485609
        },
        "2011-10": {
            "month": "2011-10",
            "price": "30.48",
            "revenue": 429516
        },
        "2011-11": {
            "month": "2011-11",
            "price": "25.34",
            "revenue": 419328
        },
        "2011-12": {
            "month": "2011-12",
            "price": "25.79",
            "revenue": 501320
        },
        "2012-01": {
            "month": "2012-01",
            "price": "34.81",
            "revenue": 584888
        },
        "2012-02": {
            "month": "2012-02",
            "price": "46.66",
            "revenue": 620609
        },
        "2012-03": {
            "month": "2012-03",
            "price": "46.75",
            "revenue": 626249
        },
        "2012-04": {
            "month": "2012-04",
            "price": "44.45",
            "revenue": 638940
        },
        "2012-05": {
            "month": "2012-05",
            "price": "38.97",
            "revenue": 672254
        },
        "2012-06": {
            "month": "2012-06",
            "price": "38.33",
            "revenue": 666889
        },
        "2012-07": {
            "month": "2012-07",
            "price": "39.56",
            "revenue": 693844
        },
        "2012-08": {
            "month": "2012-08",
            "price": "41.56",
            "revenue": 867710
        },
        "2012-09": {
            "month": "2012-09",
            "price": "46.03",
            "revenue": 838571
        },
        "2012-10": {
            "month": "2012-10",
            "price": "40.56",
            "revenue": 779497
        },
        "2012-11": {
            "month": "2012-11",
            "price": "36.18",
            "revenue": 770561
        },
        "2012-12": {
            "month": "2012-12",
            "price": "38.23",
            "revenue": 551235
        },
        "2013-01": {
            "month": "2013-01",
            "price": "36.71",
            "revenue": 632781
        },
        "2013-02": {
            "month": "2013-02",
            "price": "35.24",
            "revenue": 587889
        },
        "2013-03": {
            "month": "2013-03",
            "price": "34.45",
            "revenue": 607278
        },
        "2013-04": {
            "month": "2013-04",
            "price": "33.01",
            "revenue": 605101
        },
        "2013-05": {
            "month": "2013-05",
            "price": "33.29",
            "revenue": 600221
        },
        "2013-06": {
            "month": "2013-06",
            "price": "31.72",
            "revenue": 566986
        },
        "2013-07": {
            "month": "2013-07",
            "price": "32.89",
            "revenue": 591491
        },
        "2013-08": {
            "month": "2013-08",
            "price": "33.59",
            "revenue": 600371
        },
        "2013-09": {
            "month": "2013-09",
            "price": "34.10",
            "revenue": 565002
        },
        "2013-10": {
            "month": "2013-10",
            "price": "32.22",
            "revenue": 530776
        },
        "2013-11": {
            "month": "2013-11",
            "price": "33.90",
            "revenue": 548193
        },
        "2013-12": {
            "month": "2013-12",
            "price": "39.04",
            "revenue": 512151
        },
        "2014-01": {
            "month": "2014-01",
            "price": "40.22",
            "revenue": 457267
        },
        "2014-02": {
            "month": "2014-02",
            "price": "41.14",
            "revenue": 483317
        },
        "2014-03": {
            "month": "2014-03",
            "price": "44.70",
            "revenue": 500349
        },
        "2014-04": {
            "month": "2014-04",
            "price": "43.91",
            "revenue": 491685
        },
        "2014-05": {
            "month": "2014-05",
            "price": "39.99",
            "revenue": 501823
        },
        "2014-06": {
            "month": "2014-06",
            "price": "41.16",
            "revenue": 472502
        },
        "2014-07": {
            "month": "2014-07",
            "price": "40.52",
            "revenue": 418262
        },
        "2014-08": {
            "month": "2014-08",
            "price": "35.90",
            "revenue": 450378
        },
        "2014-09": {
            "month": "2014-09",
            "price": "35.15",
            "revenue": 504553
        },
        "2014-10": {
            "month": "2014-10",
            "price": "31.98",
            "revenue": 491190
        },
        "2014-11": {
            "month": "2014-11",
            "price": "31.21",
            "revenue": 470445
        },
        "2014-12": {
            "month": "2014-12",
            "price": "34.72",
            "revenue": 502082
        },
        "2015-01": {
            "month": "2015-01",
            "price": "38.42",
            "revenue": 560126
        },
        "2015-02": {
            "month": "2015-02",
            "price": "40.09",
            "revenue": 513927
        },
        "2015-03": {
            "month": "2015-03",
            "price": "43.83",
            "revenue": 542425
        },
        "2015-04": {
            "month": "2015-04",
            "price": "43.22",
            "revenue": 571126
        },
        "2015-05": {
            "month": "2015-05",
            "price": "40.33",
            "revenue": 580299
        },
        "2015-06": {
            "month": "2015-06",
            "price": "39.25",
            "revenue": 600221
        },
        "2015-07": {
            "month": "2015-07",
            "price": "34.49",
            "revenue": 545544
        },
        "2015-08": {
            "month": "2015-08",
            "price": "28.44",
            "revenue": 505745
        },
        "2015-09": {
            "month": "2015-09",
            "price": "30.77",
            "revenue": 534896
        },
        "2015-10": {
            "month": "2015-10",
            "price": "50.09",
            "revenue": 516815
        },
        "2015-11": {
            "month": "2015-11",
            "price": "47.83",
            "revenue": 527283
        },
        "2015-12": {
            "month": "2015-12",
            "price": "47.18",
            "revenue": 580707
        },
        "2016-01": {
            "month": "2016-01",
            "price": "41.85",
            "revenue": 510844
        },
        "2016-02": {
            "month": "2016-02",
            "price": "47.33",
            "revenue": 437828
        },
        "2016-03": {
            "month": "2016-03",
            "price": "45.54",
            "revenue": 596467
        },
        "2016-04": {
            "month": "2016-04",
            "price": "44.33",
            "revenue": 543889
        },
        "2016-05": {
            "month": "2016-05",
            "price": "34.72",
            "revenue": 560772
        },
        "2016-06": {
            "month": "2016-06",
            "price": "33.65",
            "revenue": 709973
        },
        "2016-07": {
            "month": "2016-07",
            "price": "36.18",
            "revenue": 510278
        },
        "2016-08": {
            "month": "2016-08",
            "price": "33.13",
            "revenue": 560259
        },
        "2016-09": {
            "month": "2016-09",
            "price": "32.21",
            "revenue": 468865
        },
        "2016-10": {
            "month": "2016-10",
            "price": "31.61",
            "revenue": 437956
        },
        "2016-11": {
            "month": "2016-11",
            "price": "28.41",
            "revenue": 490576
        },
        "2016-12": {
            "month": "2016-12",
            "price": "29.43",
            "revenue": 596320
        },
        "2017-01": {
            "month": "2017-01",
            "price": "31.59",
            "revenue": 394051
        },
        "2017-02": {
            "month": "2017-02",
            "price": "33.89",
            "revenue": 405534
        },
        "2017-03": {
            "month": "2017-03",
            "price": "37.04",
            "revenue": 632567
        },
        "2017-04": {
            "month": "2017-04",
            "price": "37.22",
            "revenue": 570109
        },
        "2017-05": {
            "month": "2017-05",
            "price": "36.23",
            "revenue": 461439
        },
        "2017-06": {
            "month": "2017-06",
            "price": "38.51",
            "revenue": 479489
        },
        "2017-07": {
            "month": "2017-07",
            "price": "38.94",
            "revenue": 431470
        },
        "2017-08": {
            "month": "2017-08",
            "price": "44.44",
            "revenue": 411269
        },
        "2017-09": {
            "month": "2017-09",
            "price": "43.92",
            "revenue": 425997
        },
        "2017-10": {
            "month": "2017-10",
            "price": "44.39",
            "revenue": 409456
        },
        "2017-11": {
            "month": "2017-11",
            "price": "53.53",
            "revenue": 400380
        },
        "2017-12": {
            "month": "2017-12",
            "price": "60.73",
            "revenue": 320848
        },
        "2018-01": {
            "month": "2018-01",
            "price": "64.43",
            "revenue": 356820
        },
        "2018-02": {
            "month": "2018-02",
            "price": "70.70",
            "revenue": 323779
        },
        "2018-03": {
            "month": "2018-03",
            "price": "71.73",
            "revenue": 362341
        },
        "2018-04": {
            "month": "2018-04",
            "price": "66.23",
            "revenue": 320644
        },
        "2018-05": {
            "month": "2018-05",
            "price": "65.06",
            "revenue": 363453
        },
        "2018-06": {
            "month": "2018-06",
            "price": "62.22",
            "revenue": 419904
        },
        "2018-07": {
            "month": "2018-07",
            "price": "64.01",
            "revenue": 462832
        },
        "2018-08": {
            "month": "2018-08",
            "price": "62.14",
            "revenue": 468722
        },
        "2018-09": {
            "month": "2018-09",
            "price": "64.32",
            "revenue": 474467
        },
        "2018-10": {
            "month": "2018-10",
            "price": "40.75",
            "revenue": 472011
        },
        "2018-11": {
            "month": "2018-11",
            "price": "35.36",
            "revenue": 450708
        },
        "2018-12": {
            "month": "2018-12",
            "price": "40.68",
            "revenue": 428977
        },
        "2019-01": {
            "month": "2019-01",
            "price": "42.49",
            "revenue": 364946
        },
        "2019-02": {
            "month": "2019-02",
            "price": "45.93",
            "revenue": 329052
        },
        "2019-03": {
            "month": "2019-03",
            "price": "44.64",
            "revenue": 403381
        },
        "2019-04": {
            "month": "2019-04",
            "price": "47.71",
            "revenue": 354076
        },
        "2019-05": {
            "month": "2019-05",
            "price": "45.57",
            "revenue": 427232
        },
        "2019-06": {
            "month": "2019-06",
            "price": "46.92",
            "revenue": 433594
        },
        "2019-07": {
            "month": "2019-07",
            "price": "56.30",
            "revenue": 517663
        },
        "2019-08": {
            "month": "2019-08",
            "price": "55.80",
            "revenue": 528995
        },
        "2019-09": {
            "month": "2019-09",
            "price": "58.63",
            "revenue": 545142
        },
        "2019-10": {
            "month": "2019-10",
            "price": "57.56",
            "revenue": 431468
        },
        "2019-11": {
            "month": "2019-11",
            "price": "55.95",
            "revenue": 503276
        },
        "2019-12": {
            "month": "2019-12",
            "price": "55.35",
            "revenue": 467526
        },
        "2020-01": {
            "month": "2020-01",
            "price": "57.24",
            "revenue": 413589
        },
        "2020-02": {
            "month": "2020-02",
            "price": "47.62",
            "revenue": 407108
        },
        "2020-03": {
            "month": "2020-03",
            "price": "38.00",
            "revenue": 444727
        },
        "2020-04": {
            "month": "2020-04",
            "price": "41.42",
            "revenue": 366924
        },
        "2020-05": {
            "month": "2020-05",
            "price": "42.88",
            "revenue": 432250
        },
        "2020-06": {
            "month": "2020-06",
            "price": "43.70",
            "revenue": 507098
        },
        "2020-07": {
            "month": "2020-07",
            "price": "50.65",
            "revenue": 490642
        },
        "2020-08": {
            "month": "2020-08",
            "price": "45.82",
            "revenue": 501862
        },
        "2020-09": {
            "month": "2020-09",
            "price": "44.14",
            "revenue": 500989
        },
        "2020-10": {
            "month": "2020-10",
            "price": "43.37",
            "revenue": 475415
        },
        "2020-11": {
            "month": "2020-11",
            "price": "44.65",
            "revenue": 484245
        },
        "2020-12": {
            "month": "2020-12",
            "price": "50.76",
            "revenue": 473446
        },
        "2021-01": {
            "month": "2021-01",
            "price": "52.34",
            "revenue": 484123
        },
        "2021-02": {
            "month": "2021-02",
            "price": "53.67",
            "revenue": 473024
        },
        "2021-03": {
            "month": "2021-03",
            "price": "51.22",
            "revenue": 577828
        },
        "2021-04": {
            "month": "2021-04",
            "price": "59.43",
            "revenue": 558416
        },
        "2021-05": {
            "month": "2021-05",
            "price": "63.67",
            "revenue": 559624
        },
        "2021-06": {
            "month": "2021-06",
            "price": "73.99",
            "revenue": 569812
        },
        "2021-07": {
            "month": "2021-07",
            "price": "104.70",
            "revenue": 646536
        },
        "2021-08": {
            "month": "2021-08",
            "price": "98.19",
            "revenue": 731378
        },
        "2021-09": {
            "month": "2021-09",
            "price": "110.31",
            "revenue": 839908
        },
        "2021-10": {
            "month": "2021-10",
            "price": "144.90",
            "revenue": 825573
        },
        "2021-11": {
            "month": "2021-11",
            "price": "190.82",
            "revenue": 885197
        },
        "2021-12": {
            "month": "2021-12",
            "price": "211.55",
            "revenue": 933782
        },
        "2022-01": {
            "month": "2022-01",
            "price": "210.42",
            "revenue": 1051004
        },
        "2022-02": {
            "month": "2022-02",
            "price": "237.57",
            "revenue": 1050702
        },
        "2022-03": {
            "month": "2022-03",
            "price": "288.50",
            "revenue": 1105138
        },
        "2022-04": {
            "month": "2022-04",
            "price": "276.29",
            "revenue": 1121256
        },
        "2022-05": {
            "month": "2022-05",
            "price": "256.40",
            "revenue": 1126473
        },
        "2022-06": {
            "month": "2022-06",
            "price": "211.69",
            "revenue": 1117013
        },
        "2022-07": {
            "month": "2022-07",
            "price": "164.14",
            "revenue": 1090051
        },
        "2022-08": {
            "month": "2022-08",
            "price": "172.46",
            "revenue": 1086262
        },
        "2022-09": {
            "month": "2022-09",
            "price": "158.38",
            "revenue": 1067391
        },
        "2022-10": {
            "month": "2022-10",
            "price": "132.20",
            "revenue": 1100043
        },
        "2022-11": {
            "month": "2022-11",
            "price": "159.18",
            "revenue": 1063164
        },
        "2022-12": {
            "month": "2022-12",
            "price": "162.98",
            "revenue": 1086657
        },
        "2023-01": {
            "month": "2023-01",
            "price": "157.58",
            "revenue": 1074944
        },
        "2023-02": {
            "month": "2023-02",
            "price": "191.81",
            "revenue": 1077253
        },
        "2023-03": {
            "month": "2023-03",
            "price": "192.91",
            "revenue": 1110067
        },
        "2023-04": {
            "month": "2023-04",
            "price": "185.97",
            "revenue": 960015
        },
        "2023-05": {
            "month": "2023-05",
            "price": "168.55",
            "revenue": 971052
        },
        "2023-06": {
            "month": "2023-06",
            "price": "187.35",
            "revenue": 985938
        },
        "2023-07": {
            "month": "2023-07",
            "price": "301.40",
            "revenue": 987476
        },
        "2023-08": {
            "month": "2023-08",
            "price": "320.80",
            "revenue": 989938
        },
        "2023-09": {
            "month": "2023-09",
            "price": "332.88",
            "revenue": 985066
        },
        "2023-10": {
            "month": "2023-10",
            "price": "328.55",
            "revenue": 926905
        },
        "2023-11": {
            "month": "2023-11",
            "price": "337.66",
            "revenue": 932859
        }
    }
}
