{
    "summary": {
        "stock_name": "文曄",
        "stock_id": "3036",
        "category": "電子通路",
        "main_business": "電子零組件、成品之加工、製造、研究開發、買賣及進出口業務。<br>電話器材及其零組件之製造、代理國內外廠商有關之報價投標業務。<br>資訊軟體服務、零售與批發業、倉儲業、電信器材批發業。",
        "website_url": "http://www.wtmec.com",
        "ceo": "鄭文宗",
        "pe_ratio": 52,
        "report_year_from": 2001,
        "report_year_to": 2023,
        "age": 23,
        "eps_negative_percentage": 0,
        "eps_growth_avg": {
            "last_all": 9.69,
            "last_2y": 8.09,
            "last_4y": 5.88,
            "last_8y": 3.88,
            "last_12y": 3.54,
            "last_16y": 11.19,
            "last_20y": 10.53,
            "at_2006_last_3y": 7.73,
            "at_2007_last_3y": 19.08,
            "at_2008_last_3y": -0.34,
            "at_2009_last_3y": 36.04,
            "at_2010_last_3y": 36.04,
            "at_2011_last_3y": 25.72,
            "at_2012_last_3y": 33.82,
            "at_2013_last_3y": 19.06,
            "at_2014_last_3y": 2.78,
            "at_2015_last_3y": 0.48,
            "at_2016_last_3y": 5.36,
            "at_2017_last_3y": 10.45,
            "at_2018_last_3y": 1.39,
            "at_2019_last_3y": 0.82,
            "at_2020_last_3y": 10.8,
            "at_2021_last_3y": 24.28,
            "at_2022_last_3y": 21.41,
            "at_2023_last_3y": 10.88,
            "at_2024_last_3y": 10.88,
            "at_2006_last_all": 4.58,
            "at_2007_last_all": 10.25,
            "at_2008_last_all": -1.58,
            "at_2009_last_all": 8.38,
            "at_2010_last_all": 18.56,
            "at_2011_last_all": 16.44,
            "at_2012_last_all": 11.29,
            "at_2013_last_all": 11.94,
            "at_2014_last_all": 13.71,
            "at_2015_last_all": 11.88,
            "at_2016_last_all": 9.71,
            "at_2017_last_all": 11.57,
            "at_2018_last_all": 10.81,
            "at_2019_last_all": 9.42,
            "at_2020_last_all": 9.94,
            "at_2021_last_all": 14.11,
            "at_2022_last_all": 12.83,
            "at_2023_last_all": 9.69,
            "at_2024_last_all": 9.69
        },
        "latest_eps": 2.81,
        "latest_price": 147.5,
        "latest_roe": 6.27,
        "latest_gross_margin": 2.63,
        "latest_equity": 71945652,
        "latest_revenue": 189696007,
        "latest_gross_profit": 4996210,
        "latest_net_income": 966647,
        "latest_debt_ratio": 72.87,
        "latest_current_ratio": 134.21,
        "latest_account_receivable_turnover_ratio": 1.78,
        "latest_inventory_turnover_ratio": 1.95,
        "latest_reinvestment_rate": 2.14,
        "latest_research_to_sale_ratio": 0.12
    },
    "eps_dividends": {
        "1999": {
            "cash": 0,
            "stock": 0.75,
            "eps": 0
        },
        "2000": {
            "cash": 0,
            "stock": 2,
            "eps": 0
        },
        "2001": {
            "cash": 0.4,
            "stock": 2.1,
            "eps": 3.85
        },
        "2002": {
            "cash": 1,
            "stock": 0.5,
            "eps": 3.54
        },
        "2003": {
            "cash": 1.84,
            "stock": 0.46,
            "eps": 3.3
        },
        "2004": {
            "cash": 1.47,
            "stock": 0.49,
            "eps": 3.47
        },
        "2005": {
            "cash": 0.75,
            "stock": 1.75,
            "eps": 1.13
        },
        "2006": {
            "cash": 1,
            "stock": 0.3,
            "eps": 3.6
        },
        "2007": {
            "cash": 2.19,
            "stock": 0.3,
            "eps": 4.99
        },
        "2008": {
            "cash": 1.99,
            "stock": 0.5,
            "eps": 1.37
        },
        "2009": {
            "cash": 1.1,
            "stock": 0.09,
            "eps": 2.44
        },
        "2010": {
            "cash": 1.96,
            "stock": 0,
            "eps": 5.58
        },
        "2011": {
            "cash": 6.49,
            "stock": 0.5,
            "eps": 5.43
        },
        "2012": {
            "cash": 0,
            "stock": 0,
            "eps": 3.25
        },
        "2013": {
            "cash": 2.1,
            "stock": 0,
            "eps": 3.87
        },
        "2014": {
            "cash": 2.5,
            "stock": 0.5,
            "eps": 5.22
        },
        "2015": {
            "cash": 3,
            "stock": 1,
            "eps": 4.6
        },
        "2016": {
            "cash": 2.9,
            "stock": 0.5,
            "eps": 3.65
        },
        "2017": {
            "cash": 2.4,
            "stock": 0,
            "eps": 5.09
        },
        "2018": {
            "cash": 2.5,
            "stock": 0,
            "eps": 5.02
        },
        "2019": {
            "cash": 2.36,
            "stock": 0,
            "eps": 4.31
        },
        "2020": {
            "cash": 2.78,
            "stock": 0,
            "eps": 5.14
        },
        "2021": {
            "cash": 3.2,
            "stock": 0,
            "eps": 9.94
        },
        "2022": {
            "cash": 5.5,
            "stock": 0,
            "eps": 8.66
        },
        "2023": {
            "cash": 4.3,
            "stock": 0,
            "eps": 3.79
        }
    },
    "dividends": {
        "1999-05-31": {
            "cash": 0,
            "stock": 0.75
        },
        "2000-04-06": {
            "cash": 0,
            "stock": 2
        },
        "2001-05-02": {
            "cash": 0.4,
            "stock": 2.1
        },
        "2002-06-17": {
            "cash": 1,
            "stock": 0.5
        },
        "2003-04-10": {
            "cash": 1.84,
            "stock": 0.46
        },
        "2004-03-31": {
            "cash": 1.47,
            "stock": 0.49
        },
        "2005-04-13": {
            "cash": 0.75,
            "stock": 1.75
        },
        "2006-05-02": {
            "cash": 1,
            "stock": 0.3
        },
        "2007-04-16": {
            "cash": 2.19,
            "stock": 0.3
        },
        "2008-05-02": {
            "cash": 1.99,
            "stock": 0.5
        },
        "2009-05-05": {
            "cash": 1.1,
            "stock": 0.09
        },
        "2010-04-26": {
            "cash": 1.96,
            "stock": 0
        },
        "2011-01-01": {
            "cash": 2.7,
            "stock": 0.3
        },
        "2011-05-02": {
            "cash": 3.79,
            "stock": 0.2
        },
        "2013-05-06": {
            "cash": 2.1,
            "stock": 0
        },
        "2014-09-10": {
            "cash": 2.5,
            "stock": 0.5
        },
        "2015-09-04": {
            "cash": 3,
            "stock": 1
        },
        "2016-09-05": {
            "cash": 2.9,
            "stock": 0.5
        },
        "2017-08-31": {
            "cash": 2.4,
            "stock": 0
        },
        "2018-08-31": {
            "cash": 2.5,
            "stock": 0
        },
        "2019-09-23": {
            "cash": 2.36,
            "stock": 0
        },
        "2020-09-16": {
            "cash": 2.78,
            "stock": 0
        },
        "2021-08-27": {
            "cash": 3.2,
            "stock": 0
        },
        "2022-07-13": {
            "cash": 5.5,
            "stock": 0
        },
        "2023-09-13": {
            "cash": 4.3,
            "stock": 0
        }
    },
    "prices": {
        "200101": "無",
        "200102": "無",
        "200103": "無",
        "200104": "無",
        "200105": "無",
        "200106": "無",
        "200107": "無",
        "200108": "無",
        "200109": "無",
        "200110": "無",
        "200111": "無",
        "200112": "無",
        "200201": "無",
        "200202": "無",
        "200203": "無",
        "200204": "無",
        "200205": "無",
        "200206": "無",
        "200207": "無",
        "200208": "40.86",
        "200209": "34.80",
        "200210": "32.79",
        "200211": "36.79",
        "200212": "33.59",
        "200301": "31.93",
        "200302": "30.45",
        "200303": "29.21",
        "200304": "30.64",
        "200305": "31.16",
        "200306": "36.67",
        "200307": "37.74",
        "200308": "35.92",
        "200309": "30.89",
        "200310": "30.62",
        "200311": "33.08",
        "200312": "32.07",
        "200401": "31.63",
        "200402": "33.58",
        "200403": "32.80",
        "200404": "35.10",
        "200405": "31.73",
        "200406": "29.11",
        "200407": "25.15",
        "200408": "22.40",
        "200409": "22.26",
        "200410": "21.11",
        "200411": "21.40",
        "200412": "21.33",
        "200501": "19.66",
        "200502": "21.63",
        "200503": "22.62",
        "200504": "21.56",
        "200505": "19.07",
        "200506": "20.49",
        "200507": "21.54",
        "200508": "18.84",
        "200509": "15.31",
        "200510": "15.17",
        "200511": "14.37",
        "200512": "15.40",
        "200601": "15.34",
        "200602": "14.99",
        "200603": "14.92",
        "200604": "18.48",
        "200605": "23.93",
        "200606": "20.12",
        "200607": "22.15",
        "200608": "22.96",
        "200609": "22.63",
        "200610": "23.30",
        "200611": "25.72",
        "200612": "29.87",
        "200701": "32.34",
        "200702": "32.36",
        "200703": "31.71",
        "200704": "33.17",
        "200705": "32.96",
        "200706": "35.08",
        "200707": "41.41",
        "200708": "41.64",
        "200709": "42.67",
        "200710": "41.49",
        "200711": "35.26",
        "200712": "32.12",
        "200801": "30.01",
        "200802": "30.33",
        "200803": "31.77",
        "200804": "34.40",
        "200805": "35.65",
        "200806": "31.39",
        "200807": "27.45",
        "200808": "25.31",
        "200809": "19.57",
        "200810": "17.19",
        "200811": "13.17",
        "200812": "12.68",
        "200901": "12.91",
        "200902": "12.90",
        "200903": "14.95",
        "200904": "17.41",
        "200905": "18.47",
        "200906": "17.82",
        "200907": "19.93",
        "200908": "22.54",
        "200909": "23.17",
        "200910": "23.61",
        "200911": "23.13",
        "200912": "25.67",
        "201001": "25.82",
        "201002": "24.23",
        "201003": "28.36",
        "201004": "34.46",
        "201005": "35.21",
        "201006": "34.63",
        "201007": "37.50",
        "201008": "37.96",
        "201009": "41.29",
        "201010": "45.13",
        "201011": "46.04",
        "201012": "47.50",
        "201101": "45.84",
        "201102": "45.79",
        "201103": "44.55",
        "201104": "46.45",
        "201105": "52.14",
        "201106": "55.07",
        "201107": "53.83",
        "201108": "49.22",
        "201109": "42.55",
        "201110": "38.88",
        "201111": "38.94",
        "201112": "38.05",
        "201201": "40.12",
        "201202": "43.73",
        "201203": "45.11",
        "201204": "41.91",
        "201205": "38.66",
        "201206": "38.88",
        "201207": "39.31",
        "201208": "35.58",
        "201209": "35.90",
        "201210": "36.11",
        "201211": "34.66",
        "201212": "35.32",
        "201301": "36.41",
        "201302": "36.22",
        "201303": "34.88",
        "201304": "34.94",
        "201305": "35.22",
        "201306": "34.76",
        "201307": "33.90",
        "201308": "33.26",
        "201309": "33.97",
        "201310": "34.73",
        "201311": "34.74",
        "201312": "35.08",
        "201401": "36.34",
        "201402": "38.40",
        "201403": "38.75",
        "201404": "40.78",
        "201405": "42.82",
        "201406": "44.54",
        "201407": "44.59",
        "201408": "44.49",
        "201409": "48.11",
        "201410": "46.68",
        "201411": "46.93",
        "201412": "46.12",
        "201501": "46.76",
        "201502": "47.68",
        "201503": "48.46",
        "201504": "47.53",
        "201505": "47.33",
        "201506": "46.20",
        "201507": "44.95",
        "201508": "34.42",
        "201509": "33.75",
        "201510": "35.60",
        "201511": "35.46",
        "201512": "35.21",
        "201601": "34.05",
        "201602": "37.48",
        "201603": "38.72",
        "201604": "38.82",
        "201605": "39.61",
        "201606": "40.37",
        "201607": "43.15",
        "201608": "42.60",
        "201609": "43.28",
        "201610": "43.56",
        "201611": "44.11",
        "201612": "42.95",
        "201701": "43.12",
        "201702": "45.28",
        "201703": "45.43",
        "201704": "43.66",
        "201705": "44.64",
        "201706": "45.26",
        "201707": "44.88",
        "201708": "47.84",
        "201709": "48.48",
        "201710": "48.39",
        "201711": "47.28",
        "201712": "45.38",
        "201801": "46.32",
        "201802": "46.37",
        "201803": "46.48",
        "201804": "45.95",
        "201805": "45.46",
        "201806": "45.29",
        "201807": "44.26",
        "201808": "44.04",
        "201809": "43.02",
        "201810": "40.62",
        "201811": "39.95",
        "201812": "39.47",
        "201901": "39.71",
        "201902": "40.73",
        "201903": "40.16",
        "201904": "40.90",
        "201905": "38.99",
        "201906": "39.18",
        "201907": "40.50",
        "201908": "39.97",
        "201909": "39.11",
        "201910": "35.68",
        "201911": "39.49",
        "201912": "41.47",
        "202001": "41.58",
        "202002": "38.12",
        "202003": "35.82",
        "202004": "36.82",
        "202005": "38.66",
        "202006": "39.07",
        "202007": "41.43",
        "202008": "41.40",
        "202009": "37.71",
        "202010": "37.30",
        "202011": "38.74",
        "202012": "40.51",
        "202101": "41.40",
        "202102": "42.97",
        "202103": "45.86",
        "202104": "49.19",
        "202105": "51.94",
        "202106": "54.40",
        "202107": "60.34",
        "202108": "60.76",
        "202109": "61.94",
        "202110": "60.72",
        "202111": "64.51",
        "202112": "65.94",
        "202201": "82.91",
        "202202": "88.33",
        "202203": "83.57",
        "202204": "75.53",
        "202205": "71.17",
        "202206": "74.58",
        "202207": "64.63",
        "202208": "65.73",
        "202209": "61.08",
        "202210": "61.50",
        "202211": "59.86",
        "202212": "62.52",
        "202301": "62.66",
        "202302": "66.25",
        "202303": "66.24",
        "202304": "67.11",
        "202305": "65.96",
        "202306": "67.44",
        "202307": "68.83",
        "202308": "69.55",
        "202309": "85.37",
        "202310": "115.02",
        "202311": "124.25",
        "202312": "115.57",
        "202401": "136.05",
        "202402": "169.73",
        "202403": "158.71",
        "202404": "無"
    },
    "quarters": {
        "20011": {
            "year_quarter": 20011,
            "year": 2001,
            "quarter": 1,
            "eps": 0.9,
            "eps_growth_year": -35.25,
            "eps_4q": 3.75,
            "eps_4q_growth_year": -3.8,
            "roe": 4.12,
            "roe_4q": 4.12,
            "gross_profit": 87147,
            "gross_margin": 5.97,
            "gross_margin_4q_avg": 5.97,
            "net_income": 54182,
            "net_income_4q": null,
            "revenue": 1459256,
            "revenue_4q": null,
            "common_shares": 600000,
            "book_valuer_per_share": 22.38,
            "book_valuer_per_share_4q_avg": 22.38,
            "equity": 1343091,
            "current_ratio": 149.75,
            "debt_ratio": 58.85,
            "inventory_turnover_ratio": 0.87,
            "account_receivable_turnover_ratio": null,
            "reinvestment_rate": null,
            "research_to_sale_ratio": null,
            "price_fair": 0,
            "eps_avg_yearly": 0,
            "eps_latest_yearly": 0,
            "eps_growth_yearly": 0
        },
        "20012": {
            "year_quarter": 20012,
            "year": 2001,
            "quarter": 2,
            "eps": 0.98,
            "eps_growth_year": -1.01,
            "eps_4q": 3.43,
            "eps_4q_growth_year": -9.4,
            "roe": 4.69,
            "roe_4q": 8.81,
            "gross_profit": 114897,
            "gross_margin": 6.57,
            "gross_margin_4q_avg": 6.27,
            "net_income": 72468,
            "net_income_4q": null,
            "revenue": 1748007,
            "revenue_4q": null,
            "common_shares": 736000,
            "book_valuer_per_share": 23.74,
            "book_valuer_per_share_4q_avg": 23.06,
            "equity": 1747622,
            "current_ratio": 164.46,
            "debt_ratio": 56.27,
            "inventory_turnover_ratio": 1.1,
            "account_receivable_turnover_ratio": null,
            "reinvestment_rate": null,
            "research_to_sale_ratio": null,
            "price_fair": 0,
            "eps_avg_yearly": 0,
            "eps_latest_yearly": 0,
            "eps_growth_yearly": 0
        },
        "20013": {
            "year_quarter": 20013,
            "year": 2001,
            "quarter": 3,
            "eps": 0.77,
            "eps_growth_year": -55.75,
            "eps_4q": 2.94,
            "eps_4q_growth_year": -33.94,
            "roe": 3.24,
            "roe_4q": 12.05,
            "gross_profit": 115264,
            "gross_margin": 5.9,
            "gross_margin_4q_avg": 6.15,
            "net_income": 59332,
            "net_income_4q": null,
            "revenue": 1954306,
            "revenue_4q": null,
            "common_shares": 836000,
            "book_valuer_per_share": 22.95,
            "book_valuer_per_share_4q_avg": 23.02,
            "equity": 1918884,
            "current_ratio": 173.53,
            "debt_ratio": 49.62,
            "inventory_turnover_ratio": 1.28,
            "account_receivable_turnover_ratio": null,
            "reinvestment_rate": null,
            "research_to_sale_ratio": null,
            "price_fair": 0,
            "eps_avg_yearly": 0,
            "eps_latest_yearly": 0,
            "eps_growth_yearly": 0
        },
        "20014": {
            "year_quarter": 20014,
            "year": 2001,
            "quarter": 4,
            "eps": 1.2,
            "eps_growth_year": 55.84,
            "eps_4q": 3.57,
            "eps_4q_growth_year": -15.15,
            "roe": 4.78,
            "roe_4q": 16.830000000000002,
            "gross_profit": 108156,
            "gross_margin": 5.33,
            "gross_margin_4q_avg": 5.94,
            "net_income": 94067,
            "net_income_4q": null,
            "revenue": 2029531,
            "revenue_4q": null,
            "common_shares": 836000,
            "book_valuer_per_share": 24.16,
            "book_valuer_per_share_4q_avg": 23.31,
            "equity": 2019522,
            "current_ratio": 209.39,
            "debt_ratio": 50.71,
            "inventory_turnover_ratio": 1.39,
            "account_receivable_turnover_ratio": null,
            "reinvestment_rate": null,
            "research_to_sale_ratio": null,
            "price_fair": 0,
            "eps_avg_yearly": 0,
            "eps_latest_yearly": 0,
            "eps_growth_yearly": 0
        },
        "20021": {
            "year_quarter": 20021,
            "year": 2002,
            "quarter": 1,
            "eps": 0.59,
            "eps_growth_year": -34.44,
            "eps_4q": 3.29,
            "eps_4q_growth_year": -12.3,
            "roe": 2.35,
            "roe_4q": 15.060000000000002,
            "gross_profit": 151622,
            "gross_margin": 7.7,
            "gross_margin_4q_avg": 6.38,
            "net_income": 49385,
            "net_income_4q": null,
            "revenue": 1969618,
            "revenue_4q": null,
            "common_shares": 836000,
            "book_valuer_per_share": 26.22,
            "book_valuer_per_share_4q_avg": 24.27,
            "equity": 2192009,
            "current_ratio": 204.46,
            "debt_ratio": 45.87,
            "inventory_turnover_ratio": 1.35,
            "account_receivable_turnover_ratio": null,
            "reinvestment_rate": null,
            "research_to_sale_ratio": null,
            "price_fair": 7.08,
            "eps_avg_yearly": 2.36,
            "eps_latest_yearly": 2.36,
            "eps_growth_yearly": -203.33
        },
        "20022": {
            "year_quarter": 20022,
            "year": 2002,
            "quarter": 2,
            "eps": 0.74,
            "eps_growth_year": -24.49,
            "eps_4q": 2.95,
            "eps_4q_growth_year": -14.06,
            "roe": 3.13,
            "roe_4q": 13.500000000000002,
            "gross_profit": 158532,
            "gross_margin": 8.38,
            "gross_margin_4q_avg": 6.83,
            "net_income": 67896,
            "net_income_4q": null,
            "revenue": 1891204,
            "revenue_4q": null,
            "common_shares": 880741,
            "book_valuer_per_share": 24.37,
            "book_valuer_per_share_4q_avg": 24.43,
            "equity": 2146050,
            "current_ratio": 226.76,
            "debt_ratio": 57.64,
            "inventory_turnover_ratio": 1.19,
            "account_receivable_turnover_ratio": null,
            "reinvestment_rate": null,
            "research_to_sale_ratio": null,
            "price_fair": 7.98,
            "eps_avg_yearly": 2.66,
            "eps_latest_yearly": 2.96,
            "eps_growth_yearly": -50.82
        },
        "20023": {
            "year_quarter": 20023,
            "year": 2002,
            "quarter": 3,
            "eps": 1.43,
            "eps_growth_year": 85.71,
            "eps_4q": 3.7,
            "eps_4q_growth_year": 25.92,
            "roe": 5.77,
            "roe_4q": 16.029999999999998,
            "gross_profit": 161847,
            "gross_margin": 7.13,
            "gross_margin_4q_avg": 7.14,
            "net_income": 133056,
            "net_income_4q": null,
            "revenue": 2269164,
            "revenue_4q": null,
            "common_shares": 998013,
            "book_valuer_per_share": 24.75,
            "book_valuer_per_share_4q_avg": 24.88,
            "equity": 2469640,
            "current_ratio": 227.01,
            "debt_ratio": 52.75,
            "inventory_turnover_ratio": 1.26,
            "account_receivable_turnover_ratio": null,
            "reinvestment_rate": null,
            "research_to_sale_ratio": null,
            "price_fair": 128.8,
            "eps_avg_yearly": 3.68,
            "eps_latest_yearly": 5.72,
            "eps_growth_yearly": 90.44
        },
        "20024": {
            "year_quarter": 20024,
            "year": 2002,
            "quarter": 4,
            "eps": 0.78,
            "eps_growth_year": -35,
            "eps_4q": 3.41,
            "eps_4q_growth_year": -4.64,
            "roe": 2.97,
            "roe_4q": 14.22,
            "gross_profit": 159330,
            "gross_margin": 6.9,
            "gross_margin_4q_avg": 7.53,
            "net_income": 74340,
            "net_income_4q": null,
            "revenue": 2308421,
            "revenue_4q": null,
            "common_shares": 1002243,
            "book_valuer_per_share": 25.33,
            "book_valuer_per_share_4q_avg": 25.17,
            "equity": 2539071,
            "current_ratio": 222.16,
            "debt_ratio": 56.16,
            "inventory_turnover_ratio": 1.17,
            "account_receivable_turnover_ratio": null,
            "reinvestment_rate": 23.51,
            "research_to_sale_ratio": null,
            "price_fair": 114.62,
            "eps_avg_yearly": 3.54,
            "eps_latest_yearly": 3.12,
            "eps_growth_yearly": 22.38
        },
        "20031": {
            "year_quarter": 20031,
            "year": 2003,
            "quarter": 1,
            "eps": 0.75,
            "eps_growth_year": 27.12,
            "eps_4q": 3.48,
            "eps_4q_growth_year": 5.75,
            "roe": 2.92,
            "roe_4q": 14.79,
            "gross_profit": 190903,
            "gross_margin": 8.43,
            "gross_margin_4q_avg": 7.71,
            "net_income": 75702,
            "net_income_4q": null,
            "revenue": 2263946,
            "revenue_4q": null,
            "common_shares": 1012515,
            "book_valuer_per_share": 26.07,
            "book_valuer_per_share_4q_avg": 25.13,
            "equity": 2639529,
            "current_ratio": 215.43,
            "debt_ratio": 53.21,
            "inventory_turnover_ratio": 1.11,
            "account_receivable_turnover_ratio": null,
            "reinvestment_rate": 20.1,
            "research_to_sale_ratio": null,
            "price_fair": 85.2,
            "eps_avg_yearly": 3.43,
            "eps_latest_yearly": 3,
            "eps_growth_yearly": 14.83
        },
        "20032": {
            "year_quarter": 20032,
            "year": 2003,
            "quarter": 2,
            "eps": 0.7,
            "eps_growth_year": -5.41,
            "eps_4q": 3.32,
            "eps_4q_growth_year": 12.45,
            "roe": 2.92,
            "roe_4q": 14.58,
            "gross_profit": 143457,
            "gross_margin": 6.01,
            "gross_margin_4q_avg": 7.12,
            "net_income": 75707,
            "net_income_4q": null,
            "revenue": 2387411,
            "revenue_4q": null,
            "common_shares": 1027909,
            "book_valuer_per_share": 24.77,
            "book_valuer_per_share_4q_avg": 25.23,
            "equity": 2545878,
            "current_ratio": 174.18,
            "debt_ratio": 60.52,
            "inventory_turnover_ratio": 1.14,
            "account_receivable_turnover_ratio": null,
            "reinvestment_rate": 18.54,
            "research_to_sale_ratio": null,
            "price_fair": 59.58,
            "eps_avg_yearly": 3.33,
            "eps_latest_yearly": 2.8,
            "eps_growth_yearly": 7.91
        },
        "20033": {
            "year_quarter": 20033,
            "year": 2003,
            "quarter": 3,
            "eps": 0.81,
            "eps_growth_year": -43.36,
            "eps_4q": 2.85,
            "eps_4q_growth_year": -22.95,
            "roe": 3.25,
            "roe_4q": 12.06,
            "gross_profit": 151255,
            "gross_margin": 4.92,
            "gross_margin_4q_avg": 6.57,
            "net_income": 89555,
            "net_income_4q": null,
            "revenue": 3075829,
            "revenue_4q": null,
            "common_shares": 1205488,
            "book_valuer_per_share": 24.6,
            "book_valuer_per_share_4q_avg": 25.19,
            "equity": 2965225,
            "current_ratio": 176.71,
            "debt_ratio": 54.64,
            "inventory_turnover_ratio": 1.39,
            "account_receivable_turnover_ratio": null,
            "reinvestment_rate": 13.71,
            "research_to_sale_ratio": null,
            "price_fair": 85.38,
            "eps_avg_yearly": 3.31,
            "eps_latest_yearly": 3.24,
            "eps_growth_yearly": 15.76
        },
        "20034": {
            "year_quarter": 20034,
            "year": 2003,
            "quarter": 4,
            "eps": 1.04,
            "eps_growth_year": 33.33,
            "eps_4q": 3.17,
            "eps_4q_growth_year": -6.97,
            "roe": 3.87,
            "roe_4q": 12.959999999999999,
            "gross_profit": 213973,
            "gross_margin": 6.95,
            "gross_margin_4q_avg": 6.58,
            "net_income": 117707,
            "net_income_4q": null,
            "revenue": 3078440,
            "revenue_4q": null,
            "common_shares": 1214836,
            "book_valuer_per_share": 25.66,
            "book_valuer_per_share_4q_avg": 25.28,
            "equity": 3117088,
            "current_ratio": 187.2,
            "debt_ratio": 64.06,
            "inventory_turnover_ratio": 1.05,
            "account_receivable_turnover_ratio": null,
            "reinvestment_rate": 3.47,
            "research_to_sale_ratio": null,
            "price_fair": 119.7,
            "eps_avg_yearly": 3.42,
            "eps_latest_yearly": 4.16,
            "eps_growth_yearly": 27.99
        },
        "20041": {
            "year_quarter": 20041,
            "year": 2004,
            "quarter": 1,
            "eps": 1.2,
            "eps_growth_year": 60,
            "eps_4q": 3.55,
            "eps_4q_growth_year": 2.07,
            "roe": 4.57,
            "roe_4q": 14.610000000000001,
            "gross_profit": 211463,
            "gross_margin": 5.01,
            "gross_margin_4q_avg": 5.72,
            "net_income": 144524,
            "net_income_4q": null,
            "revenue": 4220501,
            "revenue_4q": null,
            "common_shares": 1236071,
            "book_valuer_per_share": 25.91,
            "book_valuer_per_share_4q_avg": 25.24,
            "equity": 3202118,
            "current_ratio": 158.42,
            "debt_ratio": 67.15,
            "inventory_turnover_ratio": 1.08,
            "account_receivable_turnover_ratio": null,
            "reinvestment_rate": 2.07,
            "research_to_sale_ratio": null,
            "price_fair": 125.07,
            "eps_avg_yearly": 3.57,
            "eps_latest_yearly": 4.8,
            "eps_growth_yearly": 31.72
        },
        "20042": {
            "year_quarter": 20042,
            "year": 2004,
            "quarter": 2,
            "eps": 0.5,
            "eps_growth_year": -28.57,
            "eps_4q": 3.24,
            "eps_4q_growth_year": -2.48,
            "roe": 2.04,
            "roe_4q": 13.73,
            "gross_profit": 188998,
            "gross_margin": 4.37,
            "gross_margin_4q_avg": 5.31,
            "net_income": 64308,
            "net_income_4q": null,
            "revenue": 4328418,
            "revenue_4q": null,
            "common_shares": 1237271,
            "book_valuer_per_share": 25.02,
            "book_valuer_per_share_4q_avg": 25.3,
            "equity": 3096230,
            "current_ratio": 195.68,
            "debt_ratio": 70.01,
            "inventory_turnover_ratio": 0.93,
            "account_receivable_turnover_ratio": null,
            "reinvestment_rate": 1.99,
            "research_to_sale_ratio": null,
            "price_fair": 51.96,
            "eps_avg_yearly": 3.42,
            "eps_latest_yearly": 2,
            "eps_growth_yearly": 5.21
        },
        "20043": {
            "year_quarter": 20043,
            "year": 2004,
            "quarter": 3,
            "eps": 1.33,
            "eps_growth_year": 64.2,
            "eps_4q": 3.86,
            "eps_4q_growth_year": 35.3,
            "roe": 5.39,
            "roe_4q": 15.870000000000001,
            "gross_profit": 206478,
            "gross_margin": 4.59,
            "gross_margin_4q_avg": 5.23,
            "net_income": 171749,
            "net_income_4q": null,
            "revenue": 4500805,
            "revenue_4q": null,
            "common_shares": 1328133,
            "book_valuer_per_share": 24.63,
            "book_valuer_per_share_4q_avg": 25.31,
            "equity": 3271285,
            "current_ratio": 206.96,
            "debt_ratio": 67.61,
            "inventory_turnover_ratio": 0.95,
            "account_receivable_turnover_ratio": null,
            "reinvestment_rate": 1.79,
            "research_to_sale_ratio": null,
            "price_fair": 125.62,
            "eps_avg_yearly": 3.59,
            "eps_latest_yearly": 5.32,
            "eps_growth_yearly": 65.1
        },
        "20044": {
            "year_quarter": 20044,
            "year": 2004,
            "quarter": 4,
            "eps": 0.44,
            "eps_growth_year": -57.69,
            "eps_4q": 3.41,
            "eps_4q_growth_year": 7.67,
            "roe": 1.66,
            "roe_4q": 13.66,
            "gross_profit": 194063,
            "gross_margin": 4.56,
            "gross_margin_4q_avg": 4.63,
            "net_income": 56343,
            "net_income_4q": null,
            "revenue": 4257924,
            "revenue_4q": null,
            "common_shares": 1328879,
            "book_valuer_per_share": 24.41,
            "book_valuer_per_share_4q_avg": 24.99,
            "equity": 3515605,
            "current_ratio": 177.31,
            "debt_ratio": 68.87,
            "inventory_turnover_ratio": 0.91,
            "account_receivable_turnover_ratio": null,
            "reinvestment_rate": 4.84,
            "research_to_sale_ratio": null,
            "price_fair": 120.28,
            "eps_avg_yearly": 3.44,
            "eps_latest_yearly": 1.76,
            "eps_growth_yearly": 37.37
        },
        "20051": {
            "year_quarter": 20051,
            "year": 2005,
            "quarter": 1,
            "eps": 0.36,
            "eps_growth_year": -70,
            "eps_4q": 2.57,
            "eps_4q_growth_year": -27.53,
            "roe": 1.4,
            "roe_4q": 10.489999999999998,
            "gross_profit": 221628,
            "gross_margin": 3.85,
            "gross_margin_4q_avg": 4.34,
            "net_income": 47579,
            "net_income_4q": null,
            "revenue": 5756569,
            "revenue_4q": null,
            "common_shares": 1328879,
            "book_valuer_per_share": 24.7,
            "book_valuer_per_share_4q_avg": 24.69,
            "equity": 3282785,
            "current_ratio": 179.87,
            "debt_ratio": 66.16,
            "inventory_turnover_ratio": 1.19,
            "account_receivable_turnover_ratio": null,
            "reinvestment_rate": -0.13,
            "research_to_sale_ratio": null,
            "price_fair": 114.91,
            "eps_avg_yearly": 3.28,
            "eps_latest_yearly": 1.44,
            "eps_growth_yearly": 28.9
        },
        "20052": {
            "year_quarter": 20052,
            "year": 2005,
            "quarter": 2,
            "eps": 0.25,
            "eps_growth_year": -50,
            "eps_4q": 2.01,
            "eps_4q_growth_year": -38.02,
            "roe": 1.21,
            "roe_4q": 9.66,
            "gross_profit": 201672,
            "gross_margin": 3.39,
            "gross_margin_4q_avg": 4.1,
            "net_income": 39269,
            "net_income_4q": null,
            "revenue": 5951342,
            "revenue_4q": null,
            "common_shares": 1330984,
            "book_valuer_per_share": 24.07,
            "book_valuer_per_share_4q_avg": 24.45,
            "equity": 3204216,
            "current_ratio": 184.52,
            "debt_ratio": 64.46,
            "inventory_turnover_ratio": 1.24,
            "account_receivable_turnover_ratio": null,
            "reinvestment_rate": -0.61,
            "research_to_sale_ratio": null,
            "price_fair": 87.69,
            "eps_avg_yearly": 3.12,
            "eps_latest_yearly": 1,
            "eps_growth_yearly": 18.11
        },
        "20053": {
            "year_quarter": 20053,
            "year": 2005,
            "quarter": 3,
            "eps": 0.43,
            "eps_growth_year": -67.67,
            "eps_4q": 1.35,
            "eps_4q_growth_year": -64.89,
            "roe": 2.03,
            "roe_4q": 6.3,
            "gross_profit": 336397,
            "gross_margin": 4.57,
            "gross_margin_4q_avg": 4.09,
            "net_income": 66589,
            "net_income_4q": null,
            "revenue": 7363813,
            "revenue_4q": null,
            "common_shares": 1598388,
            "book_valuer_per_share": 21.09,
            "book_valuer_per_share_4q_avg": 23.57,
            "equity": 3370741,
            "current_ratio": 184.83,
            "debt_ratio": 64.48,
            "inventory_turnover_ratio": 1.51,
            "account_receivable_turnover_ratio": null,
            "reinvestment_rate": -0.89,
            "research_to_sale_ratio": null,
            "price_fair": 105.93,
            "eps_avg_yearly": 3.03,
            "eps_latest_yearly": 1.72,
            "eps_growth_yearly": 36.1
        },
        "20054": {
            "year_quarter": 20054,
            "year": 2005,
            "quarter": 4,
            "eps": 0.09,
            "eps_growth_year": -79.55,
            "eps_4q": 1.05,
            "eps_4q_growth_year": -69.36,
            "roe": 0.41,
            "roe_4q": 5.05,
            "gross_profit": 195111,
            "gross_margin": 2.7,
            "gross_margin_4q_avg": 3.63,
            "net_income": 14452,
            "net_income_4q": null,
            "revenue": 7233658,
            "revenue_4q": null,
            "common_shares": 1596859,
            "book_valuer_per_share": 21.06,
            "book_valuer_per_share_4q_avg": 22.73,
            "equity": 3596396,
            "current_ratio": 173.13,
            "debt_ratio": 67.67,
            "inventory_turnover_ratio": 1.41,
            "account_receivable_turnover_ratio": null,
            "reinvestment_rate": 2.62,
            "research_to_sale_ratio": null,
            "price_fair": 68.86,
            "eps_avg_yearly": 2.86,
            "eps_latest_yearly": 0.36,
            "eps_growth_yearly": 14.08
        },
        "20061": {
            "year_quarter": 20061,
            "year": 2006,
            "quarter": 1,
            "eps": 0.79,
            "eps_growth_year": 119.44,
            "eps_4q": 1.57,
            "eps_4q_growth_year": -38.9,
            "roe": 3.4,
            "roe_4q": 7.05,
            "gross_profit": 374212,
            "gross_margin": 5.49,
            "gross_margin_4q_avg": 4.04,
            "net_income": 121574,
            "net_income_4q": null,
            "revenue": 6811573,
            "revenue_4q": null,
            "common_shares": 1596858,
            "book_valuer_per_share": 22.23,
            "book_valuer_per_share_4q_avg": 22.11,
            "equity": 3549260,
            "current_ratio": 198.06,
            "debt_ratio": 62.5,
            "inventory_turnover_ratio": 1.23,
            "account_receivable_turnover_ratio": null,
            "reinvestment_rate": -1.75,
            "research_to_sale_ratio": null,
            "price_fair": 101.85,
            "eps_avg_yearly": 2.91,
            "eps_latest_yearly": 3.16,
            "eps_growth_yearly": 221.23
        },
        "20062": {
            "year_quarter": 20062,
            "year": 2006,
            "quarter": 2,
            "eps": 1.01,
            "eps_growth_year": 304,
            "eps_4q": 2.33,
            "eps_4q_growth_year": 16.09,
            "roe": 4.42,
            "roe_4q": 10.26,
            "gross_profit": 244625,
            "gross_margin": 3.76,
            "gross_margin_4q_avg": 4.13,
            "net_income": 155307,
            "net_income_4q": null,
            "revenue": 6503199,
            "revenue_4q": null,
            "common_shares": 1596859,
            "book_valuer_per_share": 21.75,
            "book_valuer_per_share_4q_avg": 21.53,
            "equity": 3473795,
            "current_ratio": 170.1,
            "debt_ratio": 65.95,
            "inventory_turnover_ratio": 1.22,
            "account_receivable_turnover_ratio": null,
            "reinvestment_rate": -1.82,
            "research_to_sale_ratio": null,
            "price_fair": 104.21,
            "eps_avg_yearly": 2.98,
            "eps_latest_yearly": 4.04,
            "eps_growth_yearly": 221.83
        },
        "20063": {
            "year_quarter": 20063,
            "year": 2006,
            "quarter": 3,
            "eps": 1.09,
            "eps_growth_year": 153.49,
            "eps_4q": 2.9,
            "eps_4q_growth_year": 113.76,
            "roe": 4.6,
            "roe_4q": 12.83,
            "gross_profit": 395430,
            "gross_margin": 4.71,
            "gross_margin_4q_avg": 4.17,
            "net_income": 175859,
            "net_income_4q": null,
            "revenue": 8393000,
            "revenue_4q": null,
            "common_shares": 1600391,
            "book_valuer_per_share": 26.08,
            "book_valuer_per_share_4q_avg": 22.78,
            "equity": 4173226,
            "current_ratio": 165.22,
            "debt_ratio": 66.36,
            "inventory_turnover_ratio": 1.52,
            "account_receivable_turnover_ratio": null,
            "reinvestment_rate": -1.88,
            "research_to_sale_ratio": null,
            "price_fair": 101.24,
            "eps_avg_yearly": 2.89,
            "eps_latest_yearly": 4.36,
            "eps_growth_yearly": 200.5
        },
        "20064": {
            "year_quarter": 20064,
            "year": 2006,
            "quarter": 4,
            "eps": 0.71,
            "eps_growth_year": 688.89,
            "eps_4q": 3.52,
            "eps_4q_growth_year": 236.69,
            "roe": 2.77,
            "roe_4q": 15.19,
            "gross_profit": 316974,
            "gross_margin": 4.01,
            "gross_margin_4q_avg": 4.49,
            "net_income": 114387,
            "net_income_4q": null,
            "revenue": 7896142,
            "revenue_4q": null,
            "common_shares": 1713329,
            "book_valuer_per_share": 23.85,
            "book_valuer_per_share_4q_avg": 23.48,
            "equity": 4099277,
            "current_ratio": 156.19,
            "debt_ratio": 67.94,
            "inventory_turnover_ratio": 1.33,
            "account_receivable_turnover_ratio": null,
            "reinvestment_rate": -1.73,
            "research_to_sale_ratio": null,
            "price_fair": 100.63,
            "eps_avg_yearly": 2.88,
            "eps_latest_yearly": 2.84,
            "eps_growth_yearly": 203.15
        },
        "20071": {
            "year_quarter": 20071,
            "year": 2007,
            "quarter": 1,
            "eps": 1.1,
            "eps_growth_year": 39.24,
            "eps_4q": 3.8,
            "eps_4q_growth_year": 141.76,
            "roe": 4.24,
            "roe_4q": 16.03,
            "gross_profit": 332413,
            "gross_margin": 4.14,
            "gross_margin_4q_avg": 4.16,
            "net_income": 181524,
            "net_income_4q": null,
            "revenue": 8031473,
            "revenue_4q": null,
            "common_shares": 1716419,
            "book_valuer_per_share": 25.99,
            "book_valuer_per_share_4q_avg": 24.42,
            "equity": 4460883,
            "current_ratio": 160.05,
            "debt_ratio": 65.37,
            "inventory_turnover_ratio": 1.32,
            "account_receivable_turnover_ratio": null,
            "reinvestment_rate": -1.61,
            "research_to_sale_ratio": null,
            "price_fair": 103.69,
            "eps_avg_yearly": 2.96,
            "eps_latest_yearly": 4.4,
            "eps_growth_yearly": 217.85
        },
        "20072": {
            "year_quarter": 20072,
            "year": 2007,
            "quarter": 2,
            "eps": 1.3,
            "eps_growth_year": 28.71,
            "eps_4q": 4.15,
            "eps_4q_growth_year": 78.21,
            "roe": 4.93,
            "roe_4q": 16.54,
            "gross_profit": 350697,
            "gross_margin": 4.18,
            "gross_margin_4q_avg": 4.26,
            "net_income": 215343,
            "net_income_4q": null,
            "revenue": 8396103,
            "revenue_4q": null,
            "common_shares": 1719629,
            "book_valuer_per_share": 24.86,
            "book_valuer_per_share_4q_avg": 25.2,
            "equity": 4275811,
            "current_ratio": 148.39,
            "debt_ratio": 66.48,
            "inventory_turnover_ratio": 1.42,
            "account_receivable_turnover_ratio": null,
            "reinvestment_rate": 13.95,
            "research_to_sale_ratio": null,
            "price_fair": 108.94,
            "eps_avg_yearly": 3.11,
            "eps_latest_yearly": 5.2,
            "eps_growth_yearly": 224.06
        },
        "20073": {
            "year_quarter": 20073,
            "year": 2007,
            "quarter": 3,
            "eps": 1.87,
            "eps_growth_year": 71.56,
            "eps_4q": 4.8,
            "eps_4q_growth_year": 65.91,
            "roe": 7.42,
            "roe_4q": 19.36,
            "gross_profit": 527891,
            "gross_margin": 5.54,
            "gross_margin_4q_avg": 4.47,
            "net_income": 325820,
            "net_income_4q": null,
            "revenue": 9532394,
            "revenue_4q": null,
            "common_shares": 1827707,
            "book_valuer_per_share": 24.65,
            "book_valuer_per_share_4q_avg": 24.84,
            "equity": 4505803,
            "current_ratio": 156.93,
            "debt_ratio": 68.07,
            "inventory_turnover_ratio": 1.59,
            "account_receivable_turnover_ratio": null,
            "reinvestment_rate": 13.21,
            "research_to_sale_ratio": null,
            "price_fair": 118.21,
            "eps_avg_yearly": 3.38,
            "eps_latest_yearly": 7.48,
            "eps_growth_yearly": 231.09
        },
        "20074": {
            "year_quarter": 20074,
            "year": 2007,
            "quarter": 4,
            "eps": 0.72,
            "eps_growth_year": 1.41,
            "eps_4q": 4.72,
            "eps_4q_growth_year": 34.11,
            "roe": 2.57,
            "roe_4q": 19.16,
            "gross_profit": 322927,
            "gross_margin": 3.82,
            "gross_margin_4q_avg": 4.42,
            "net_income": 130051,
            "net_income_4q": null,
            "revenue": 8454475,
            "revenue_4q": null,
            "common_shares": 2085204,
            "book_valuer_per_share": 26.92,
            "book_valuer_per_share_4q_avg": 25.61,
            "equity": 5621567,
            "current_ratio": 191.1,
            "debt_ratio": 64.13,
            "inventory_turnover_ratio": 1.26,
            "account_receivable_turnover_ratio": null,
            "reinvestment_rate": 14.16,
            "research_to_sale_ratio": null,
            "price_fair": 115.41,
            "eps_avg_yearly": 3.3,
            "eps_latest_yearly": 2.88,
            "eps_growth_yearly": 208.62
        },
        "20081": {
            "year_quarter": 20081,
            "year": 2008,
            "quarter": 1,
            "eps": 0.88,
            "eps_growth_year": -20,
            "eps_4q": 4.14,
            "eps_4q_growth_year": 8.84,
            "roe": 3.36,
            "roe_4q": 18.28,
            "gross_profit": 556907,
            "gross_margin": 6.2,
            "gross_margin_4q_avg": 4.94,
            "net_income": 181519,
            "net_income_4q": null,
            "revenue": 8977153,
            "revenue_4q": null,
            "common_shares": 2086964,
            "book_valuer_per_share": 24.86,
            "book_valuer_per_share_4q_avg": 25.32,
            "equity": 5195670,
            "current_ratio": 177.5,
            "debt_ratio": 65.07,
            "inventory_turnover_ratio": 1.16,
            "account_receivable_turnover_ratio": null,
            "reinvestment_rate": 15.1,
            "research_to_sale_ratio": null,
            "price_fair": 112.61,
            "eps_avg_yearly": 3.22,
            "eps_latest_yearly": 3.52,
            "eps_growth_yearly": 210.33
        },
        "20082": {
            "year_quarter": 20082,
            "year": 2008,
            "quarter": 2,
            "eps": 0.8,
            "eps_growth_year": -38.46,
            "eps_4q": 3.68,
            "eps_4q_growth_year": -11.17,
            "roe": 3.5,
            "roe_4q": 16.85,
            "gross_profit": 699654,
            "gross_margin": 6.49,
            "gross_margin_4q_avg": 5.51,
            "net_income": 177099,
            "net_income_4q": null,
            "revenue": 10782496,
            "revenue_4q": null,
            "common_shares": 2098979,
            "book_valuer_per_share": 23.43,
            "book_valuer_per_share_4q_avg": 24.97,
            "equity": 4925636,
            "current_ratio": 165.64,
            "debt_ratio": 68.31,
            "inventory_turnover_ratio": 1.35,
            "account_receivable_turnover_ratio": null,
            "reinvestment_rate": 14.59,
            "research_to_sale_ratio": null,
            "price_fair": 115.24,
            "eps_avg_yearly": 3.29,
            "eps_latest_yearly": 3.2,
            "eps_growth_yearly": 222.64
        },
        "20083": {
            "year_quarter": 20083,
            "year": 2008,
            "quarter": 3,
            "eps": 0.67,
            "eps_growth_year": -64.17,
            "eps_4q": 2.88,
            "eps_4q_growth_year": -39.97,
            "roe": 2.83,
            "roe_4q": 12.26,
            "gross_profit": 743910,
            "gross_margin": 6.5,
            "gross_margin_4q_avg": 5.75,
            "net_income": 148485,
            "net_income_4q": null,
            "revenue": 11452607,
            "revenue_4q": null,
            "common_shares": 2273085,
            "book_valuer_per_share": 24.48,
            "book_valuer_per_share_4q_avg": 24.92,
            "equity": 5572033,
            "current_ratio": 162.89,
            "debt_ratio": 69.22,
            "inventory_turnover_ratio": 1.32,
            "account_receivable_turnover_ratio": null,
            "reinvestment_rate": 14.73,
            "research_to_sale_ratio": null,
            "price_fair": 109.46,
            "eps_avg_yearly": 3.13,
            "eps_latest_yearly": 2.68,
            "eps_growth_yearly": 177.08
        },
        "20084": {
            "year_quarter": 20084,
            "year": 2008,
            "quarter": 4,
            "eps": -0.98,
            "eps_growth_year": -236.11,
            "eps_4q": 1.3,
            "eps_4q_growth_year": -72.44,
            "roe": -3.98,
            "roe_4q": 5.71,
            "gross_profit": 503330,
            "gross_margin": 5.28,
            "gross_margin_4q_avg": 6.12,
            "net_income": -220767,
            "net_income_4q": null,
            "revenue": 9540581,
            "revenue_4q": null,
            "common_shares": 2275765,
            "book_valuer_per_share": 24.19,
            "book_valuer_per_share_4q_avg": 24.24,
            "equity": 5510131,
            "current_ratio": 177.66,
            "debt_ratio": 63.73,
            "inventory_turnover_ratio": 1.08,
            "account_receivable_turnover_ratio": 4.55,
            "reinvestment_rate": 12.82,
            "research_to_sale_ratio": null,
            "price_fair": 112.65,
            "eps_avg_yearly": 3.22,
            "eps_latest_yearly": 2.68,
            "eps_growth_yearly": 206.72
        },
        "20091": {
            "year_quarter": 20091,
            "year": 2009,
            "quarter": 1,
            "eps": 0.4,
            "eps_growth_year": -54.55,
            "eps_4q": 0.89,
            "eps_4q_growth_year": -78.54,
            "roe": 1.55,
            "roe_4q": 3.9000000000000004,
            "gross_profit": 471061,
            "gross_margin": 5.12,
            "gross_margin_4q_avg": 5.85,
            "net_income": 88299,
            "net_income_4q": null,
            "revenue": 9207102,
            "revenue_4q": null,
            "common_shares": 2275765,
            "book_valuer_per_share": 25.83,
            "book_valuer_per_share_4q_avg": 24.48,
            "equity": 5884400,
            "current_ratio": 230.26,
            "debt_ratio": 56.05,
            "inventory_turnover_ratio": 1.23,
            "account_receivable_turnover_ratio": 2.08,
            "reinvestment_rate": 16,
            "research_to_sale_ratio": null,
            "price_fair": 117.1,
            "eps_avg_yearly": 3.35,
            "eps_latest_yearly": 2.68,
            "eps_growth_yearly": 226.69
        },
        "20092": {
            "year_quarter": 20092,
            "year": 2009,
            "quarter": 2,
            "eps": 0.45,
            "eps_growth_year": -43.75,
            "eps_4q": 0.53,
            "eps_4q_growth_year": -85.6,
            "roe": 1.77,
            "roe_4q": 2.1700000000000004,
            "gross_profit": 549213,
            "gross_margin": 4.91,
            "gross_margin_4q_avg": 5.45,
            "net_income": 100581,
            "net_income_4q": null,
            "revenue": 11177016,
            "revenue_4q": null,
            "common_shares": 2256505,
            "book_valuer_per_share": 24.36,
            "book_valuer_per_share_4q_avg": 24.72,
            "equity": 5505264,
            "current_ratio": 176.24,
            "debt_ratio": 63.26,
            "inventory_turnover_ratio": 1.83,
            "account_receivable_turnover_ratio": 1.98,
            "reinvestment_rate": 15.25,
            "research_to_sale_ratio": null,
            "price_fair": 119.1,
            "eps_avg_yearly": 3.4,
            "eps_latest_yearly": 1.8,
            "eps_growth_yearly": 238.99
        },
        "20093": {
            "year_quarter": 20093,
            "year": 2009,
            "quarter": 3,
            "eps": 0.75,
            "eps_growth_year": 11.94,
            "eps_4q": 0.62,
            "eps_4q_growth_year": -78.65,
            "roe": 2.94,
            "roe_4q": 2.28,
            "gross_profit": 678368,
            "gross_margin": 5.03,
            "gross_margin_4q_avg": 5.09,
            "net_income": 169690,
            "net_income_4q": null,
            "revenue": 13478018,
            "revenue_4q": null,
            "common_shares": 2502473,
            "book_valuer_per_share": 24.14,
            "book_valuer_per_share_4q_avg": 24.63,
            "equity": 6047245,
            "current_ratio": 179.74,
            "debt_ratio": 64.39,
            "inventory_turnover_ratio": 2.25,
            "account_receivable_turnover_ratio": 1.87,
            "reinvestment_rate": 19.73,
            "research_to_sale_ratio": null,
            "price_fair": 122.3,
            "eps_avg_yearly": 3.49,
            "eps_latest_yearly": 3,
            "eps_growth_yearly": 237.46
        },
        "20094": {
            "year_quarter": 20094,
            "year": 2009,
            "quarter": 4,
            "eps": 0.84,
            "eps_growth_year": null,
            "eps_4q": 2.27,
            "eps_4q_growth_year": 74.81,
            "roe": 3.13,
            "roe_4q": 9.39,
            "gross_profit": 762987,
            "gross_margin": 5.6,
            "gross_margin_4q_avg": 5.17,
            "net_income": 193029,
            "net_income_4q": null,
            "revenue": 13623835,
            "revenue_4q": null,
            "common_shares": 2502473,
            "book_valuer_per_share": 25.78,
            "book_valuer_per_share_4q_avg": 25.03,
            "equity": 6274149,
            "current_ratio": 186.32,
            "debt_ratio": 61.71,
            "inventory_turnover_ratio": 2.08,
            "account_receivable_turnover_ratio": 3.46,
            "reinvestment_rate": 218.94,
            "research_to_sale_ratio": null,
            "price_fair": 129.8,
            "eps_avg_yearly": 3.71,
            "eps_latest_yearly": 3.36,
            "eps_growth_yearly": 263.48
        },
        "20101": {
            "year_quarter": 20101,
            "year": 2010,
            "quarter": 1,
            "eps": 1.2,
            "eps_growth_year": 200,
            "eps_4q": 3.11,
            "eps_4q_growth_year": 250.56,
            "roe": 4.56,
            "roe_4q": 12.399999999999999,
            "gross_profit": 891222,
            "gross_margin": 6.02,
            "gross_margin_4q_avg": 5.39,
            "net_income": 291893,
            "net_income_4q": null,
            "revenue": 14813562,
            "revenue_4q": null,
            "common_shares": 2502473,
            "book_valuer_per_share": 26.83,
            "book_valuer_per_share_4q_avg": 25.28,
            "equity": 6530758,
            "current_ratio": 183.78,
            "debt_ratio": 63.67,
            "inventory_turnover_ratio": 2.04,
            "account_receivable_turnover_ratio": 1.7,
            "reinvestment_rate": 213.08,
            "research_to_sale_ratio": 0.27,
            "price_fair": 133.9,
            "eps_avg_yearly": 3.83,
            "eps_latest_yearly": 4.8,
            "eps_growth_yearly": 53.51
        },
        "20102": {
            "year_quarter": 20102,
            "year": 2010,
            "quarter": 2,
            "eps": 1.4,
            "eps_growth_year": 211.44,
            "eps_4q": 4.05,
            "eps_4q_growth_year": 662.99,
            "roe": 5.33,
            "roe_4q": 15.959999999999999,
            "gross_profit": 1008069,
            "gross_margin": 6.22,
            "gross_margin_4q_avg": 5.72,
            "net_income": 347424,
            "net_income_4q": null,
            "revenue": 16206469,
            "revenue_4q": null,
            "common_shares": 2502473,
            "book_valuer_per_share": 26.22,
            "book_valuer_per_share_4q_avg": 25.74,
            "equity": 6498726,
            "current_ratio": 162.46,
            "debt_ratio": 68.82,
            "inventory_turnover_ratio": 1.87,
            "account_receivable_turnover_ratio": 1.63,
            "reinvestment_rate": 28.15,
            "research_to_sale_ratio": 0.29,
            "price_fair": 137.8,
            "eps_avg_yearly": 3.94,
            "eps_latest_yearly": 5.6,
            "eps_growth_yearly": 50.31
        },
        "20103": {
            "year_quarter": 20103,
            "year": 2010,
            "quarter": 3,
            "eps": 1.64,
            "eps_growth_year": 118.97,
            "eps_4q": 5.01,
            "eps_4q_growth_year": 713.04,
            "roe": 6.12,
            "roe_4q": 19.139999999999997,
            "gross_profit": 1085153,
            "gross_margin": 6.31,
            "gross_margin_4q_avg": 6.04,
            "net_income": 406388,
            "net_income_4q": null,
            "revenue": 17195719,
            "revenue_4q": null,
            "common_shares": 2502473,
            "book_valuer_per_share": 27.4,
            "book_valuer_per_share_4q_avg": 26.56,
            "equity": 6790092,
            "current_ratio": 167.18,
            "debt_ratio": 68.62,
            "inventory_turnover_ratio": 1.74,
            "account_receivable_turnover_ratio": 1.62,
            "reinvestment_rate": 26,
            "research_to_sale_ratio": 0.28,
            "price_fair": 143.3,
            "eps_avg_yearly": 4.09,
            "eps_latest_yearly": 6.56,
            "eps_growth_yearly": 52.95
        },
        "20104": {
            "year_quarter": 20104,
            "year": 2010,
            "quarter": 4,
            "eps": 1.34,
            "eps_growth_year": 59.42,
            "eps_4q": 5.56,
            "eps_4q_growth_year": 144.62,
            "roe": 4.92,
            "roe_4q": 20.929999999999996,
            "gross_profit": 970650,
            "gross_margin": 6.28,
            "gross_margin_4q_avg": 6.21,
            "net_income": 332334,
            "net_income_4q": null,
            "revenue": 15460485,
            "revenue_4q": null,
            "common_shares": 2502473,
            "book_valuer_per_share": 27.08,
            "book_valuer_per_share_4q_avg": 26.88,
            "equity": 6712179,
            "current_ratio": 174.42,
            "debt_ratio": 65.56,
            "inventory_turnover_ratio": 1.55,
            "account_receivable_turnover_ratio": 1.64,
            "reinvestment_rate": 23.34,
            "research_to_sale_ratio": 0.29,
            "price_fair": 149.6,
            "eps_avg_yearly": 4.27,
            "eps_latest_yearly": 5.36,
            "eps_growth_yearly": 57.68
        },
        "20111": {
            "year_quarter": 20111,
            "year": 2011,
            "quarter": 1,
            "eps": 1.54,
            "eps_growth_year": 28.33,
            "eps_4q": 5.89,
            "eps_4q_growth_year": 89.27,
            "roe": 5.51,
            "roe_4q": 21.880000000000003,
            "gross_profit": 1078562,
            "gross_margin": 6.21,
            "gross_margin_4q_avg": 6.26,
            "net_income": 382508,
            "net_income_4q": null,
            "revenue": 17356776,
            "revenue_4q": null,
            "common_shares": 2519173,
            "book_valuer_per_share": 28.71,
            "book_valuer_per_share_4q_avg": 27.35,
            "equity": 7163646,
            "current_ratio": 165.42,
            "debt_ratio": 68.23,
            "inventory_turnover_ratio": 1.68,
            "account_receivable_turnover_ratio": 1.85,
            "reinvestment_rate": 26.64,
            "research_to_sale_ratio": 0.26,
            "price_fair": 154,
            "eps_avg_yearly": 4.4,
            "eps_latest_yearly": 6.16,
            "eps_growth_yearly": 46.25
        },
        "20112": {
            "year_quarter": 20112,
            "year": 2011,
            "quarter": 2,
            "eps": 1.65,
            "eps_growth_year": 17.42,
            "eps_4q": 6.05,
            "eps_4q_growth_year": 49.32,
            "roe": 6.13,
            "roe_4q": 22.680000000000003,
            "gross_profit": 1132396,
            "gross_margin": 6.2,
            "gross_margin_4q_avg": 6.25,
            "net_income": 418844,
            "net_income_4q": null,
            "revenue": 18262277,
            "revenue_4q": null,
            "common_shares": 2523213,
            "book_valuer_per_share": 26.04,
            "book_valuer_per_share_4q_avg": 27.31,
            "equity": 6508101,
            "current_ratio": 168.43,
            "debt_ratio": 70.77,
            "inventory_turnover_ratio": 1.67,
            "account_receivable_turnover_ratio": 1.87,
            "reinvestment_rate": 13.25,
            "research_to_sale_ratio": 0.3,
            "price_fair": 157.5,
            "eps_avg_yearly": 4.5,
            "eps_latest_yearly": 6.6,
            "eps_growth_yearly": 43.1
        },
        "20113": {
            "year_quarter": 20113,
            "year": 2011,
            "quarter": 3,
            "eps": 1.35,
            "eps_growth_year": -17.61,
            "eps_4q": 5.33,
            "eps_4q_growth_year": 6.49,
            "roe": 5.17,
            "roe_4q": 21.730000000000004,
            "gross_profit": 1103766,
            "gross_margin": 6.24,
            "gross_margin_4q_avg": 6.23,
            "net_income": 385518,
            "net_income_4q": null,
            "revenue": 17677811,
            "revenue_4q": null,
            "common_shares": 2875827,
            "book_valuer_per_share": 29.47,
            "book_valuer_per_share_4q_avg": 27.83,
            "equity": 8403572,
            "current_ratio": 183.21,
            "debt_ratio": 66.81,
            "inventory_turnover_ratio": 1.57,
            "account_receivable_turnover_ratio": 1.65,
            "reinvestment_rate": 13.4,
            "research_to_sale_ratio": 0.24,
            "price_fair": 152.3,
            "eps_avg_yearly": 4.35,
            "eps_latest_yearly": 5.4,
            "eps_growth_yearly": 25.37
        },
        "20114": {
            "year_quarter": 20114,
            "year": 2011,
            "quarter": 4,
            "eps": 0.89,
            "eps_growth_year": -33.83,
            "eps_4q": 5.04,
            "eps_4q_growth_year": -9.35,
            "roe": 2.98,
            "roe_4q": 19.79,
            "gross_profit": 1016596,
            "gross_margin": 5.85,
            "gross_margin_4q_avg": 6.13,
            "net_income": 254548,
            "net_income_4q": null,
            "revenue": 17383305,
            "revenue_4q": null,
            "common_shares": 2882247,
            "book_valuer_per_share": 30.27,
            "book_valuer_per_share_4q_avg": 28.62,
            "equity": 8652096,
            "current_ratio": 195.6,
            "debt_ratio": 63.74,
            "inventory_turnover_ratio": 1.58,
            "account_receivable_turnover_ratio": 1.49,
            "reinvestment_rate": 11.8,
            "research_to_sale_ratio": 0.54,
            "price_fair": 154,
            "eps_avg_yearly": 4.4,
            "eps_latest_yearly": 3.56,
            "eps_growth_yearly": 33.21
        },
        "20121": {
            "year_quarter": 20121,
            "year": 2012,
            "quarter": 1,
            "eps": 0.75,
            "eps_growth_year": -51.3,
            "eps_4q": 3.96,
            "eps_4q_growth_year": -32.8,
            "roe": 2.43,
            "roe_4q": 16.71,
            "gross_profit": 1057949,
            "gross_margin": 5.86,
            "gross_margin_4q_avg": 6.04,
            "net_income": 234623,
            "net_income_4q": null,
            "revenue": 18051256,
            "revenue_4q": null,
            "common_shares": 3292049,
            "book_valuer_per_share": 32.61,
            "book_valuer_per_share_4q_avg": 29.6,
            "equity": 10658232,
            "current_ratio": 179.47,
            "debt_ratio": 65.62,
            "inventory_turnover_ratio": 1.65,
            "account_receivable_turnover_ratio": 1.42,
            "reinvestment_rate": 10.61,
            "research_to_sale_ratio": 0.37,
            "price_fair": 141.21,
            "eps_avg_yearly": 4.36,
            "eps_latest_yearly": 3,
            "eps_growth_yearly": 22.37
        },
        "20122": {
            "year_quarter": 20122,
            "year": 2012,
            "quarter": 2,
            "eps": 0.73,
            "eps_growth_year": -55.61,
            "eps_4q": 3.33,
            "eps_4q_growth_year": -45.01,
            "roe": 2.37,
            "roe_4q": 12.950000000000001,
            "gross_profit": 1167978,
            "gross_margin": 5.83,
            "gross_margin_4q_avg": 5.95,
            "net_income": 245755,
            "net_income_4q": null,
            "revenue": 20028680,
            "revenue_4q": null,
            "common_shares": 3293509,
            "book_valuer_per_share": 30.84,
            "book_valuer_per_share_4q_avg": 30.8,
            "equity": 10081031,
            "current_ratio": 167.05,
            "debt_ratio": 67.7,
            "inventory_turnover_ratio": 1.66,
            "account_receivable_turnover_ratio": 1.4,
            "reinvestment_rate": 9.92,
            "research_to_sale_ratio": 0.36,
            "price_fair": 148.53,
            "eps_avg_yearly": 4.34,
            "eps_latest_yearly": 2.92,
            "eps_growth_yearly": 24.2
        },
        "20123": {
            "year_quarter": 20123,
            "year": 2012,
            "quarter": 3,
            "eps": 1.01,
            "eps_growth_year": -25.59,
            "eps_4q": 3.18,
            "eps_4q_growth_year": -40.3,
            "roe": 3.33,
            "roe_4q": 11.110000000000001,
            "gross_profit": 1272301,
            "gross_margin": 5.84,
            "gross_margin_4q_avg": 5.85,
            "net_income": 339401,
            "net_income_4q": null,
            "revenue": 21801768,
            "revenue_4q": null,
            "common_shares": 3371761,
            "book_valuer_per_share": 30.6,
            "book_valuer_per_share_4q_avg": 31.08,
            "equity": 10322516,
            "current_ratio": 170.76,
            "debt_ratio": 66.41,
            "inventory_turnover_ratio": 1.75,
            "account_receivable_turnover_ratio": 1.48,
            "reinvestment_rate": 9.99,
            "research_to_sale_ratio": 0.3,
            "price_fair": 155.4,
            "eps_avg_yearly": 4.44,
            "eps_latest_yearly": 4.04,
            "eps_growth_yearly": 39.8
        },
        "20124": {
            "year_quarter": 20124,
            "year": 2012,
            "quarter": 4,
            "eps": 0.76,
            "eps_growth_year": -14.17,
            "eps_4q": 3.19,
            "eps_4q_growth_year": -36.76,
            "roe": 2.43,
            "roe_4q": 10.559999999999999,
            "gross_profit": 1168927,
            "gross_margin": 5.71,
            "gross_margin_4q_avg": 5.81,
            "net_income": 257603,
            "net_income_4q": null,
            "revenue": 20469575,
            "revenue_4q": null,
            "common_shares": 3375651,
            "book_valuer_per_share": 32.1,
            "book_valuer_per_share_4q_avg": 31.54,
            "equity": 10841501,
            "current_ratio": 179.55,
            "debt_ratio": 65.88,
            "inventory_turnover_ratio": 1.67,
            "account_receivable_turnover_ratio": 1.44,
            "reinvestment_rate": 5.12,
            "research_to_sale_ratio": 0.35,
            "price_fair": 152.13,
            "eps_avg_yearly": 4.35,
            "eps_latest_yearly": 3.04,
            "eps_growth_yearly": 30.55
        },
        "20131": {
            "year_quarter": 20131,
            "year": 2013,
            "quarter": 1,
            "eps": 0.88,
            "eps_growth_year": 17.33,
            "eps_4q": 3.38,
            "eps_4q_growth_year": -14.69,
            "roe": 2.68,
            "roe_4q": 10.810000000000002,
            "gross_profit": 1166453,
            "gross_margin": 5.83,
            "gross_margin_4q_avg": 5.8,
            "net_income": 297547,
            "net_income_4q": null,
            "revenue": 20016064,
            "revenue_4q": null,
            "common_shares": 3375651,
            "book_valuer_per_share": 33.59,
            "book_valuer_per_share_4q_avg": 31.78,
            "equity": 11343368,
            "current_ratio": 171.52,
            "debt_ratio": 64.59,
            "inventory_turnover_ratio": 1.54,
            "account_receivable_turnover_ratio": 1.71,
            "reinvestment_rate": 5,
            "research_to_sale_ratio": 0.33,
            "price_fair": 150.33,
            "eps_avg_yearly": 4.3,
            "eps_latest_yearly": 3.52,
            "eps_growth_yearly": 32.59
        },
        "20132": {
            "year_quarter": 20132,
            "year": 2013,
            "quarter": 2,
            "eps": 0.96,
            "eps_growth_year": 31.42,
            "eps_4q": 3.6,
            "eps_4q_growth_year": 8.38,
            "roe": 2.89,
            "roe_4q": 11.33,
            "gross_profit": 1251254,
            "gross_margin": 5.95,
            "gross_margin_4q_avg": 5.83,
            "net_income": 322883,
            "net_income_4q": null,
            "revenue": 21018646,
            "revenue_4q": null,
            "common_shares": 3375651,
            "book_valuer_per_share": 32.49,
            "book_valuer_per_share_4q_avg": 32.2,
            "equity": 10972256,
            "current_ratio": 159.72,
            "debt_ratio": 66.6,
            "inventory_turnover_ratio": 1.55,
            "account_receivable_turnover_ratio": 1.89,
            "reinvestment_rate": 4.92,
            "research_to_sale_ratio": 0.33,
            "price_fair": 154.79,
            "eps_avg_yearly": 4.42,
            "eps_latest_yearly": 3.84,
            "eps_growth_yearly": 31.74
        },
        "20133": {
            "year_quarter": 20133,
            "year": 2013,
            "quarter": 3,
            "eps": 1.07,
            "eps_growth_year": 6.28,
            "eps_4q": 3.67,
            "eps_4q_growth_year": 15.18,
            "roe": 3.23,
            "roe_4q": 11.23,
            "gross_profit": 1356133,
            "gross_margin": 5.83,
            "gross_margin_4q_avg": 5.83,
            "net_income": 360094,
            "net_income_4q": null,
            "revenue": 23274190,
            "revenue_4q": null,
            "common_shares": 3375651,
            "book_valuer_per_share": 33.57,
            "book_valuer_per_share_4q_avg": 32.94,
            "equity": 11337779,
            "current_ratio": 156.8,
            "debt_ratio": 65.82,
            "inventory_turnover_ratio": 1.72,
            "account_receivable_turnover_ratio": 1.88,
            "reinvestment_rate": 2.75,
            "research_to_sale_ratio": 0.31,
            "price_fair": 125.77,
            "eps_avg_yearly": 4.5,
            "eps_latest_yearly": 4.28,
            "eps_growth_yearly": 17.93
        },
        "20134": {
            "year_quarter": 20134,
            "year": 2013,
            "quarter": 4,
            "eps": 0.96,
            "eps_growth_year": 26.13,
            "eps_4q": 3.86,
            "eps_4q_growth_year": 21.16,
            "roe": 2.74,
            "roe_4q": 11.540000000000001,
            "gross_profit": 1341369,
            "gross_margin": 5.72,
            "gross_margin_4q_avg": 5.83,
            "net_income": 323836,
            "net_income_4q": null,
            "revenue": 23450231,
            "revenue_4q": null,
            "common_shares": 3375651,
            "book_valuer_per_share": 36.34,
            "book_valuer_per_share_4q_avg": 34,
            "equity": 12267488,
            "current_ratio": 157.76,
            "debt_ratio": 64.55,
            "inventory_turnover_ratio": 1.77,
            "account_receivable_turnover_ratio": 1.9,
            "reinvestment_rate": -85.59,
            "research_to_sale_ratio": 0.31,
            "price_fair": 101.36,
            "eps_avg_yearly": 4.53,
            "eps_latest_yearly": 3.84,
            "eps_growth_yearly": 12.36
        },
        "20141": {
            "year_quarter": 20141,
            "year": 2014,
            "quarter": 1,
            "eps": 1,
            "eps_growth_year": 13.64,
            "eps_4q": 3.99,
            "eps_4q_growth_year": 18.08,
            "roe": 2.73,
            "roe_4q": 11.590000000000002,
            "gross_profit": 1360728,
            "gross_margin": 5.91,
            "gross_margin_4q_avg": 5.85,
            "net_income": 338838,
            "net_income_4q": null,
            "revenue": 23007779,
            "revenue_4q": null,
            "common_shares": 3375651,
            "book_valuer_per_share": 37.08,
            "book_valuer_per_share_4q_avg": 34.87,
            "equity": 12517978,
            "current_ratio": 149.09,
            "debt_ratio": 66.26,
            "inventory_turnover_ratio": 1.73,
            "account_receivable_turnover_ratio": 1.88,
            "reinvestment_rate": -88.04,
            "research_to_sale_ratio": 0.33,
            "price_fair": 56.88,
            "eps_avg_yearly": 4.48,
            "eps_latest_yearly": 4,
            "eps_growth_yearly": 2.69
        },
        "20142": {
            "year_quarter": 20142,
            "year": 2014,
            "quarter": 2,
            "eps": 1.29,
            "eps_growth_year": 34.38,
            "eps_4q": 4.18,
            "eps_4q_growth_year": 15.91,
            "roe": 3.73,
            "roe_4q": 12.43,
            "gross_profit": 1522589,
            "gross_margin": 5.92,
            "gross_margin_4q_avg": 5.85,
            "net_income": 457849,
            "net_income_4q": null,
            "revenue": 25711407,
            "revenue_4q": null,
            "common_shares": 3375651,
            "book_valuer_per_share": 35.63,
            "book_valuer_per_share_4q_avg": 35.66,
            "equity": 12028533,
            "current_ratio": 139.5,
            "debt_ratio": 68.78,
            "inventory_turnover_ratio": 1.82,
            "account_receivable_turnover_ratio": 1.82,
            "reinvestment_rate": -1.51,
            "research_to_sale_ratio": 0.31,
            "price_fair": 70.27,
            "eps_avg_yearly": 4.46,
            "eps_latest_yearly": 5.16,
            "eps_growth_yearly": 5.77
        },
        "20143": {
            "year_quarter": 20143,
            "year": 2014,
            "quarter": 3,
            "eps": 1.56,
            "eps_growth_year": 45.79,
            "eps_4q": 4.72,
            "eps_4q_growth_year": 28.84,
            "roe": 4.42,
            "roe_4q": 13.620000000000001,
            "gross_profit": 1639019,
            "gross_margin": 5.71,
            "gross_margin_4q_avg": 5.82,
            "net_income": 553350,
            "net_income_4q": null,
            "revenue": 28720311,
            "revenue_4q": null,
            "common_shares": 3544434,
            "book_valuer_per_share": 36.68,
            "book_valuer_per_share_4q_avg": 36.43,
            "equity": 13002419,
            "current_ratio": 139.89,
            "debt_ratio": 70.27,
            "inventory_turnover_ratio": 1.86,
            "account_receivable_turnover_ratio": 1.73,
            "reinvestment_rate": -1.65,
            "research_to_sale_ratio": 0.28,
            "price_fair": 74.15,
            "eps_avg_yearly": 4.44,
            "eps_latest_yearly": 6.24,
            "eps_growth_yearly": 6.72
        },
        "20144": {
            "year_quarter": 20144,
            "year": 2014,
            "quarter": 4,
            "eps": 1.37,
            "eps_growth_year": 43.31,
            "eps_4q": 5.18,
            "eps_4q_growth_year": 34.15,
            "roe": 3.63,
            "roe_4q": 14.510000000000002,
            "gross_profit": 1658926,
            "gross_margin": 5.47,
            "gross_margin_4q_avg": 5.75,
            "net_income": 487303,
            "net_income_4q": null,
            "revenue": 30327188,
            "revenue_4q": null,
            "common_shares": 3544434,
            "book_valuer_per_share": 39.15,
            "book_valuer_per_share_4q_avg": 37.14,
            "equity": 13876173,
            "current_ratio": 149.11,
            "debt_ratio": 67.21,
            "inventory_turnover_ratio": 1.88,
            "account_receivable_turnover_ratio": 1.93,
            "reinvestment_rate": -1.36,
            "research_to_sale_ratio": 0.27,
            "price_fair": 81.07,
            "eps_avg_yearly": 4.44,
            "eps_latest_yearly": 5.48,
            "eps_growth_yearly": 8.25
        },
        "20151": {
            "year_quarter": 20151,
            "year": 2015,
            "quarter": 1,
            "eps": 1.24,
            "eps_growth_year": 24,
            "eps_4q": 4.86,
            "eps_4q_growth_year": 21.91,
            "roe": 3.13,
            "roe_4q": 14.91,
            "gross_profit": 1569429,
            "gross_margin": 5.5,
            "gross_margin_4q_avg": 5.65,
            "net_income": 479238,
            "net_income_4q": null,
            "revenue": 28537762,
            "revenue_4q": null,
            "common_shares": 4069434,
            "book_valuer_per_share": 41.19,
            "book_valuer_per_share_4q_avg": 38.16,
            "equity": 16763505,
            "current_ratio": 158.49,
            "debt_ratio": 63.38,
            "inventory_turnover_ratio": 1.71,
            "account_receivable_turnover_ratio": 1.72,
            "reinvestment_rate": -3.46,
            "research_to_sale_ratio": 0.28,
            "price_fair": 53.04,
            "eps_avg_yearly": 4.37,
            "eps_latest_yearly": 4.96,
            "eps_growth_yearly": 2.15
        },
        "20152": {
            "year_quarter": 20152,
            "year": 2015,
            "quarter": 2,
            "eps": 1.09,
            "eps_growth_year": -15.5,
            "eps_4q": 4.48,
            "eps_4q_growth_year": 7.36,
            "roe": 2.93,
            "roe_4q": 14.110000000000001,
            "gross_profit": 1613073,
            "gross_margin": 5.61,
            "gross_margin_4q_avg": 5.57,
            "net_income": 487815,
            "net_income_4q": null,
            "revenue": 28755667,
            "revenue_4q": null,
            "common_shares": 4069434,
            "book_valuer_per_share": 40.52,
            "book_valuer_per_share_4q_avg": 39.39,
            "equity": 16490700,
            "current_ratio": 152.15,
            "debt_ratio": 65.9,
            "inventory_turnover_ratio": 1.68,
            "account_receivable_turnover_ratio": 1.37,
            "reinvestment_rate": -1.87,
            "research_to_sale_ratio": 0.28,
            "price_fair": 12.68,
            "eps_avg_yearly": 4.23,
            "eps_latest_yearly": 4.36,
            "eps_growth_yearly": -2.66
        },
        "20153": {
            "year_quarter": 20153,
            "year": 2015,
            "quarter": 3,
            "eps": 1.14,
            "eps_growth_year": -26.92,
            "eps_4q": 4.38,
            "eps_4q_growth_year": -7.16,
            "roe": 3.08,
            "roe_4q": 12.77,
            "gross_profit": 1647746,
            "gross_margin": 5.74,
            "gross_margin_4q_avg": 5.58,
            "net_income": 508345,
            "net_income_4q": null,
            "revenue": 28729214,
            "revenue_4q": null,
            "common_shares": 4476377,
            "book_valuer_per_share": 36.93,
            "book_valuer_per_share_4q_avg": 39.45,
            "equity": 16532983,
            "current_ratio": 147.87,
            "debt_ratio": 67.59,
            "inventory_turnover_ratio": 1.64,
            "account_receivable_turnover_ratio": 1.23,
            "reinvestment_rate": -0.35,
            "research_to_sale_ratio": 0.29,
            "price_fair": 54.39,
            "eps_avg_yearly": 4.18,
            "eps_latest_yearly": 4.56,
            "eps_growth_yearly": 3.03
        },
        "20154": {
            "year_quarter": 20154,
            "year": 2015,
            "quarter": 4,
            "eps": 1.13,
            "eps_growth_year": -17.46,
            "eps_4q": 4.43,
            "eps_4q_growth_year": -14.52,
            "roe": 3.04,
            "roe_4q": 12.18,
            "gross_profit": 1560051,
            "gross_margin": 5.66,
            "gross_margin_4q_avg": 5.63,
            "net_income": 508020,
            "net_income_4q": null,
            "revenue": 27575552,
            "revenue_4q": null,
            "common_shares": 4476377,
            "book_valuer_per_share": 37.81,
            "book_valuer_per_share_4q_avg": 39.11,
            "equity": 16924675,
            "current_ratio": 153.9,
            "debt_ratio": 64.12,
            "inventory_turnover_ratio": 1.56,
            "account_receivable_turnover_ratio": 1.17,
            "reinvestment_rate": 5.82,
            "research_to_sale_ratio": 0.3,
            "price_fair": 90.32,
            "eps_avg_yearly": 4.24,
            "eps_latest_yearly": 4.52,
            "eps_growth_yearly": 11.33
        },
        "20161": {
            "year_quarter": 20161,
            "year": 2016,
            "quarter": 1,
            "eps": 0.9,
            "eps_growth_year": -27.42,
            "eps_4q": 4.26,
            "eps_4q_growth_year": -12.33,
            "roe": 2.39,
            "roe_4q": 11.44,
            "gross_profit": 1535274,
            "gross_margin": 5.64,
            "gross_margin_4q_avg": 5.66,
            "net_income": 403259,
            "net_income_4q": null,
            "revenue": 27229050,
            "revenue_4q": null,
            "common_shares": 4476377,
            "book_valuer_per_share": 37.62,
            "book_valuer_per_share_4q_avg": 38.22,
            "equity": 16842203,
            "current_ratio": 151.62,
            "debt_ratio": 65.12,
            "inventory_turnover_ratio": 1.54,
            "account_receivable_turnover_ratio": 1.18,
            "reinvestment_rate": 3.61,
            "research_to_sale_ratio": 0.27,
            "price_fair": 86.18,
            "eps_avg_yearly": 4.27,
            "eps_latest_yearly": 3.6,
            "eps_growth_yearly": 10.17
        },
        "20162": {
            "year_quarter": 20162,
            "year": 2016,
            "quarter": 2,
            "eps": 0.93,
            "eps_growth_year": -14.68,
            "eps_4q": 3.95,
            "eps_4q_growth_year": -11.86,
            "roe": 2.66,
            "roe_4q": 11.17,
            "gross_profit": 1617599,
            "gross_margin": 5.37,
            "gross_margin_4q_avg": 5.6,
            "net_income": 438500,
            "net_income_4q": null,
            "revenue": 30141114,
            "revenue_4q": null,
            "common_shares": 4476377,
            "book_valuer_per_share": 35.94,
            "book_valuer_per_share_4q_avg": 37.08,
            "equity": 16088346,
            "current_ratio": 136.01,
            "debt_ratio": 68.47,
            "inventory_turnover_ratio": 1.54,
            "account_receivable_turnover_ratio": 1.27,
            "reinvestment_rate": 3.87,
            "research_to_sale_ratio": 0.25,
            "price_fair": 93.67,
            "eps_avg_yearly": 4.32,
            "eps_latest_yearly": 3.72,
            "eps_growth_yearly": 11.67
        },
        "20163": {
            "year_quarter": 20163,
            "year": 2016,
            "quarter": 3,
            "eps": 1.4,
            "eps_growth_year": 22.81,
            "eps_4q": 4.26,
            "eps_4q_growth_year": -2.79,
            "roe": 4.01,
            "roe_4q": 12.100000000000001,
            "gross_profit": 1859325,
            "gross_margin": 4.5,
            "gross_margin_4q_avg": 5.29,
            "net_income": 659957,
            "net_income_4q": null,
            "revenue": 41325258,
            "revenue_4q": null,
            "common_shares": 4700196,
            "book_valuer_per_share": 35.86,
            "book_valuer_per_share_4q_avg": 36.81,
            "equity": 16856677,
            "current_ratio": 140.43,
            "debt_ratio": 70.81,
            "inventory_turnover_ratio": 1.87,
            "account_receivable_turnover_ratio": 1.59,
            "reinvestment_rate": 5.39,
            "research_to_sale_ratio": 0.19,
            "price_fair": 109.25,
            "eps_avg_yearly": 4.42,
            "eps_latest_yearly": 5.6,
            "eps_growth_yearly": 14.72
        },
        "20164": {
            "year_quarter": 20164,
            "year": 2016,
            "quarter": 4,
            "eps": 0.42,
            "eps_growth_year": -63.01,
            "eps_4q": 3.6,
            "eps_4q_growth_year": -18.65,
            "roe": 1.17,
            "roe_4q": 10.23,
            "gross_profit": 1912807,
            "gross_margin": 4.21,
            "gross_margin_4q_avg": 4.93,
            "net_income": 197954,
            "net_income_4q": null,
            "revenue": 45452039,
            "revenue_4q": null,
            "common_shares": 4715196,
            "book_valuer_per_share": 35.85,
            "book_valuer_per_share_4q_avg": 36.32,
            "equity": 16903110,
            "current_ratio": 133.59,
            "debt_ratio": 72.47,
            "inventory_turnover_ratio": 1.98,
            "account_receivable_turnover_ratio": 1.59,
            "reinvestment_rate": 6.51,
            "research_to_sale_ratio": 0.17,
            "price_fair": 58.11,
            "eps_avg_yearly": 4.34,
            "eps_latest_yearly": 1.68,
            "eps_growth_yearly": 3.4
        },
        "20171": {
            "year_quarter": 20171,
            "year": 2017,
            "quarter": 1,
            "eps": 1.06,
            "eps_growth_year": 17.78,
            "eps_4q": 3.78,
            "eps_4q_growth_year": -11.25,
            "roe": 3,
            "roe_4q": 10.84,
            "gross_profit": 1796824,
            "gross_margin": 4.68,
            "gross_margin_4q_avg": 4.69,
            "net_income": 502643,
            "net_income_4q": null,
            "revenue": 38378259,
            "revenue_4q": null,
            "common_shares": 4715196,
            "book_valuer_per_share": 35.24,
            "book_valuer_per_share_4q_avg": 35.72,
            "equity": 16615717,
            "current_ratio": 135.32,
            "debt_ratio": 70.97,
            "inventory_turnover_ratio": 1.58,
            "account_receivable_turnover_ratio": 1.54,
            "reinvestment_rate": 12.63,
            "research_to_sale_ratio": 0.19,
            "price_fair": 153.3,
            "eps_avg_yearly": 4.38,
            "eps_latest_yearly": 4.24,
            "eps_growth_yearly": 37.55
        },
        "20172": {
            "year_quarter": 20172,
            "year": 2017,
            "quarter": 2,
            "eps": 1.15,
            "eps_growth_year": 23.66,
            "eps_4q": 4.01,
            "eps_4q_growth_year": 1.41,
            "roe": 3.36,
            "roe_4q": 11.54,
            "gross_profit": 1923611,
            "gross_margin": 4.77,
            "gross_margin_4q_avg": 4.54,
            "net_income": 546707,
            "net_income_4q": null,
            "revenue": 40363632,
            "revenue_4q": null,
            "common_shares": 4757029,
            "book_valuer_per_share": 33.49,
            "book_valuer_per_share_4q_avg": 35.11,
            "equity": 15933006,
            "current_ratio": 133.41,
            "debt_ratio": 72.26,
            "inventory_turnover_ratio": 1.55,
            "account_receivable_turnover_ratio": 1.81,
            "reinvestment_rate": 11.93,
            "research_to_sale_ratio": 0.2,
            "price_fair": 154.96,
            "eps_avg_yearly": 4.43,
            "eps_latest_yearly": 4.6,
            "eps_growth_yearly": 37.4
        },
        "20173": {
            "year_quarter": 20173,
            "year": 2017,
            "quarter": 3,
            "eps": 1.61,
            "eps_growth_year": 15,
            "eps_4q": 4.22,
            "eps_4q_growth_year": -0.93,
            "roe": 4.7,
            "roe_4q": 12.23,
            "gross_profit": 2244928,
            "gross_margin": 4.42,
            "gross_margin_4q_avg": 4.52,
            "net_income": 767801,
            "net_income_4q": null,
            "revenue": 50832937,
            "revenue_4q": null,
            "common_shares": 4757418,
            "book_valuer_per_share": 35.15,
            "book_valuer_per_share_4q_avg": 34.93,
            "equity": 16722345,
            "current_ratio": 127.68,
            "debt_ratio": 75.61,
            "inventory_turnover_ratio": 1.75,
            "account_receivable_turnover_ratio": 1.88,
            "reinvestment_rate": 11.19,
            "research_to_sale_ratio": 0.14,
            "price_fair": 159.69,
            "eps_avg_yearly": 4.56,
            "eps_latest_yearly": 6.44,
            "eps_growth_yearly": 44.54
        },
        "20174": {
            "year_quarter": 20174,
            "year": 2017,
            "quarter": 4,
            "eps": 1.27,
            "eps_growth_year": 203.25,
            "eps_4q": 4.56,
            "eps_4q_growth_year": 26.6,
            "roe": 3.82,
            "roe_4q": 14.879999999999999,
            "gross_profit": 2456219,
            "gross_margin": 4.1,
            "gross_margin_4q_avg": 4.49,
            "net_income": 702985,
            "net_income_4q": null,
            "revenue": 59844407,
            "revenue_4q": null,
            "common_shares": 5522227,
            "book_valuer_per_share": 36.36,
            "book_valuer_per_share_4q_avg": 35.06,
            "equity": 20081568,
            "current_ratio": 134.13,
            "debt_ratio": 73.28,
            "inventory_turnover_ratio": 1.81,
            "account_receivable_turnover_ratio": 1.92,
            "reinvestment_rate": 12.82,
            "research_to_sale_ratio": 0.16,
            "price_fair": 162.4,
            "eps_avg_yearly": 4.64,
            "eps_latest_yearly": 5.08,
            "eps_growth_yearly": 41.83
        },
        "20181": {
            "year_quarter": 20181,
            "year": 2018,
            "quarter": 1,
            "eps": 1.05,
            "eps_growth_year": -0.94,
            "eps_4q": 4.7,
            "eps_4q_growth_year": 24.31,
            "roe": 2.89,
            "roe_4q": 14.77,
            "gross_profit": 2288141,
            "gross_margin": 4.61,
            "gross_margin_4q_avg": 4.48,
            "net_income": 580199,
            "net_income_4q": null,
            "revenue": 49635001,
            "revenue_4q": null,
            "common_shares": 5522619,
            "book_valuer_per_share": 36.31,
            "book_valuer_per_share_4q_avg": 35.33,
            "equity": 20051225,
            "current_ratio": 131.93,
            "debt_ratio": 74.13,
            "inventory_turnover_ratio": 1.38,
            "account_receivable_turnover_ratio": 1.55,
            "reinvestment_rate": 6.18,
            "research_to_sale_ratio": 0.17,
            "price_fair": 162.84,
            "eps_avg_yearly": 4.65,
            "eps_latest_yearly": 4.2,
            "eps_growth_yearly": 36.46
        },
        "20182": {
            "year_quarter": 20182,
            "year": 2018,
            "quarter": 2,
            "eps": 1.12,
            "eps_growth_year": -2.61,
            "eps_4q": 4.83,
            "eps_4q_growth_year": 20.59,
            "roe": 3.1,
            "roe_4q": 14.510000000000002,
            "gross_profit": 2560014,
            "gross_margin": 4.81,
            "gross_margin_4q_avg": 4.49,
            "net_income": 620375,
            "net_income_4q": null,
            "revenue": 53248454,
            "revenue_4q": null,
            "common_shares": 5525450,
            "book_valuer_per_share": 36.21,
            "book_valuer_per_share_4q_avg": 36.01,
            "equity": 20009997,
            "current_ratio": 128.23,
            "debt_ratio": 76.15,
            "inventory_turnover_ratio": 1.37,
            "account_receivable_turnover_ratio": 1.57,
            "reinvestment_rate": 5.31,
            "research_to_sale_ratio": 0.16,
            "price_fair": 161.35,
            "eps_avg_yearly": 4.61,
            "eps_latest_yearly": 4.48,
            "eps_growth_yearly": 30.87
        },
        "20183": {
            "year_quarter": 20183,
            "year": 2018,
            "quarter": 3,
            "eps": 1.79,
            "eps_growth_year": 11.18,
            "eps_4q": 5.21,
            "eps_4q_growth_year": 23.33,
            "roe": 4.81,
            "roe_4q": 14.620000000000001,
            "gross_profit": 3096244,
            "gross_margin": 3.65,
            "gross_margin_4q_avg": 4.29,
            "net_income": 987584,
            "net_income_4q": null,
            "revenue": 84770506,
            "revenue_4q": null,
            "common_shares": 5525691,
            "book_valuer_per_share": 38.15,
            "book_valuer_per_share_4q_avg": 36.76,
            "equity": 21081574,
            "current_ratio": 121.76,
            "debt_ratio": 78.86,
            "inventory_turnover_ratio": 2.01,
            "account_receivable_turnover_ratio": 2.06,
            "reinvestment_rate": 4.62,
            "research_to_sale_ratio": 0.12,
            "price_fair": 163.36,
            "eps_avg_yearly": 4.67,
            "eps_latest_yearly": 7.16,
            "eps_growth_yearly": 40.6
        },
        "20184": {
            "year_quarter": 20184,
            "year": 2018,
            "quarter": 4,
            "eps": 1.06,
            "eps_growth_year": -16.83,
            "eps_4q": 4.98,
            "eps_4q_growth_year": 9.19,
            "roe": 2.75,
            "roe_4q": 13.55,
            "gross_profit": 2700549,
            "gross_margin": 3.15,
            "gross_margin_4q_avg": 4.06,
            "net_income": 590357,
            "net_income_4q": null,
            "revenue": 85762524,
            "revenue_4q": null,
            "common_shares": 5551889,
            "book_valuer_per_share": 39.28,
            "book_valuer_per_share_4q_avg": 37.49,
            "equity": 21807588,
            "current_ratio": 124.69,
            "debt_ratio": 76.76,
            "inventory_turnover_ratio": 1.85,
            "account_receivable_turnover_ratio": 2.08,
            "reinvestment_rate": 4.31,
            "research_to_sale_ratio": 0.12,
            "price_fair": 160.65,
            "eps_avg_yearly": 4.59,
            "eps_latest_yearly": 4.24,
            "eps_growth_yearly": 33.44
        },
        "20191": {
            "year_quarter": 20191,
            "year": 2019,
            "quarter": 1,
            "eps": 0.67,
            "eps_growth_year": -36.19,
            "eps_4q": 4.4,
            "eps_4q_growth_year": -6.33,
            "roe": 1.71,
            "roe_4q": 12.37,
            "gross_profit": 2321633,
            "gross_margin": 3.44,
            "gross_margin_4q_avg": 3.76,
            "net_income": 385245,
            "net_income_4q": null,
            "revenue": 67474207,
            "revenue_4q": null,
            "common_shares": 5576106,
            "book_valuer_per_share": 41.75,
            "book_valuer_per_share_4q_avg": 38.85,
            "equity": 23280123,
            "current_ratio": 128.52,
            "debt_ratio": 74.58,
            "inventory_turnover_ratio": 1.39,
            "account_receivable_turnover_ratio": 1.91,
            "reinvestment_rate": 4.07,
            "research_to_sale_ratio": 0.13,
            "price_fair": 155.66,
            "eps_avg_yearly": 4.45,
            "eps_latest_yearly": 2.68,
            "eps_growth_yearly": 26.62
        },
        "20192": {
            "year_quarter": 20192,
            "year": 2019,
            "quarter": 2,
            "eps": 1.06,
            "eps_growth_year": -5.36,
            "eps_4q": 4.38,
            "eps_4q_growth_year": -9.43,
            "roe": 2.71,
            "roe_4q": 11.98,
            "gross_profit": 2687678,
            "gross_margin": 3.6,
            "gross_margin_4q_avg": 3.46,
            "net_income": 621667,
            "net_income_4q": null,
            "revenue": 74747999,
            "revenue_4q": null,
            "common_shares": 5866425,
            "book_valuer_per_share": 38.64,
            "book_valuer_per_share_4q_avg": 39.46,
            "equity": 22670065,
            "current_ratio": 128.51,
            "debt_ratio": 75.91,
            "inventory_turnover_ratio": 1.58,
            "account_receivable_turnover_ratio": 2.08,
            "reinvestment_rate": 4.37,
            "research_to_sale_ratio": 0.13,
            "price_fair": 155.4,
            "eps_avg_yearly": 4.44,
            "eps_latest_yearly": 4.24,
            "eps_growth_yearly": 44.2
        },
        "20193": {
            "year_quarter": 20193,
            "year": 2019,
            "quarter": 3,
            "eps": 1.38,
            "eps_growth_year": -22.9,
            "eps_4q": 4.09,
            "eps_4q_growth_year": -21.46,
            "roe": 3.54,
            "roe_4q": 10.71,
            "gross_profit": 2977110,
            "gross_margin": 3.1,
            "gross_margin_4q_avg": 3.32,
            "net_income": 817366,
            "net_income_4q": null,
            "revenue": 96190729,
            "revenue_4q": null,
            "common_shares": 5903358,
            "book_valuer_per_share": 39.81,
            "book_valuer_per_share_4q_avg": 39.87,
            "equity": 23504241,
            "current_ratio": 126.64,
            "debt_ratio": 77.13,
            "inventory_turnover_ratio": 2.14,
            "account_receivable_turnover_ratio": 2.33,
            "reinvestment_rate": 2.75,
            "research_to_sale_ratio": 0.13,
            "price_fair": 157.5,
            "eps_avg_yearly": 4.5,
            "eps_latest_yearly": 5.52,
            "eps_growth_yearly": 50.6
        },
        "20194": {
            "year_quarter": 20194,
            "year": 2019,
            "quarter": 4,
            "eps": 1.2,
            "eps_growth_year": 12.91,
            "eps_4q": 4.28,
            "eps_4q_growth_year": -14.11,
            "roe": 3.01,
            "roe_4q": 10.969999999999999,
            "gross_profit": 2813984,
            "gross_margin": 2.91,
            "gross_margin_4q_avg": 3.26,
            "net_income": 706969,
            "net_income_4q": null,
            "revenue": 96774216,
            "revenue_4q": null,
            "common_shares": 5903358,
            "book_valuer_per_share": 39.77,
            "book_valuer_per_share_4q_avg": 39.99,
            "equity": 23479136,
            "current_ratio": 127.06,
            "debt_ratio": 76.84,
            "inventory_turnover_ratio": 2.12,
            "account_receivable_turnover_ratio": 2.15,
            "reinvestment_rate": -1.55,
            "research_to_sale_ratio": 0.11,
            "price_fair": 158.11,
            "eps_avg_yearly": 4.52,
            "eps_latest_yearly": 4.8,
            "eps_growth_yearly": 47.55
        },
        "20201": {
            "year_quarter": 20201,
            "year": 2020,
            "quarter": 1,
            "eps": 1.04,
            "eps_growth_year": 55.22,
            "eps_4q": 4.66,
            "eps_4q_growth_year": 5.84,
            "roe": 2.68,
            "roe_4q": 11.940000000000001,
            "gross_profit": 2479498,
            "gross_margin": 3.2,
            "gross_margin_4q_avg": 3.2,
            "net_income": 616107,
            "net_income_4q": null,
            "revenue": 77475659,
            "revenue_4q": null,
            "common_shares": 5914369,
            "book_valuer_per_share": 38.01,
            "book_valuer_per_share_4q_avg": 39.06,
            "equity": 22481007,
            "current_ratio": 123.15,
            "debt_ratio": 79.46,
            "inventory_turnover_ratio": 1.68,
            "account_receivable_turnover_ratio": 1.7,
            "reinvestment_rate": -0.05,
            "research_to_sale_ratio": 0.13,
            "price_fair": 159.34,
            "eps_avg_yearly": 4.55,
            "eps_latest_yearly": 4.16,
            "eps_growth_yearly": 49.31
        },
        "20202": {
            "year_quarter": 20202,
            "year": 2020,
            "quarter": 2,
            "eps": 1.07,
            "eps_growth_year": 0.94,
            "eps_4q": 3.74,
            "eps_4q_growth_year": -14.68,
            "roe": 2.69,
            "roe_4q": 11.919999999999998,
            "gross_profit": 2503004,
            "gross_margin": 3.35,
            "gross_margin_4q_avg": 3.14,
            "net_income": 789294,
            "net_income_4q": null,
            "revenue": 74724186,
            "revenue_4q": null,
            "common_shares": 7636044,
            "book_valuer_per_share": 47.45,
            "book_valuer_per_share_4q_avg": 41.26,
            "equity": 36235473,
            "current_ratio": 125.63,
            "debt_ratio": 68.55,
            "inventory_turnover_ratio": 1.6,
            "account_receivable_turnover_ratio": 1.66,
            "reinvestment_rate": -0.59,
            "research_to_sale_ratio": 0.13,
            "price_fair": 160.56,
            "eps_avg_yearly": 4.59,
            "eps_latest_yearly": 4.28,
            "eps_growth_yearly": 49.2
        },
        "20203": {
            "year_quarter": 20203,
            "year": 2020,
            "quarter": 3,
            "eps": 1.46,
            "eps_growth_year": 5.8,
            "eps_4q": 3.55,
            "eps_4q_growth_year": -13.16,
            "roe": 3.08,
            "roe_4q": 11.459999999999999,
            "gross_profit": 2760604,
            "gross_margin": 3.01,
            "gross_margin_4q_avg": 3.12,
            "net_income": 1151655,
            "net_income_4q": null,
            "revenue": 91862039,
            "revenue_4q": null,
            "common_shares": 7841903,
            "book_valuer_per_share": 47.69,
            "book_valuer_per_share_4q_avg": 43.23,
            "equity": 38644085,
            "current_ratio": 129.17,
            "debt_ratio": 67.07,
            "inventory_turnover_ratio": 2.01,
            "account_receivable_turnover_ratio": 1.97,
            "reinvestment_rate": -1.66,
            "research_to_sale_ratio": 0.1,
            "price_fair": 161.09,
            "eps_avg_yearly": 4.6,
            "eps_latest_yearly": 5.84,
            "eps_growth_yearly": 45.67
        },
        "20204": {
            "year_quarter": 20204,
            "year": 2020,
            "quarter": 4,
            "eps": 1.57,
            "eps_growth_year": 31.34,
            "eps_4q": 4.81,
            "eps_4q_growth_year": 12.48,
            "roe": 2.92,
            "roe_4q": 11.37,
            "gross_profit": 3031316,
            "gross_margin": 2.78,
            "gross_margin_4q_avg": 3.09,
            "net_income": 1237520,
            "net_income_4q": null,
            "revenue": 109090311,
            "revenue_4q": null,
            "common_shares": 7880260,
            "book_valuer_per_share": 49.92,
            "book_valuer_per_share_4q_avg": 45.77,
            "equity": 46116381,
            "current_ratio": 134.47,
            "debt_ratio": 64.8,
            "inventory_turnover_ratio": 2.46,
            "account_receivable_turnover_ratio": 1.97,
            "reinvestment_rate": 0.38,
            "research_to_sale_ratio": 0.09,
            "price_fair": 171.15,
            "eps_avg_yearly": 4.89,
            "eps_latest_yearly": 6.28,
            "eps_growth_yearly": 65.06
        },
        "20211": {
            "year_quarter": 20211,
            "year": 2021,
            "quarter": 1,
            "eps": 1.92,
            "eps_growth_year": 84.62,
            "eps_4q": 5.92,
            "eps_4q_growth_year": 27.13,
            "roe": 3.2,
            "roe_4q": 11.889999999999999,
            "gross_profit": 3465505,
            "gross_margin": 3.55,
            "gross_margin_4q_avg": 3.17,
            "net_income": 1495654,
            "net_income_4q": null,
            "revenue": 97646378,
            "revenue_4q": null,
            "common_shares": 7912237,
            "book_valuer_per_share": 51,
            "book_valuer_per_share_4q_avg": 49.02,
            "equity": 47260282,
            "current_ratio": 134.05,
            "debt_ratio": 65.11,
            "inventory_turnover_ratio": 2.01,
            "account_receivable_turnover_ratio": 1.63,
            "reinvestment_rate": -3,
            "research_to_sale_ratio": 0.14,
            "price_fair": 178.68,
            "eps_avg_yearly": 5.11,
            "eps_latest_yearly": 7.68,
            "eps_growth_yearly": 32.54
        },
        "20212": {
            "year_quarter": 20212,
            "year": 2021,
            "quarter": 2,
            "eps": 2.54,
            "eps_growth_year": 137.38,
            "eps_4q": 7.47,
            "eps_4q_growth_year": 100.08,
            "roe": 4.22,
            "roe_4q": 13.42,
            "gross_profit": 4203025,
            "gross_margin": 4.12,
            "gross_margin_4q_avg": 3.37,
            "net_income": 1998085,
            "net_income_4q": null,
            "revenue": 102096389,
            "revenue_4q": null,
            "common_shares": 7912769,
            "book_valuer_per_share": 51.13,
            "book_valuer_per_share_4q_avg": 49.94,
            "equity": 47390604,
            "current_ratio": 132.1,
            "debt_ratio": 66.7,
            "inventory_turnover_ratio": 1.89,
            "account_receivable_turnover_ratio": 1.69,
            "reinvestment_rate": -2.49,
            "research_to_sale_ratio": 0.13,
            "price_fair": 190.84,
            "eps_avg_yearly": 5.45,
            "eps_latest_yearly": 10.16,
            "eps_growth_yearly": 38.49
        },
        "20213": {
            "year_quarter": 20213,
            "year": 2021,
            "quarter": 3,
            "eps": 2.85,
            "eps_growth_year": 95.21,
            "eps_4q": 8.84,
            "eps_4q_growth_year": 148.93,
            "roe": 4.69,
            "roe_4q": 15.03,
            "gross_profit": 4612053,
            "gross_margin": 3.87,
            "gross_margin_4q_avg": 3.58,
            "net_income": 2280653,
            "net_income_4q": null,
            "revenue": 119104670,
            "revenue_4q": null,
            "common_shares": 7943919,
            "book_valuer_per_share": 53.75,
            "book_valuer_per_share_4q_avg": 51.45,
            "equity": 49804610,
            "current_ratio": 129.72,
            "debt_ratio": 70.71,
            "inventory_turnover_ratio": 1.91,
            "account_receivable_turnover_ratio": 1.73,
            "reinvestment_rate": -1.71,
            "research_to_sale_ratio": 0.12,
            "price_fair": 201.69,
            "eps_avg_yearly": 5.76,
            "eps_latest_yearly": 11.4,
            "eps_growth_yearly": 31.54
        },
        "20214": {
            "year_quarter": 20214,
            "year": 2021,
            "quarter": 4,
            "eps": 2.63,
            "eps_growth_year": 67.23,
            "eps_4q": 9.87,
            "eps_4q_growth_year": 105.02,
            "roe": 4.01,
            "roe_4q": 16.119999999999997,
            "gross_profit": 4706056,
            "gross_margin": 3.65,
            "gross_margin_4q_avg": 3.8,
            "net_income": 2080776,
            "net_income_4q": null,
            "revenue": 129048680,
            "revenue_4q": null,
            "common_shares": 7977068,
            "book_valuer_per_share": 57.65,
            "book_valuer_per_share_4q_avg": 53.38,
            "equity": 53860308,
            "current_ratio": 134.86,
            "debt_ratio": 68.93,
            "inventory_turnover_ratio": 1.88,
            "account_receivable_turnover_ratio": 1.71,
            "reinvestment_rate": -2,
            "research_to_sale_ratio": 0.15,
            "price_fair": 213.59,
            "eps_avg_yearly": 6.1,
            "eps_latest_yearly": 10.52,
            "eps_growth_yearly": 34.89
        },
        "20221": {
            "year_quarter": 20221,
            "year": 2022,
            "quarter": 1,
            "eps": 2.77,
            "eps_growth_year": 44.27,
            "eps_4q": 10.71,
            "eps_4q_growth_year": 80.82,
            "roe": 3.92,
            "roe_4q": 16.84,
            "gross_profit": 4867373,
            "gross_margin": 3.8,
            "gross_margin_4q_avg": 3.86,
            "net_income": 2192566,
            "net_income_4q": null,
            "revenue": 127943059,
            "revenue_4q": null,
            "common_shares": 8027946,
            "book_valuer_per_share": 61.8,
            "book_valuer_per_share_4q_avg": 56.08,
            "equity": 58030463,
            "current_ratio": 139.14,
            "debt_ratio": 68.1,
            "inventory_turnover_ratio": 1.78,
            "account_receivable_turnover_ratio": 1.68,
            "reinvestment_rate": 0.9,
            "research_to_sale_ratio": 0.13,
            "price_fair": 228.64,
            "eps_avg_yearly": 6.53,
            "eps_latest_yearly": 11.08,
            "eps_growth_yearly": 40.55
        },
        "20222": {
            "year_quarter": 20222,
            "year": 2022,
            "quarter": 2,
            "eps": 2.25,
            "eps_growth_year": -11.42,
            "eps_4q": 10,
            "eps_4q_growth_year": 33.81,
            "roe": 3.9,
            "roe_4q": 16.52,
            "gross_profit": 5016529,
            "gross_margin": 3.86,
            "gross_margin_4q_avg": 3.8,
            "net_income": 2195692,
            "net_income_4q": null,
            "revenue": 130120724,
            "revenue_4q": null,
            "common_shares": 8836492,
            "book_valuer_per_share": 53.5,
            "book_valuer_per_share_4q_avg": 56.68,
            "equity": 54561503,
            "current_ratio": 143.53,
            "debt_ratio": 72.05,
            "inventory_turnover_ratio": 1.6,
            "account_receivable_turnover_ratio": 1.61,
            "reinvestment_rate": 0.6,
            "research_to_sale_ratio": 0.12,
            "price_fair": 238.53,
            "eps_avg_yearly": 6.82,
            "eps_latest_yearly": 9,
            "eps_growth_yearly": 34.19
        },
        "20223": {
            "year_quarter": 20223,
            "year": 2022,
            "quarter": 3,
            "eps": 2.34,
            "eps_growth_year": -17.89,
            "eps_4q": 9.72,
            "eps_4q_growth_year": 9.97,
            "roe": 3.69,
            "roe_4q": 15.52,
            "gross_profit": 4959370,
            "gross_margin": 3.19,
            "gross_margin_4q_avg": 3.63,
            "net_income": 2058565,
            "net_income_4q": null,
            "revenue": 155668796,
            "revenue_4q": null,
            "common_shares": 8835792,
            "book_valuer_per_share": 54.86,
            "book_valuer_per_share_4q_avg": 56.95,
            "equity": 56999486,
            "current_ratio": 141.43,
            "debt_ratio": 74.83,
            "inventory_turnover_ratio": 1.61,
            "account_receivable_turnover_ratio": 1.7,
            "reinvestment_rate": 0.54,
            "research_to_sale_ratio": 0.1,
            "price_fair": 210.2,
            "eps_avg_yearly": 6.95,
            "eps_latest_yearly": 9.36,
            "eps_growth_yearly": 20.23
        },
        "20224": {
            "year_quarter": 20224,
            "year": 2022,
            "quarter": 4,
            "eps": 1.3,
            "eps_growth_year": -50.49,
            "eps_4q": 8.64,
            "eps_4q_growth_year": -12.48,
            "roe": 2.06,
            "roe_4q": 13.57,
            "gross_profit": 4988883,
            "gross_margin": 3.17,
            "gross_margin_4q_avg": 3.51,
            "net_income": 1153541,
            "net_income_4q": null,
            "revenue": 157464539,
            "revenue_4q": null,
            "common_shares": 8835297,
            "book_valuer_per_share": 53.12,
            "book_valuer_per_share_4q_avg": 55.82,
            "equity": 54974321,
            "current_ratio": 147.14,
            "debt_ratio": 72.54,
            "inventory_turnover_ratio": 1.58,
            "account_receivable_turnover_ratio": 1.72,
            "reinvestment_rate": 0.4,
            "research_to_sale_ratio": 0.12,
            "price_fair": 205.59,
            "eps_avg_yearly": 7.01,
            "eps_latest_yearly": 5.2,
            "eps_growth_yearly": 19.32
        },
        "20231": {
            "year_quarter": 20231,
            "year": 2023,
            "quarter": 1,
            "eps": 0.82,
            "eps_growth_year": -70.4,
            "eps_4q": 6.92,
            "eps_4q_growth_year": -35.4,
            "roe": 1.29,
            "roe_4q": 10.94,
            "gross_profit": 4143227,
            "gross_margin": 3.45,
            "gross_margin_4q_avg": 3.42,
            "net_income": 739504,
            "net_income_4q": null,
            "revenue": 120103158,
            "revenue_4q": null,
            "common_shares": 8835012,
            "book_valuer_per_share": 58.03,
            "book_valuer_per_share_4q_avg": 54.88,
            "equity": 59984557,
            "current_ratio": 152.55,
            "debt_ratio": 68.23,
            "inventory_turnover_ratio": 1.28,
            "account_receivable_turnover_ratio": 1.57,
            "reinvestment_rate": 0.6,
            "research_to_sale_ratio": 0.13,
            "price_fair": 206.46,
            "eps_avg_yearly": 7.05,
            "eps_latest_yearly": 3.28,
            "eps_growth_yearly": 19.29
        },
        "20232": {
            "year_quarter": 20232,
            "year": 2023,
            "quarter": 2,
            "eps": 0.79,
            "eps_growth_year": -64.89,
            "eps_4q": 5.52,
            "eps_4q_growth_year": -44.81,
            "roe": 1.7,
            "roe_4q": 8.74,
            "gross_profit": 4205556,
            "gross_margin": 3.58,
            "gross_margin_4q_avg": 3.35,
            "net_income": 999964,
            "net_income_4q": null,
            "revenue": 117459847,
            "revenue_4q": null,
            "common_shares": 8865267,
            "book_valuer_per_share": 55.32,
            "book_valuer_per_share_4q_avg": 55.33,
            "equity": 57434198,
            "current_ratio": 141.47,
            "debt_ratio": 70.17,
            "inventory_turnover_ratio": 1.23,
            "account_receivable_turnover_ratio": 1.72,
            "reinvestment_rate": 1.87,
            "research_to_sale_ratio": 0.14,
            "price_fair": 96.49,
            "eps_avg_yearly": 6.98,
            "eps_latest_yearly": 3.16,
            "eps_growth_yearly": 3.82
        },
        "20233": {
            "year_quarter": 20233,
            "year": 2023,
            "quarter": 3,
            "eps": 1.45,
            "eps_growth_year": -38.03,
            "eps_4q": 4.64,
            "eps_4q_growth_year": -52.28,
            "roe": 2.13,
            "roe_4q": 7.18,
            "gross_profit": 5061271,
            "gross_margin": 3.03,
            "gross_margin_4q_avg": 3.31,
            "net_income": 1272719,
            "net_income_4q": null,
            "revenue": 167259801,
            "revenue_4q": null,
            "common_shares": 8867972,
            "book_valuer_per_share": 59.86,
            "book_valuer_per_share_4q_avg": 56.58,
            "equity": 62118729,
            "current_ratio": 130.57,
            "debt_ratio": 72.88,
            "inventory_turnover_ratio": 1.73,
            "account_receivable_turnover_ratio": 1.97,
            "reinvestment_rate": 2.28,
            "research_to_sale_ratio": 0.11,
            "price_fair": 190.1,
            "eps_avg_yearly": 7,
            "eps_latest_yearly": 5.8,
            "eps_growth_yearly": 17.16
        },
        "20234": {
            "year_quarter": 20234,
            "year": 2023,
            "quarter": 4,
            "eps": 0.73,
            "eps_growth_year": -43.86,
            "eps_4q": 2.81,
            "eps_4q_growth_year": -67.52,
            "roe": 1.44,
            "roe_4q": 6.56,
            "gross_profit": 4996210,
            "gross_margin": 2.63,
            "gross_margin_4q_avg": 3.17,
            "net_income": 966647,
            "net_income_4q": null,
            "revenue": 189696007,
            "revenue_4q": null,
            "common_shares": 8873017,
            "book_valuer_per_share": 65.88,
            "book_valuer_per_share_4q_avg": 59.77,
            "equity": 71945652,
            "current_ratio": 134.21,
            "debt_ratio": 72.87,
            "inventory_turnover_ratio": 1.95,
            "account_receivable_turnover_ratio": 1.78,
            "reinvestment_rate": 2.14,
            "research_to_sale_ratio": 0.12,
            "price_fair": 123.92,
            "eps_avg_yearly": 6.88,
            "eps_latest_yearly": 2.92,
            "eps_growth_yearly": 8
        }
    },
    "months": {
        "2002-08": {
            "month": "2002-08",
            "price": "40.86",
            "revenue": 764099
        },
        "2002-09": {
            "month": "2002-09",
            "price": "34.80",
            "revenue": 778911
        },
        "2002-10": {
            "month": "2002-10",
            "price": "32.79",
            "revenue": 851982
        },
        "2002-11": {
            "month": "2002-11",
            "price": "36.79",
            "revenue": 830503
        },
        "2002-12": {
            "month": "2002-12",
            "price": "33.59",
            "revenue": 625977
        },
        "2003-01": {
            "month": "2003-01",
            "price": "31.93",
            "revenue": 817966
        },
        "2003-02": {
            "month": "2003-02",
            "price": "30.45",
            "revenue": 688494
        },
        "2003-03": {
            "month": "2003-03",
            "price": "29.21",
            "revenue": 757506
        },
        "2003-04": {
            "month": "2003-04",
            "price": "30.64",
            "revenue": 906314
        },
        "2003-05": {
            "month": "2003-05",
            "price": "31.16",
            "revenue": 729945
        },
        "2003-06": {
            "month": "2003-06",
            "price": "36.67",
            "revenue": 750482
        },
        "2003-07": {
            "month": "2003-07",
            "price": "37.74",
            "revenue": 917792
        },
        "2003-08": {
            "month": "2003-08",
            "price": "35.92",
            "revenue": 1034723
        },
        "2003-09": {
            "month": "2003-09",
            "price": "30.89",
            "revenue": 1123964
        },
        "2003-10": {
            "month": "2003-10",
            "price": "30.62",
            "revenue": 1259395
        },
        "2003-11": {
            "month": "2003-11",
            "price": "33.08",
            "revenue": 936302
        },
        "2003-12": {
            "month": "2003-12",
            "price": "32.07",
            "revenue": 882742
        },
        "2004-01": {
            "month": "2004-01",
            "price": "31.63",
            "revenue": 1249467
        },
        "2004-02": {
            "month": "2004-02",
            "price": "33.58",
            "revenue": 1306099
        },
        "2004-03": {
            "month": "2004-03",
            "price": "32.80",
            "revenue": 1664935
        },
        "2004-04": {
            "month": "2004-04",
            "price": "35.10",
            "revenue": 1743281
        },
        "2004-05": {
            "month": "2004-05",
            "price": "31.73",
            "revenue": 1312128
        },
        "2004-06": {
            "month": "2004-06",
            "price": "29.11",
            "revenue": 1309830
        },
        "2004-07": {
            "month": "2004-07",
            "price": "25.15",
            "revenue": 1665421
        },
        "2004-08": {
            "month": "2004-08",
            "price": "22.40",
            "revenue": 1181769
        },
        "2004-09": {
            "month": "2004-09",
            "price": "22.26",
            "revenue": 1616794
        },
        "2004-10": {
            "month": "2004-10",
            "price": "21.11",
            "revenue": 1811108
        },
        "2004-11": {
            "month": "2004-11",
            "price": "21.40",
            "revenue": 1340637
        },
        "2004-12": {
            "month": "2004-12",
            "price": "21.33",
            "revenue": 1486031
        },
        "2005-01": {
            "month": "2005-01",
            "price": "19.66",
            "revenue": 2435893
        },
        "2005-02": {
            "month": "2005-02",
            "price": "21.63",
            "revenue": 1158968
        },
        "2005-03": {
            "month": "2005-03",
            "price": "22.62",
            "revenue": 2213899
        },
        "2005-04": {
            "month": "2005-04",
            "price": "21.56",
            "revenue": 2372792
        },
        "2005-05": {
            "month": "2005-05",
            "price": "19.07",
            "revenue": 1986564
        },
        "2005-06": {
            "month": "2005-06",
            "price": "20.49",
            "revenue": 1789885
        },
        "2005-07": {
            "month": "2005-07",
            "price": "21.54",
            "revenue": 2429533
        },
        "2005-08": {
            "month": "2005-08",
            "price": "18.84",
            "revenue": 2251320
        },
        "2005-09": {
            "month": "2005-09",
            "price": "15.31",
            "revenue": 2543122
        },
        "2005-10": {
            "month": "2005-10",
            "price": "15.17",
            "revenue": 2822380
        },
        "2005-11": {
            "month": "2005-11",
            "price": "14.37",
            "revenue": 2442337
        },
        "2005-12": {
            "month": "2005-12",
            "price": "15.40",
            "revenue": 2073775
        },
        "2006-01": {
            "month": "2006-01",
            "price": "15.34",
            "revenue": 2741332
        },
        "2006-02": {
            "month": "2006-02",
            "price": "14.99",
            "revenue": 1846211
        },
        "2006-03": {
            "month": "2006-03",
            "price": "14.92",
            "revenue": 2715971
        },
        "2006-04": {
            "month": "2006-04",
            "price": "18.48",
            "revenue": 2772916
        },
        "2006-05": {
            "month": "2006-05",
            "price": "23.93",
            "revenue": 2330061
        },
        "2006-06": {
            "month": "2006-06",
            "price": "20.12",
            "revenue": 2465913
        },
        "2006-07": {
            "month": "2006-07",
            "price": "22.15",
            "revenue": 3247570
        },
        "2006-08": {
            "month": "2006-08",
            "price": "22.96",
            "revenue": 2940122
        },
        "2006-09": {
            "month": "2006-09",
            "price": "22.63",
            "revenue": 3321350
        },
        "2006-10": {
            "month": "2006-10",
            "price": "23.30",
            "revenue": 3415867
        },
        "2006-11": {
            "month": "2006-11",
            "price": "25.72",
            "revenue": 3034397
        },
        "2006-12": {
            "month": "2006-12",
            "price": "29.87",
            "revenue": 2524076
        },
        "2007-01": {
            "month": "2007-01",
            "price": "32.34",
            "revenue": 3389573
        },
        "2007-02": {
            "month": "2007-02",
            "price": "32.36",
            "revenue": 2084683
        },
        "2007-03": {
            "month": "2007-03",
            "price": "31.71",
            "revenue": 3606837
        },
        "2007-04": {
            "month": "2007-04",
            "price": "33.17",
            "revenue": 3585586
        },
        "2007-05": {
            "month": "2007-05",
            "price": "32.96",
            "revenue": 2856940
        },
        "2007-06": {
            "month": "2007-06",
            "price": "35.08",
            "revenue": 3079117
        },
        "2007-07": {
            "month": "2007-07",
            "price": "41.41",
            "revenue": 3522930
        },
        "2007-08": {
            "month": "2007-08",
            "price": "41.64",
            "revenue": 3652441
        },
        "2007-09": {
            "month": "2007-09",
            "price": "42.67",
            "revenue": 3856706
        },
        "2007-10": {
            "month": "2007-10",
            "price": "41.49",
            "revenue": 3547648
        },
        "2007-11": {
            "month": "2007-11",
            "price": "35.26",
            "revenue": 3279706
        },
        "2007-12": {
            "month": "2007-12",
            "price": "32.12",
            "revenue": 2913911
        },
        "2008-01": {
            "month": "2008-01",
            "price": "30.01",
            "revenue": 3527308
        },
        "2008-02": {
            "month": "2008-02",
            "price": "30.33",
            "revenue": 2336908
        },
        "2008-03": {
            "month": "2008-03",
            "price": "31.77",
            "revenue": 3112937
        },
        "2008-04": {
            "month": "2008-04",
            "price": "34.40",
            "revenue": 3653370
        },
        "2008-05": {
            "month": "2008-05",
            "price": "35.65",
            "revenue": 3639425
        },
        "2008-06": {
            "month": "2008-06",
            "price": "31.39",
            "revenue": 3489700
        },
        "2008-07": {
            "month": "2008-07",
            "price": "27.45",
            "revenue": 3690746
        },
        "2008-08": {
            "month": "2008-08",
            "price": "25.31",
            "revenue": 3706250
        },
        "2008-09": {
            "month": "2008-09",
            "price": "19.57",
            "revenue": 4055612
        },
        "2008-10": {
            "month": "2008-10",
            "price": "17.19",
            "revenue": 3739167
        },
        "2008-11": {
            "month": "2008-11",
            "price": "13.17",
            "revenue": 2808265
        },
        "2008-12": {
            "month": "2008-12",
            "price": "12.68",
            "revenue": 2993148
        },
        "2009-01": {
            "month": "2009-01",
            "price": "12.91",
            "revenue": 2481263
        },
        "2009-02": {
            "month": "2009-02",
            "price": "12.90",
            "revenue": 3164400
        },
        "2009-03": {
            "month": "2009-03",
            "price": "14.95",
            "revenue": 3561439
        },
        "2009-04": {
            "month": "2009-04",
            "price": "17.41",
            "revenue": 3669987
        },
        "2009-05": {
            "month": "2009-05",
            "price": "18.47",
            "revenue": 3586986
        },
        "2009-06": {
            "month": "2009-06",
            "price": "17.82",
            "revenue": 3920042
        },
        "2009-07": {
            "month": "2009-07",
            "price": "19.93",
            "revenue": 4116423
        },
        "2009-08": {
            "month": "2009-08",
            "price": "22.54",
            "revenue": 4331943
        },
        "2009-09": {
            "month": "2009-09",
            "price": "23.17",
            "revenue": 5029653
        },
        "2009-10": {
            "month": "2009-10",
            "price": "23.61",
            "revenue": 4116963
        },
        "2009-11": {
            "month": "2009-11",
            "price": "23.13",
            "revenue": 4957562
        },
        "2009-12": {
            "month": "2009-12",
            "price": "25.67",
            "revenue": 4549310
        },
        "2010-01": {
            "month": "2010-01",
            "price": "25.82",
            "revenue": 4710310
        },
        "2010-02": {
            "month": "2010-02",
            "price": "24.23",
            "revenue": 3951960
        },
        "2010-03": {
            "month": "2010-03",
            "price": "28.36",
            "revenue": 6151291
        },
        "2010-04": {
            "month": "2010-04",
            "price": "34.46",
            "revenue": 5381026
        },
        "2010-05": {
            "month": "2010-05",
            "price": "35.21",
            "revenue": 5497463
        },
        "2010-06": {
            "month": "2010-06",
            "price": "34.63",
            "revenue": 5327981
        },
        "2010-07": {
            "month": "2010-07",
            "price": "37.50",
            "revenue": 5812835
        },
        "2010-08": {
            "month": "2010-08",
            "price": "37.96",
            "revenue": 5826173
        },
        "2010-09": {
            "month": "2010-09",
            "price": "41.29",
            "revenue": 5556710
        },
        "2010-10": {
            "month": "2010-10",
            "price": "45.13",
            "revenue": 5073068
        },
        "2010-11": {
            "month": "2010-11",
            "price": "46.04",
            "revenue": 5301917
        },
        "2010-12": {
            "month": "2010-12",
            "price": "47.50",
            "revenue": 5080733
        },
        "2011-01": {
            "month": "2011-01",
            "price": "45.84",
            "revenue": 5975840
        },
        "2011-02": {
            "month": "2011-02",
            "price": "45.79",
            "revenue": 4716276
        },
        "2011-03": {
            "month": "2011-03",
            "price": "44.55",
            "revenue": 6664660
        },
        "2011-04": {
            "month": "2011-04",
            "price": "46.45",
            "revenue": 6493207
        },
        "2011-05": {
            "month": "2011-05",
            "price": "52.14",
            "revenue": 6078368
        },
        "2011-06": {
            "month": "2011-06",
            "price": "55.07",
            "revenue": 5690702
        },
        "2011-07": {
            "month": "2011-07",
            "price": "53.83",
            "revenue": 5677228
        },
        "2011-08": {
            "month": "2011-08",
            "price": "49.22",
            "revenue": 5917920
        },
        "2011-09": {
            "month": "2011-09",
            "price": "42.55",
            "revenue": 6082663
        },
        "2011-10": {
            "month": "2011-10",
            "price": "38.88",
            "revenue": 5699806
        },
        "2011-11": {
            "month": "2011-11",
            "price": "38.94",
            "revenue": 6036429
        },
        "2011-12": {
            "month": "2011-12",
            "price": "38.05",
            "revenue": 5647070
        },
        "2012-01": {
            "month": "2012-01",
            "price": "40.12",
            "revenue": 4963991
        },
        "2012-02": {
            "month": "2012-02",
            "price": "43.73",
            "revenue": 6337090
        },
        "2012-03": {
            "month": "2012-03",
            "price": "45.11",
            "revenue": 6749714
        },
        "2012-04": {
            "month": "2012-04",
            "price": "41.91",
            "revenue": 6440287
        },
        "2012-05": {
            "month": "2012-05",
            "price": "38.66",
            "revenue": 6975079
        },
        "2012-06": {
            "month": "2012-06",
            "price": "38.88",
            "revenue": 6613775
        },
        "2012-07": {
            "month": "2012-07",
            "price": "39.31",
            "revenue": 6948658
        },
        "2012-08": {
            "month": "2012-08",
            "price": "35.58",
            "revenue": 7314698
        },
        "2012-09": {
            "month": "2012-09",
            "price": "35.90",
            "revenue": 7538412
        },
        "2012-10": {
            "month": "2012-10",
            "price": "36.11",
            "revenue": 6646348
        },
        "2012-11": {
            "month": "2012-11",
            "price": "34.66",
            "revenue": 7160162
        },
        "2012-12": {
            "month": "2012-12",
            "price": "35.32",
            "revenue": 6663065
        },
        "2013-01": {
            "month": "2013-01",
            "price": "36.41",
            "revenue": 7637910
        },
        "2013-02": {
            "month": "2013-02",
            "price": "36.22",
            "revenue": 5352700
        },
        "2013-03": {
            "month": "2013-03",
            "price": "34.88",
            "revenue": 7025454
        },
        "2013-04": {
            "month": "2013-04",
            "price": "34.94",
            "revenue": 7171149
        },
        "2013-05": {
            "month": "2013-05",
            "price": "35.22",
            "revenue": 7407522
        },
        "2013-06": {
            "month": "2013-06",
            "price": "34.76",
            "revenue": 6439975
        },
        "2013-07": {
            "month": "2013-07",
            "price": "33.90",
            "revenue": 7298488
        },
        "2013-08": {
            "month": "2013-08",
            "price": "33.26",
            "revenue": 7808565
        },
        "2013-09": {
            "month": "2013-09",
            "price": "33.97",
            "revenue": 8167137
        },
        "2013-10": {
            "month": "2013-10",
            "price": "34.73",
            "revenue": 7663090
        },
        "2013-11": {
            "month": "2013-11",
            "price": "34.74",
            "revenue": 7977230
        },
        "2013-12": {
            "month": "2013-12",
            "price": "35.08",
            "revenue": 7809911
        },
        "2014-01": {
            "month": "2014-01",
            "price": "36.34",
            "revenue": 7869009
        },
        "2014-02": {
            "month": "2014-02",
            "price": "38.40",
            "revenue": 6808217
        },
        "2014-03": {
            "month": "2014-03",
            "price": "38.75",
            "revenue": 8330552
        },
        "2014-04": {
            "month": "2014-04",
            "price": "40.78",
            "revenue": 8768028
        },
        "2014-05": {
            "month": "2014-05",
            "price": "42.82",
            "revenue": 8369608
        },
        "2014-06": {
            "month": "2014-06",
            "price": "44.54",
            "revenue": 8573772
        },
        "2014-07": {
            "month": "2014-07",
            "price": "44.59",
            "revenue": 8802382
        },
        "2014-08": {
            "month": "2014-08",
            "price": "44.49",
            "revenue": 9377743
        },
        "2014-09": {
            "month": "2014-09",
            "price": "48.11",
            "revenue": 10540186
        },
        "2014-10": {
            "month": "2014-10",
            "price": "46.68",
            "revenue": 9825677
        },
        "2014-11": {
            "month": "2014-11",
            "price": "46.93",
            "revenue": 10379817
        },
        "2014-12": {
            "month": "2014-12",
            "price": "46.12",
            "revenue": 10121694
        },
        "2015-01": {
            "month": "2015-01",
            "price": "46.76",
            "revenue": 11137445
        },
        "2015-02": {
            "month": "2015-02",
            "price": "47.68",
            "revenue": 7235161
        },
        "2015-03": {
            "month": "2015-03",
            "price": "48.46",
            "revenue": 10165156
        },
        "2015-04": {
            "month": "2015-04",
            "price": "47.53",
            "revenue": 10007977
        },
        "2015-05": {
            "month": "2015-05",
            "price": "47.33",
            "revenue": 9402254
        },
        "2015-06": {
            "month": "2015-06",
            "price": "46.20",
            "revenue": 9345436
        },
        "2015-07": {
            "month": "2015-07",
            "price": "44.95",
            "revenue": 9305814
        },
        "2015-08": {
            "month": "2015-08",
            "price": "34.42",
            "revenue": 9111071
        },
        "2015-09": {
            "month": "2015-09",
            "price": "33.75",
            "revenue": 10312329
        },
        "2015-10": {
            "month": "2015-10",
            "price": "35.60",
            "revenue": 9075435
        },
        "2015-11": {
            "month": "2015-11",
            "price": "35.46",
            "revenue": 8942414
        },
        "2015-12": {
            "month": "2015-12",
            "price": "35.21",
            "revenue": 9557703
        },
        "2016-01": {
            "month": "2016-01",
            "price": "34.05",
            "revenue": 10283979
        },
        "2016-02": {
            "month": "2016-02",
            "price": "37.48",
            "revenue": 7045231
        },
        "2016-03": {
            "month": "2016-03",
            "price": "38.72",
            "revenue": 9899840
        },
        "2016-04": {
            "month": "2016-04",
            "price": "38.82",
            "revenue": 9479171
        },
        "2016-05": {
            "month": "2016-05",
            "price": "39.61",
            "revenue": 10150743
        },
        "2016-06": {
            "month": "2016-06",
            "price": "40.37",
            "revenue": 10511199
        },
        "2016-07": {
            "month": "2016-07",
            "price": "43.15",
            "revenue": 11311785
        },
        "2016-08": {
            "month": "2016-08",
            "price": "42.60",
            "revenue": 14295818
        },
        "2016-09": {
            "month": "2016-09",
            "price": "43.28",
            "revenue": 15717656
        },
        "2016-10": {
            "month": "2016-10",
            "price": "43.56",
            "revenue": 14935650
        },
        "2016-11": {
            "month": "2016-11",
            "price": "44.11",
            "revenue": 15539300
        },
        "2016-12": {
            "month": "2016-12",
            "price": "42.95",
            "revenue": 14977090
        },
        "2017-01": {
            "month": "2017-01",
            "price": "43.12",
            "revenue": 13683907
        },
        "2017-02": {
            "month": "2017-02",
            "price": "45.28",
            "revenue": 11117918
        },
        "2017-03": {
            "month": "2017-03",
            "price": "45.43",
            "revenue": 13576434
        },
        "2017-04": {
            "month": "2017-04",
            "price": "43.66",
            "revenue": 12979401
        },
        "2017-05": {
            "month": "2017-05",
            "price": "44.64",
            "revenue": 13206387
        },
        "2017-06": {
            "month": "2017-06",
            "price": "45.26",
            "revenue": 14177844
        },
        "2017-07": {
            "month": "2017-07",
            "price": "44.88",
            "revenue": 15767209
        },
        "2017-08": {
            "month": "2017-08",
            "price": "47.84",
            "revenue": 16982711
        },
        "2017-09": {
            "month": "2017-09",
            "price": "48.48",
            "revenue": 18083017
        },
        "2017-10": {
            "month": "2017-10",
            "price": "48.39",
            "revenue": 19122933
        },
        "2017-11": {
            "month": "2017-11",
            "price": "47.28",
            "revenue": 20401241
        },
        "2017-12": {
            "month": "2017-12",
            "price": "45.38",
            "revenue": 20320233
        },
        "2018-01": {
            "month": "2018-01",
            "price": "46.32",
            "revenue": 20825982
        },
        "2018-02": {
            "month": "2018-02",
            "price": "46.37",
            "revenue": 11071180
        },
        "2018-03": {
            "month": "2018-03",
            "price": "46.48",
            "revenue": 17737839
        },
        "2018-04": {
            "month": "2018-04",
            "price": "45.95",
            "revenue": 16765946
        },
        "2018-05": {
            "month": "2018-05",
            "price": "45.46",
            "revenue": 18221932
        },
        "2018-06": {
            "month": "2018-06",
            "price": "45.29",
            "revenue": 18260576
        },
        "2018-07": {
            "month": "2018-07",
            "price": "44.26",
            "revenue": 18839336
        },
        "2018-08": {
            "month": "2018-08",
            "price": "44.04",
            "revenue": 30890551
        },
        "2018-09": {
            "month": "2018-09",
            "price": "43.02",
            "revenue": 35040619
        },
        "2018-10": {
            "month": "2018-10",
            "price": "40.62",
            "revenue": 31632249
        },
        "2018-11": {
            "month": "2018-11",
            "price": "39.95",
            "revenue": 31422889
        },
        "2018-12": {
            "month": "2018-12",
            "price": "39.47",
            "revenue": 22707386
        },
        "2019-01": {
            "month": "2019-01",
            "price": "39.71",
            "revenue": 26182710
        },
        "2019-02": {
            "month": "2019-02",
            "price": "40.73",
            "revenue": 18647002
        },
        "2019-03": {
            "month": "2019-03",
            "price": "40.16",
            "revenue": 22644495
        },
        "2019-04": {
            "month": "2019-04",
            "price": "40.90",
            "revenue": 24649113
        },
        "2019-05": {
            "month": "2019-05",
            "price": "38.99",
            "revenue": 25348882
        },
        "2019-06": {
            "month": "2019-06",
            "price": "39.18",
            "revenue": 24750004
        },
        "2019-07": {
            "month": "2019-07",
            "price": "40.50",
            "revenue": 30244072
        },
        "2019-08": {
            "month": "2019-08",
            "price": "39.97",
            "revenue": 31166267
        },
        "2019-09": {
            "month": "2019-09",
            "price": "39.11",
            "revenue": 34780390
        },
        "2019-10": {
            "month": "2019-10",
            "price": "35.68",
            "revenue": 36441369
        },
        "2019-11": {
            "month": "2019-11",
            "price": "39.49",
            "revenue": 33372527
        },
        "2019-12": {
            "month": "2019-12",
            "price": "41.47",
            "revenue": 26960320
        },
        "2020-01": {
            "month": "2020-01",
            "price": "41.58",
            "revenue": 24737890
        },
        "2020-02": {
            "month": "2020-02",
            "price": "38.12",
            "revenue": 17367081
        },
        "2020-03": {
            "month": "2020-03",
            "price": "35.82",
            "revenue": 35370688
        },
        "2020-04": {
            "month": "2020-04",
            "price": "36.82",
            "revenue": 27879410
        },
        "2020-05": {
            "month": "2020-05",
            "price": "38.66",
            "revenue": 23084468
        },
        "2020-06": {
            "month": "2020-06",
            "price": "39.07",
            "revenue": 23760308
        },
        "2020-07": {
            "month": "2020-07",
            "price": "41.43",
            "revenue": 28050163
        },
        "2020-08": {
            "month": "2020-08",
            "price": "41.40",
            "revenue": 27435829
        },
        "2020-09": {
            "month": "2020-09",
            "price": "37.71",
            "revenue": 36376047
        },
        "2020-10": {
            "month": "2020-10",
            "price": "37.30",
            "revenue": 34693002
        },
        "2020-11": {
            "month": "2020-11",
            "price": "38.74",
            "revenue": 39085713
        },
        "2020-12": {
            "month": "2020-12",
            "price": "40.51",
            "revenue": 35311596
        },
        "2021-01": {
            "month": "2021-01",
            "price": "41.40",
            "revenue": 37531203
        },
        "2021-02": {
            "month": "2021-02",
            "price": "42.97",
            "revenue": 26333814
        },
        "2021-03": {
            "month": "2021-03",
            "price": "45.86",
            "revenue": 33781360
        },
        "2021-04": {
            "month": "2021-04",
            "price": "49.19",
            "revenue": 35794148
        },
        "2021-05": {
            "month": "2021-05",
            "price": "51.94",
            "revenue": 33061931
        },
        "2021-06": {
            "month": "2021-06",
            "price": "54.40",
            "revenue": 33240310
        },
        "2021-07": {
            "month": "2021-07",
            "price": "60.34",
            "revenue": 36346555
        },
        "2021-08": {
            "month": "2021-08",
            "price": "60.76",
            "revenue": 40457022
        },
        "2021-09": {
            "month": "2021-09",
            "price": "61.94",
            "revenue": 42301092
        },
        "2021-10": {
            "month": "2021-10",
            "price": "60.72",
            "revenue": 36792688
        },
        "2021-11": {
            "month": "2021-11",
            "price": "64.51",
            "revenue": 47004427
        },
        "2021-12": {
            "month": "2021-12",
            "price": "65.94",
            "revenue": 45251566
        },
        "2022-01": {
            "month": "2022-01",
            "price": "82.91",
            "revenue": 48248004
        },
        "2022-02": {
            "month": "2022-02",
            "price": "88.33",
            "revenue": 32503720
        },
        "2022-03": {
            "month": "2022-03",
            "price": "83.57",
            "revenue": 47191335
        },
        "2022-04": {
            "month": "2022-04",
            "price": "75.53",
            "revenue": 44346839
        },
        "2022-05": {
            "month": "2022-05",
            "price": "71.17",
            "revenue": 42341754
        },
        "2022-06": {
            "month": "2022-06",
            "price": "74.58",
            "revenue": 43432131
        },
        "2022-07": {
            "month": "2022-07",
            "price": "64.63",
            "revenue": 46816263
        },
        "2022-08": {
            "month": "2022-08",
            "price": "65.73",
            "revenue": 45134755
        },
        "2022-09": {
            "month": "2022-09",
            "price": "61.08",
            "revenue": 63717778
        },
        "2022-10": {
            "month": "2022-10",
            "price": "61.50",
            "revenue": 57528817
        },
        "2022-11": {
            "month": "2022-11",
            "price": "59.86",
            "revenue": 43170029
        },
        "2022-12": {
            "month": "2022-12",
            "price": "62.52",
            "revenue": 56765693
        },
        "2023-01": {
            "month": "2023-01",
            "price": "62.66",
            "revenue": 48997303
        },
        "2023-02": {
            "month": "2023-02",
            "price": "66.25",
            "revenue": 32119077
        },
        "2023-03": {
            "month": "2023-03",
            "price": "66.24",
            "revenue": 38986778
        },
        "2023-04": {
            "month": "2023-04",
            "price": "67.11",
            "revenue": 39986081
        },
        "2023-05": {
            "month": "2023-05",
            "price": "65.96",
            "revenue": 36689920
        },
        "2023-06": {
            "month": "2023-06",
            "price": "67.44",
            "revenue": 40783846
        },
        "2023-07": {
            "month": "2023-07",
            "price": "68.83",
            "revenue": 53994572
        },
        "2023-08": {
            "month": "2023-08",
            "price": "69.55",
            "revenue": 50372285
        },
        "2023-09": {
            "month": "2023-09",
            "price": "85.37",
            "revenue": 62892944
        },
        "2023-10": {
            "month": "2023-10",
            "price": "115.02",
            "revenue": 67633958
        },
        "2023-11": {
            "month": "2023-11",
            "price": "124.25",
            "revenue": 63256184
        },
        "2023-12": {
            "month": "2023-12",
            "price": "115.57",
            "revenue": 58805865
        },
        "2024-01": {
            "month": "2024-01",
            "price": "136.05",
            "revenue": 73696298
        },
        "2024-02": {
            "month": "2024-02",
            "price": "169.73",
            "revenue": 51887629
        }
    }
}
