{
    "summary": {
        "stock_name": "欣興",
        "stock_id": "3037",
        "category": "電子零組件",
        "main_business": "PCB製造",
        "website_url": "http://www.unimicron.com",
        "ceo": "馬光華、蘭庭",
        "pe_ratio": 9,
        "report_year_from": 2001,
        "report_year_to": 2023,
        "age": 22,
        "eps_negative_percentage": 0,
        "eps_growth_avg": {
            "last_all": 19.12,
            "last_2y": 88.99,
            "last_4y": 92.01,
            "last_8y": 40.7,
            "last_12y": 21.45,
            "last_16y": 19.12,
            "last_20y": 19.12,
            "at_2006_last_3y": 34.45,
            "at_2007_last_3y": 39.32,
            "at_2008_last_3y": 6.22,
            "at_2009_last_3y": 11.53,
            "at_2010_last_3y": 12.09,
            "at_2011_last_3y": -0.7,
            "at_2012_last_3y": 6.41,
            "at_2013_last_3y": -21.87,
            "at_2014_last_3y": -45.81,
            "at_2015_last_3y": -49,
            "at_2016_last_3y": -64.99,
            "at_2017_last_3y": -23.44,
            "at_2018_last_3y": 15.71,
            "at_2019_last_3y": 49.59,
            "at_2020_last_3y": 90.02,
            "at_2021_last_3y": 90.02,
            "at_2022_last_3y": 90.02,
            "at_2023_last_3y": 90.02,
            "at_2006_last_all": 22.71,
            "at_2007_last_all": 22.51,
            "at_2008_last_all": 10.83,
            "at_2009_last_all": 15.34,
            "at_2010_last_all": 17.99,
            "at_2011_last_all": 13.22,
            "at_2012_last_all": 9.23,
            "at_2013_last_all": 2.94,
            "at_2014_last_all": -1.64,
            "at_2015_last_all": -4.55,
            "at_2016_last_all": -10.57,
            "at_2017_last_all": -3.66,
            "at_2018_last_all": 2.44,
            "at_2019_last_all": 7.48,
            "at_2020_last_all": 10.61,
            "at_2021_last_all": 15.08,
            "at_2022_last_all": 19.12,
            "at_2023_last_all": 19.12
        },
        "latest_eps": 18.42,
        "latest_price": 167.5,
        "latest_roe": 34.11,
        "latest_gross_margin": 20.56,
        "latest_equity": 100890301,
        "latest_revenue": 26566206,
        "latest_gross_profit": 5462447,
        "latest_net_income": 4192446,
        "latest_debt_ratio": 54.66,
        "latest_current_ratio": 213.02,
        "latest_account_receivable_turnover_ratio": 1.07,
        "latest_inventory_turnover_ratio": 1.83,
        "latest_reinvestment_rate": 103.3,
        "latest_research_to_sale_ratio": 4.27
    },
    "eps_dividends": {
        "1999": {
            "cash": 0,
            "stock": 2,
            "eps": 0
        },
        "2000": {
            "cash": 0,
            "stock": 2,
            "eps": 0
        },
        "2001": {
            "cash": 0,
            "stock": 3,
            "eps": 1.98
        },
        "2002": {
            "cash": 0,
            "stock": 0,
            "eps": 1.5
        },
        "2003": {
            "cash": 0,
            "stock": 0,
            "eps": 1.53
        },
        "2004": {
            "cash": 0,
            "stock": 1,
            "eps": 2.65
        },
        "2005": {
            "cash": 1,
            "stock": 1,
            "eps": 3.33
        },
        "2006": {
            "cash": 1,
            "stock": 0,
            "eps": 4.56
        },
        "2007": {
            "cash": 2,
            "stock": 0,
            "eps": 5.54
        },
        "2008": {
            "cash": 2,
            "stock": 0,
            "eps": 2.26
        },
        "2009": {
            "cash": 1,
            "stock": 0,
            "eps": 3.32
        },
        "2010": {
            "cash": 1,
            "stock": 0,
            "eps": 4.62
        },
        "2011": {
            "cash": 5,
            "stock": 0,
            "eps": 3.25
        },
        "2012": {
            "cash": 0,
            "stock": 0,
            "eps": 2.25
        },
        "2013": {
            "cash": 1,
            "stock": 0,
            "eps": 0.76
        },
        "2014": {
            "cash": 1,
            "stock": 0,
            "eps": 0.33
        },
        "2015": {
            "cash": 1,
            "stock": 0,
            "eps": 0.19
        },
        "2016": {
            "cash": 0,
            "stock": 0,
            "eps": 0.01
        },
        "2017": {
            "cash": 0,
            "stock": 0,
            "eps": 0.28
        },
        "2018": {
            "cash": 1,
            "stock": 0,
            "eps": 1.16
        },
        "2019": {
            "cash": 1,
            "stock": 0,
            "eps": 2.24
        },
        "2020": {
            "cash": 1,
            "stock": 0,
            "eps": 3.74
        },
        "2021": {
            "cash": 1,
            "stock": 0,
            "eps": 9
        },
        "2022": {
            "cash": 3,
            "stock": 0,
            "eps": 20.07
        },
        "2023": {
            "cash": 8,
            "stock": 0,
            "eps": 2.7
        }
    },
    "dividends": {
        "1999-05-27": {
            "cash": 0,
            "stock": 2
        },
        "2000-06-16": {
            "cash": 0,
            "stock": 2
        },
        "2001-05-30": {
            "cash": 0.2,
            "stock": 1.8
        },
        "2001-06-21": {
            "cash": 0.1,
            "stock": 0.7
        },
        "2003-03-25": {
            "cash": 0.26,
            "stock": 0.46
        },
        "2004-03-12": {
            "cash": 0.3,
            "stock": 0.5
        },
        "2005-03-17": {
            "cash": 0.58,
            "stock": 0.58
        },
        "2006-03-09": {
            "cash": 1.2,
            "stock": 0.3
        },
        "2007-03-27": {
            "cash": 1.6,
            "stock": 0.2
        },
        "2008-03-24": {
            "cash": 2.2,
            "stock": 0.1
        },
        "2009-03-20": {
            "cash": 0.7,
            "stock": 0
        },
        "2010-03-18": {
            "cash": 1.4,
            "stock": 0
        },
        "2011-01-01": {
            "cash": 1.5,
            "stock": 0
        },
        "2011-03-24": {
            "cash": 2.6,
            "stock": 0
        },
        "2013-03-28": {
            "cash": 1.1,
            "stock": 0
        },
        "2014-08-21": {
            "cash": 0.6,
            "stock": 0
        },
        "2015-08-20": {
            "cash": 0.5,
            "stock": 0
        },
        "2016-08-19": {
            "cash": 0.3,
            "stock": 0
        },
        "2017-09-01": {
            "cash": 0.3,
            "stock": 0
        },
        "2018-08-24": {
            "cash": 0.5,
            "stock": 0
        },
        "2019-08-23": {
            "cash": 0.8,
            "stock": 0
        },
        "2020-08-13": {
            "cash": 1.1,
            "stock": 0
        },
        "2021-09-28": {
            "cash": 1.4,
            "stock": 0
        },
        "2022-08-12": {
            "cash": 3.4,
            "stock": 0
        },
        "2023-02-21": {
            "cash": 8,
            "stock": 0
        }
    },
    "prices": {
        "200101": "無",
        "200102": "無",
        "200103": "無",
        "200104": "無",
        "200105": "無",
        "200106": "無",
        "200107": "無",
        "200108": "無",
        "200109": "無",
        "200110": "無",
        "200111": "無",
        "200112": "無",
        "200201": "無",
        "200202": "無",
        "200203": "無",
        "200204": "無",
        "200205": "無",
        "200206": "無",
        "200207": "無",
        "200208": "25.80",
        "200209": "24.77",
        "200210": "26.29",
        "200211": "24.88",
        "200212": "21.39",
        "200301": "20.83",
        "200302": "17.09",
        "200303": "15.58",
        "200304": "15.03",
        "200305": "14.83",
        "200306": "19.55",
        "200307": "22.70",
        "200308": "20.91",
        "200309": "23.00",
        "200310": "24.24",
        "200311": "28.10",
        "200312": "27.42",
        "200401": "28.17",
        "200402": "27.66",
        "200403": "25.39",
        "200404": "24.77",
        "200405": "20.70",
        "200406": "20.16",
        "200407": "18.40",
        "200408": "19.63",
        "200409": "21.69",
        "200410": "20.96",
        "200411": "21.49",
        "200412": "21.86",
        "200501": "21.38",
        "200502": "23.61",
        "200503": "24.59",
        "200504": "26.08",
        "200505": "26.12",
        "200506": "27.09",
        "200507": "27.63",
        "200508": "24.25",
        "200509": "22.54",
        "200510": "24.25",
        "200511": "26.59",
        "200512": "34.67",
        "200601": "43.04",
        "200602": "40.71",
        "200603": "43.82",
        "200604": "53.07",
        "200605": "53.43",
        "200606": "43.97",
        "200607": "40.59",
        "200608": "43.96",
        "200609": "44.08",
        "200610": "40.29",
        "200611": "39.41",
        "200612": "42.26",
        "200701": "46.20",
        "200702": "43.11",
        "200703": "42.92",
        "200704": "46.16",
        "200705": "46.52",
        "200706": "49.19",
        "200707": "51.59",
        "200708": "50.51",
        "200709": "54.20",
        "200710": "63.82",
        "200711": "59.54",
        "200712": "56.85",
        "200801": "46.97",
        "200802": "44.91",
        "200803": "43.01",
        "200804": "43.72",
        "200805": "42.85",
        "200806": "38.89",
        "200807": "32.78",
        "200808": "33.10",
        "200809": "29.99",
        "200810": "21.18",
        "200811": "15.23",
        "200812": "14.12",
        "200901": "13.47",
        "200902": "14.64",
        "200903": "18.18",
        "200904": "22.32",
        "200905": "27.66",
        "200906": "25.12",
        "200907": "29.27",
        "200908": "33.49",
        "200909": "37.75",
        "200910": "39.04",
        "200911": "38.82",
        "200912": "42.30",
        "201001": "42.51",
        "201002": "35.80",
        "201003": "39.23",
        "201004": "42.80",
        "201005": "45.39",
        "201006": "47.28",
        "201007": "51.72",
        "201008": "53.33",
        "201009": "54.59",
        "201010": "49.67",
        "201011": "52.73",
        "201012": "57.20",
        "201101": "57.44",
        "201102": "54.91",
        "201103": "51.30",
        "201104": "47.01",
        "201105": "49.15",
        "201106": "50.88",
        "201107": "52.51",
        "201108": "41.35",
        "201109": "42.43",
        "201110": "40.48",
        "201111": "36.13",
        "201112": "33.89",
        "201201": "37.16",
        "201202": "39.14",
        "201203": "38.67",
        "201204": "34.63",
        "201205": "30.52",
        "201206": "32.41",
        "201207": "33.78",
        "201208": "33.72",
        "201209": "34.34",
        "201210": "32.17",
        "201211": "29.45",
        "201212": "30.62",
        "201301": "29.52",
        "201302": "28.64",
        "201303": "29.66",
        "201304": "30.01",
        "201305": "31.40",
        "201306": "29.73",
        "201307": "29.15",
        "201308": "24.37",
        "201309": "25.38",
        "201310": "24.45",
        "201311": "20.84",
        "201312": "21.56",
        "201401": "23.92",
        "201402": "21.91",
        "201403": "22.24",
        "201404": "25.96",
        "201405": "28.25",
        "201406": "28.42",
        "201407": "28.22",
        "201408": "24.52",
        "201409": "23.89",
        "201410": "22.61",
        "201411": "22.61",
        "201412": "23.54",
        "201501": "23.38",
        "201502": "21.40",
        "201503": "21.20",
        "201504": "19.81",
        "201505": "16.96",
        "201506": "15.72",
        "201507": "16.26",
        "201508": "13.01",
        "201509": "13.31",
        "201510": "14.25",
        "201511": "14.83",
        "201512": "14.59",
        "201601": "12.83",
        "201602": "15.75",
        "201603": "16.40",
        "201604": "15.66",
        "201605": "13.53",
        "201606": "14.00",
        "201607": "13.87",
        "201608": "13.05",
        "201609": "13.17",
        "201610": "13.00",
        "201611": "11.95",
        "201612": "12.30",
        "201701": "12.42",
        "201702": "13.65",
        "201703": "15.00",
        "201704": "17.78",
        "201705": "17.59",
        "201706": "17.63",
        "201707": "18.06",
        "201708": "17.57",
        "201709": "17.10",
        "201710": "16.68",
        "201711": "16.81",
        "201712": "16.66",
        "201801": "17.78",
        "201802": "19.88",
        "201803": "19.47",
        "201804": "17.86",
        "201805": "17.20",
        "201806": "17.02",
        "201807": "16.17",
        "201808": "17.15",
        "201809": "18.84",
        "201810": "16.91",
        "201811": "18.03",
        "201812": "22.86",
        "201901": "22.29",
        "201902": "23.83",
        "201903": "27.24",
        "201904": "36.26",
        "201905": "32.13",
        "201906": "32.61",
        "201907": "38.39",
        "201908": "38.50",
        "201909": "44.55",
        "201910": "46.52",
        "201911": "47.43",
        "201912": "43.62",
        "202001": "42.49",
        "202002": "40.80",
        "202003": "33.19",
        "202004": "36.85",
        "202005": "41.84",
        "202006": "45.19",
        "202007": "55.43",
        "202008": "78.41",
        "202009": "75.79",
        "202010": "81.87",
        "202011": "75.66",
        "202012": "84.47",
        "202101": "94.20",
        "202102": "91.88",
        "202103": "90.23",
        "202104": "94.62",
        "202105": "100.99",
        "202106": "126.40",
        "202107": "139.64",
        "202108": "141.05",
        "202109": "143.60",
        "202110": "139.22",
        "202111": "198.36",
        "202112": "224.73",
        "202201": "216.56",
        "202202": "228.18",
        "202203": "234.48",
        "202204": "215.95",
        "202205": "213.19",
        "202206": "180.95",
        "202207": "160.45",
        "202208": "154.89",
        "202209": "130.19",
        "202210": "119.05",
        "202211": "148.00",
        "202212": "139.73",
        "202301": "126.50",
        "202302": "134.19",
        "202303": "137.72",
        "202304": "139.50",
        "202305": "156.65"
    },
    "quarters": {
        "20011": {
            "year_quarter": 20011,
            "year": 2001,
            "quarter": 1,
            "eps": 0.66,
            "eps_growth_year": 50,
            "eps_4q": 2.21,
            "eps_4q_growth_year": 49.28,
            "roe": 3.6,
            "roe_4q": 3.6,
            "gross_profit": 679279,
            "gross_margin": 23.04,
            "gross_margin_4q_avg": 23.04,
            "net_income": 359536,
            "revenue": 2948453,
            "common_shares": 5417343,
            "book_valuer_per_share": 18.77,
            "book_valuer_per_share_4q_avg": 18.77,
            "equity": 10165863,
            "current_ratio": 192.66,
            "debt_ratio": 43.63,
            "inventory_turnover_ratio": 2.96,
            "account_receivable_turnover_ratio": null,
            "reinvestment_rate": null,
            "research_to_sale_ratio": null,
            "price_fair": 0,
            "eps_avg_yearly": 0,
            "eps_latest_yearly": 0,
            "eps_growth_yearly": 0
        },
        "20012": {
            "year_quarter": 20012,
            "year": 2001,
            "quarter": 2,
            "eps": 0.53,
            "eps_growth_year": 1.92,
            "eps_4q": 2.16,
            "eps_4q_growth_year": 53.74,
            "roe": 3.25,
            "roe_4q": 6.85,
            "gross_profit": 525296,
            "gross_margin": 18.62,
            "gross_margin_4q_avg": 20.83,
            "net_income": 341296,
            "revenue": 2820635,
            "common_shares": 5572343,
            "book_valuer_per_share": 19.5,
            "book_valuer_per_share_4q_avg": 19.14,
            "equity": 10865813,
            "current_ratio": 233.8,
            "debt_ratio": 43.09,
            "inventory_turnover_ratio": 3.36,
            "account_receivable_turnover_ratio": null,
            "reinvestment_rate": null,
            "research_to_sale_ratio": null,
            "price_fair": 0,
            "eps_avg_yearly": 0,
            "eps_latest_yearly": 0,
            "eps_growth_yearly": 0
        },
        "20013": {
            "year_quarter": 20013,
            "year": 2001,
            "quarter": 3,
            "eps": 0.51,
            "eps_growth_year": -48.48,
            "eps_4q": 2.16,
            "eps_4q_growth_year": 3.28,
            "roe": 3.05,
            "roe_4q": 9.9,
            "gross_profit": 638851,
            "gross_margin": 20.15,
            "gross_margin_4q_avg": 20.6,
            "net_income": 333783,
            "revenue": 3170673,
            "common_shares": 6522804,
            "book_valuer_per_share": 16.95,
            "book_valuer_per_share_4q_avg": 18.41,
            "equity": 11055583,
            "current_ratio": 212.13,
            "debt_ratio": 44.31,
            "inventory_turnover_ratio": 4.44,
            "account_receivable_turnover_ratio": null,
            "reinvestment_rate": null,
            "research_to_sale_ratio": null,
            "price_fair": 0,
            "eps_avg_yearly": 0,
            "eps_latest_yearly": 0,
            "eps_growth_yearly": 0
        },
        "20014": {
            "year_quarter": 20014,
            "year": 2001,
            "quarter": 4,
            "eps": 0.28,
            "eps_growth_year": -76.47,
            "eps_4q": 1.78,
            "eps_4q_growth_year": -40.11,
            "roe": 1.73,
            "roe_4q": 11.629999999999999,
            "gross_profit": 609340,
            "gross_margin": 20.51,
            "gross_margin_4q_avg": 20.58,
            "net_income": 193071,
            "revenue": 2971041,
            "common_shares": 6528823,
            "book_valuer_per_share": 17.32,
            "book_valuer_per_share_4q_avg": 18.14,
            "equity": 11309541,
            "current_ratio": 159.89,
            "debt_ratio": 47.73,
            "inventory_turnover_ratio": 4.3,
            "account_receivable_turnover_ratio": null,
            "reinvestment_rate": null,
            "research_to_sale_ratio": null,
            "price_fair": 0,
            "eps_avg_yearly": 0,
            "eps_latest_yearly": 0,
            "eps_growth_yearly": 0
        },
        "20021": {
            "year_quarter": 20021,
            "year": 2002,
            "quarter": 1,
            "eps": 0.32,
            "eps_growth_year": -51.52,
            "eps_4q": 1.67,
            "eps_4q_growth_year": -24.48,
            "roe": 1.8,
            "roe_4q": 9.83,
            "gross_profit": 406431,
            "gross_margin": 16.15,
            "gross_margin_4q_avg": 18.86,
            "net_income": 205776,
            "revenue": 2516154,
            "common_shares": 6532321,
            "book_valuer_per_share": 17.64,
            "book_valuer_per_share_4q_avg": 17.85,
            "equity": 11524749,
            "current_ratio": 166.38,
            "debt_ratio": 40.43,
            "inventory_turnover_ratio": 4.13,
            "account_receivable_turnover_ratio": null,
            "reinvestment_rate": null,
            "research_to_sale_ratio": null,
            "price_fair": 44.8,
            "eps_avg_yearly": 1.28,
            "eps_latest_yearly": 1.28,
            "eps_growth_yearly": 57.14
        },
        "20022": {
            "year_quarter": 20022,
            "year": 2002,
            "quarter": 2,
            "eps": 0.34,
            "eps_growth_year": -35.85,
            "eps_4q": 1.46,
            "eps_4q_growth_year": -32.5,
            "roe": 1.92,
            "roe_4q": 8.5,
            "gross_profit": 586669,
            "gross_margin": 19.18,
            "gross_margin_4q_avg": 19,
            "net_income": 222807,
            "revenue": 3058526,
            "common_shares": 6532321,
            "book_valuer_per_share": 17.83,
            "book_valuer_per_share_4q_avg": 17.44,
            "equity": 11644657,
            "current_ratio": 148.67,
            "debt_ratio": 43.14,
            "inventory_turnover_ratio": 4.81,
            "account_receivable_turnover_ratio": null,
            "reinvestment_rate": null,
            "research_to_sale_ratio": null,
            "price_fair": 46.2,
            "eps_avg_yearly": 1.32,
            "eps_latest_yearly": 1.36,
            "eps_growth_yearly": 41.07
        },
        "20023": {
            "year_quarter": 20023,
            "year": 2002,
            "quarter": 3,
            "eps": 0.4,
            "eps_growth_year": -21.57,
            "eps_4q": 1.28,
            "eps_4q_growth_year": -40.72,
            "roe": 2.38,
            "roe_4q": 7.83,
            "gross_profit": 601571,
            "gross_margin": 18.5,
            "gross_margin_4q_avg": 18.59,
            "net_income": 281967,
            "revenue": 3252598,
            "common_shares": 7092853,
            "book_valuer_per_share": 16.95,
            "book_valuer_per_share_4q_avg": 17.44,
            "equity": 12020409,
            "current_ratio": 149.2,
            "debt_ratio": 42.08,
            "inventory_turnover_ratio": 4.71,
            "account_receivable_turnover_ratio": null,
            "reinvestment_rate": null,
            "research_to_sale_ratio": null,
            "price_fair": 49.47,
            "eps_avg_yearly": 1.41,
            "eps_latest_yearly": 1.6,
            "eps_growth_yearly": 50.91
        },
        "20024": {
            "year_quarter": 20024,
            "year": 2002,
            "quarter": 4,
            "eps": 0.44,
            "eps_growth_year": 57.14,
            "eps_4q": 1.45,
            "eps_4q_growth_year": -18.55,
            "roe": 2.54,
            "roe_4q": 8.64,
            "gross_profit": 530231,
            "gross_margin": 15.39,
            "gross_margin_4q_avg": 17.31,
            "net_income": 309482,
            "revenue": 3445346,
            "common_shares": 7094033,
            "book_valuer_per_share": 17.38,
            "book_valuer_per_share_4q_avg": 17.45,
            "equity": 12331977,
            "current_ratio": 195.21,
            "debt_ratio": 51.47,
            "inventory_turnover_ratio": 4.1,
            "account_receivable_turnover_ratio": null,
            "reinvestment_rate": 262.39,
            "research_to_sale_ratio": null,
            "price_fair": 52.5,
            "eps_avg_yearly": 1.5,
            "eps_latest_yearly": 1.76,
            "eps_growth_yearly": 48.18
        },
        "20031": {
            "year_quarter": 20031,
            "year": 2003,
            "quarter": 1,
            "eps": 0.26,
            "eps_growth_year": -18.75,
            "eps_4q": 1.39,
            "eps_4q_growth_year": -16.73,
            "roe": 1.51,
            "roe_4q": 8.35,
            "gross_profit": 404828,
            "gross_margin": 15.26,
            "gross_margin_4q_avg": 17.08,
            "net_income": 187249,
            "revenue": 2653738,
            "common_shares": 7094033,
            "book_valuer_per_share": 17.69,
            "book_valuer_per_share_4q_avg": 17.46,
            "equity": 12546646,
            "current_ratio": 188.46,
            "debt_ratio": 40.25,
            "inventory_turnover_ratio": 2.95,
            "account_receivable_turnover_ratio": null,
            "reinvestment_rate": 151.23,
            "research_to_sale_ratio": null,
            "price_fair": 22.27,
            "eps_avg_yearly": 1.41,
            "eps_latest_yearly": 1.04,
            "eps_growth_yearly": 5.82
        },
        "20032": {
            "year_quarter": 20032,
            "year": 2003,
            "quarter": 2,
            "eps": 0.3,
            "eps_growth_year": -11.76,
            "eps_4q": 1.42,
            "eps_4q_growth_year": -2.68,
            "roe": 1.68,
            "roe_4q": 8.11,
            "gross_profit": 419900,
            "gross_margin": 13.1,
            "gross_margin_4q_avg": 15.56,
            "net_income": 208790,
            "revenue": 3206339,
            "common_shares": 7094033,
            "book_valuer_per_share": 17.34,
            "book_valuer_per_share_4q_avg": 17.34,
            "equity": 12298107,
            "current_ratio": 165.55,
            "debt_ratio": 41.6,
            "inventory_turnover_ratio": 4.09,
            "account_receivable_turnover_ratio": null,
            "reinvestment_rate": 140.59,
            "research_to_sale_ratio": null,
            "price_fair": 34.48,
            "eps_avg_yearly": 1.37,
            "eps_latest_yearly": 1.2,
            "eps_growth_yearly": 15.11
        },
        "20033": {
            "year_quarter": 20033,
            "year": 2003,
            "quarter": 3,
            "eps": 0.45,
            "eps_growth_year": 12.5,
            "eps_4q": 1.39,
            "eps_4q_growth_year": 8.82,
            "roe": 2.71,
            "roe_4q": 8.44,
            "gross_profit": 538836,
            "gross_margin": 14.68,
            "gross_margin_4q_avg": 14.61,
            "net_income": 336002,
            "revenue": 3671706,
            "common_shares": 7496440,
            "book_valuer_per_share": 16.69,
            "book_valuer_per_share_4q_avg": 17.28,
            "equity": 12513857,
            "current_ratio": 165.62,
            "debt_ratio": 41.34,
            "inventory_turnover_ratio": 4.03,
            "account_receivable_turnover_ratio": null,
            "reinvestment_rate": 123.78,
            "research_to_sale_ratio": null,
            "price_fair": 50.2,
            "eps_avg_yearly": 1.43,
            "eps_latest_yearly": 1.8,
            "eps_growth_yearly": 41.52
        },
        "20034": {
            "year_quarter": 20034,
            "year": 2003,
            "quarter": 4,
            "eps": 0.52,
            "eps_growth_year": 18.18,
            "eps_4q": 1.51,
            "eps_4q_growth_year": 3.83,
            "roe": 2.75,
            "roe_4q": 8.65,
            "gross_profit": 620720,
            "gross_margin": 16.38,
            "gross_margin_4q_avg": 14.86,
            "net_income": 386156,
            "revenue": 3788671,
            "common_shares": 8056419,
            "book_valuer_per_share": 17.61,
            "book_valuer_per_share_4q_avg": 17.33,
            "equity": 15579409,
            "current_ratio": 142.74,
            "debt_ratio": 44.26,
            "inventory_turnover_ratio": 2.55,
            "account_receivable_turnover_ratio": null,
            "reinvestment_rate": 199.59,
            "research_to_sale_ratio": null,
            "price_fair": 53.03,
            "eps_avg_yearly": 1.52,
            "eps_latest_yearly": 2.08,
            "eps_growth_yearly": 44.11
        },
        "20041": {
            "year_quarter": 20041,
            "year": 2004,
            "quarter": 1,
            "eps": 0.47,
            "eps_growth_year": 80.77,
            "eps_4q": 1.61,
            "eps_4q_growth_year": 15.47,
            "roe": 2.55,
            "roe_4q": 9.69,
            "gross_profit": 492373,
            "gross_margin": 14.89,
            "gross_margin_4q_avg": 14.76,
            "net_income": 385250,
            "revenue": 3306269,
            "common_shares": 8142031,
            "book_valuer_per_share": 17.96,
            "book_valuer_per_share_4q_avg": 17.4,
            "equity": 14621427,
            "current_ratio": 118.72,
            "debt_ratio": 34.84,
            "inventory_turnover_ratio": 2.37,
            "account_receivable_turnover_ratio": null,
            "reinvestment_rate": 113.99,
            "research_to_sale_ratio": null,
            "price_fair": 54.44,
            "eps_avg_yearly": 1.56,
            "eps_latest_yearly": 1.88,
            "eps_growth_yearly": 34.93
        },
        "20042": {
            "year_quarter": 20042,
            "year": 2004,
            "quarter": 2,
            "eps": 0.77,
            "eps_growth_year": 156.67,
            "eps_4q": 2.14,
            "eps_4q_growth_year": 51.02,
            "roe": 4.18,
            "roe_4q": 12.190000000000001,
            "gross_profit": 819096,
            "gross_margin": 20.55,
            "gross_margin_4q_avg": 16.63,
            "net_income": 621126,
            "revenue": 3984916,
            "common_shares": 8142031,
            "book_valuer_per_share": 18.55,
            "book_valuer_per_share_4q_avg": 17.7,
            "equity": 15099817,
            "current_ratio": 105.98,
            "debt_ratio": 36.22,
            "inventory_turnover_ratio": 3.61,
            "account_receivable_turnover_ratio": null,
            "reinvestment_rate": 104.28,
            "research_to_sale_ratio": null,
            "price_fair": 59.78,
            "eps_avg_yearly": 1.71,
            "eps_latest_yearly": 3.08,
            "eps_growth_yearly": 56.97
        },
        "20043": {
            "year_quarter": 20043,
            "year": 2004,
            "quarter": 3,
            "eps": 0.69,
            "eps_growth_year": 53.33,
            "eps_4q": 2.32,
            "eps_4q_growth_year": 66.51,
            "roe": 3.82,
            "roe_4q": 13.3,
            "gross_profit": 947378,
            "gross_margin": 21.68,
            "gross_margin_4q_avg": 18.38,
            "net_income": 588529,
            "revenue": 4369057,
            "common_shares": 8661536,
            "book_valuer_per_share": 18.14,
            "book_valuer_per_share_4q_avg": 18.07,
            "equity": 15708655,
            "current_ratio": 105.23,
            "debt_ratio": 35.42,
            "inventory_turnover_ratio": 3.3,
            "account_receivable_turnover_ratio": null,
            "reinvestment_rate": 98.76,
            "research_to_sale_ratio": null,
            "price_fair": 63.13,
            "eps_avg_yearly": 1.8,
            "eps_latest_yearly": 2.76,
            "eps_growth_yearly": 48.01
        },
        "20044": {
            "year_quarter": 20044,
            "year": 2004,
            "quarter": 4,
            "eps": 0.72,
            "eps_growth_year": 38.46,
            "eps_4q": 2.59,
            "eps_4q_growth_year": 72.13,
            "roe": 3.69,
            "roe_4q": 14.239999999999998,
            "gross_profit": 1093468,
            "gross_margin": 22.25,
            "gross_margin_4q_avg": 19.84,
            "net_income": 613477,
            "revenue": 4915316,
            "common_shares": 8663122,
            "book_valuer_per_share": 18.38,
            "book_valuer_per_share_4q_avg": 18.26,
            "equity": 17560462,
            "current_ratio": 119.04,
            "debt_ratio": 43.83,
            "inventory_turnover_ratio": 2.51,
            "account_receivable_turnover_ratio": null,
            "reinvestment_rate": 141.53,
            "research_to_sale_ratio": null,
            "price_fair": 66.27,
            "eps_avg_yearly": 1.89,
            "eps_latest_yearly": 2.88,
            "eps_growth_yearly": 45.46
        },
        "20051": {
            "year_quarter": 20051,
            "year": 2005,
            "quarter": 1,
            "eps": 0.58,
            "eps_growth_year": 23.4,
            "eps_4q": 2.72,
            "eps_4q_growth_year": 69.65,
            "roe": 2.9,
            "roe_4q": 14.59,
            "gross_profit": 859270,
            "gross_margin": 18.67,
            "gross_margin_4q_avg": 20.79,
            "net_income": 493152,
            "revenue": 4601975,
            "common_shares": 8718606,
            "book_valuer_per_share": 18.92,
            "book_valuer_per_share_4q_avg": 18.5,
            "equity": 16497961,
            "current_ratio": 132.03,
            "debt_ratio": 33.9,
            "inventory_turnover_ratio": 2.42,
            "account_receivable_turnover_ratio": null,
            "reinvestment_rate": 21.66,
            "research_to_sale_ratio": null,
            "price_fair": 67.42,
            "eps_avg_yearly": 1.93,
            "eps_latest_yearly": 2.32,
            "eps_growth_yearly": 35.98
        },
        "20052": {
            "year_quarter": 20052,
            "year": 2005,
            "quarter": 2,
            "eps": 0.43,
            "eps_growth_year": -44.16,
            "eps_4q": 2.41,
            "eps_4q_growth_year": 12.26,
            "roe": 2.22,
            "roe_4q": 12.63,
            "gross_profit": 739199,
            "gross_margin": 16.4,
            "gross_margin_4q_avg": 19.75,
            "net_income": 368978,
            "revenue": 4506437,
            "common_shares": 8903291,
            "book_valuer_per_share": 18.74,
            "book_valuer_per_share_4q_avg": 18.55,
            "equity": 16681454,
            "current_ratio": 113.26,
            "debt_ratio": 33.8,
            "inventory_turnover_ratio": 3.48,
            "account_receivable_turnover_ratio": null,
            "reinvestment_rate": 21.27,
            "research_to_sale_ratio": null,
            "price_fair": 66.9,
            "eps_avg_yearly": 1.91,
            "eps_latest_yearly": 1.72,
            "eps_growth_yearly": 26.02
        },
        "20053": {
            "year_quarter": 20053,
            "year": 2005,
            "quarter": 3,
            "eps": 0.92,
            "eps_growth_year": 33.33,
            "eps_4q": 2.5,
            "eps_4q_growth_year": 7.77,
            "roe": 4.96,
            "roe_4q": 13.77,
            "gross_profit": 1206530,
            "gross_margin": 22.56,
            "gross_margin_4q_avg": 19.97,
            "net_income": 857533,
            "revenue": 5347224,
            "common_shares": 9570695,
            "book_valuer_per_share": 18.72,
            "book_valuer_per_share_4q_avg": 18.69,
            "equity": 17917079,
            "current_ratio": 108.15,
            "debt_ratio": 34.67,
            "inventory_turnover_ratio": 3.46,
            "account_receivable_turnover_ratio": null,
            "reinvestment_rate": 34.5,
            "research_to_sale_ratio": null,
            "price_fair": 71.03,
            "eps_avg_yearly": 2.03,
            "eps_latest_yearly": 3.68,
            "eps_growth_yearly": 54.68
        },
        "20054": {
            "year_quarter": 20054,
            "year": 2005,
            "quarter": 4,
            "eps": 1.4,
            "eps_growth_year": 94.44,
            "eps_4q": 3.24,
            "eps_4q_growth_year": 24.88,
            "roe": 6.65,
            "roe_4q": 16.73,
            "gross_profit": 1661512,
            "gross_margin": 26.12,
            "gross_margin_4q_avg": 20.94,
            "net_income": 1310832,
            "revenue": 6361677,
            "common_shares": 9720207,
            "book_valuer_per_share": 20.22,
            "book_valuer_per_share_4q_avg": 19.15,
            "equity": 21528689,
            "current_ratio": 108.06,
            "debt_ratio": 45.66,
            "inventory_turnover_ratio": 2.36,
            "account_receivable_turnover_ratio": null,
            "reinvestment_rate": 144.53,
            "research_to_sale_ratio": null,
            "price_fair": 78.84,
            "eps_avg_yearly": 2.25,
            "eps_latest_yearly": 5.6,
            "eps_growth_yearly": 64.3
        },
        "20061": {
            "year_quarter": 20061,
            "year": 2006,
            "quarter": 1,
            "eps": 1.19,
            "eps_growth_year": 105.17,
            "eps_4q": 3.82,
            "eps_4q_growth_year": 40.23,
            "roe": 5.4,
            "roe_4q": 19.23,
            "gross_profit": 1548376,
            "gross_margin": 25.5,
            "gross_margin_4q_avg": 22.65,
            "net_income": 1148034,
            "revenue": 6072893,
            "common_shares": 9733840,
            "book_valuer_per_share": 21.56,
            "book_valuer_per_share_4q_avg": 19.81,
            "equity": 20990771,
            "current_ratio": 109.27,
            "debt_ratio": 34.22,
            "inventory_turnover_ratio": 2.08,
            "account_receivable_turnover_ratio": null,
            "reinvestment_rate": 37.3,
            "research_to_sale_ratio": null,
            "price_fair": 86.45,
            "eps_avg_yearly": 2.47,
            "eps_latest_yearly": 4.76,
            "eps_growth_yearly": 56.98
        },
        "20062": {
            "year_quarter": 20062,
            "year": 2006,
            "quarter": 2,
            "eps": 1.04,
            "eps_growth_year": 141.86,
            "eps_4q": 4.49,
            "eps_4q_growth_year": 86.86,
            "roe": 4.75,
            "roe_4q": 21.76,
            "gross_profit": 1506697,
            "gross_margin": 22.89,
            "gross_margin_4q_avg": 24.27,
            "net_income": 998333,
            "revenue": 6583728,
            "common_shares": 9733840,
            "book_valuer_per_share": 21.63,
            "book_valuer_per_share_4q_avg": 20.53,
            "equity": 21058366,
            "current_ratio": 108.63,
            "debt_ratio": 37.11,
            "inventory_turnover_ratio": 2.73,
            "account_receivable_turnover_ratio": null,
            "reinvestment_rate": 42.03,
            "research_to_sale_ratio": null,
            "price_fair": 92.58,
            "eps_avg_yearly": 2.65,
            "eps_latest_yearly": 4.16,
            "eps_growth_yearly": 52.27
        },
        "20063": {
            "year_quarter": 20063,
            "year": 2006,
            "quarter": 3,
            "eps": 1.14,
            "eps_growth_year": 23.91,
            "eps_4q": 4.57,
            "eps_4q_growth_year": 82.57,
            "roe": 5.25,
            "roe_4q": 22.05,
            "gross_profit": 1435298,
            "gross_margin": 19.71,
            "gross_margin_4q_avg": 23.56,
            "net_income": 1149057,
            "revenue": 7283749,
            "common_shares": 10176238,
            "book_valuer_per_share": 22.29,
            "book_valuer_per_share_4q_avg": 21.43,
            "equity": 22681214,
            "current_ratio": 115.57,
            "debt_ratio": 37.26,
            "inventory_turnover_ratio": 2.79,
            "account_receivable_turnover_ratio": null,
            "reinvestment_rate": 49.16,
            "research_to_sale_ratio": null,
            "price_fair": 99.05,
            "eps_avg_yearly": 2.83,
            "eps_latest_yearly": 4.56,
            "eps_growth_yearly": 50.26
        },
        "20064": {
            "year_quarter": 20064,
            "year": 2006,
            "quarter": 4,
            "eps": 1.19,
            "eps_growth_year": -15,
            "eps_4q": 4.46,
            "eps_4q_growth_year": 37.66,
            "roe": 4.86,
            "roe_4q": 20.259999999999998,
            "gross_profit": 1253048,
            "gross_margin": 14.54,
            "gross_margin_4q_avg": 20.66,
            "net_income": 1200922,
            "revenue": 8618184,
            "common_shares": 10176238,
            "book_valuer_per_share": 23.99,
            "book_valuer_per_share_4q_avg": 22.37,
            "equity": 26695414,
            "current_ratio": 105.26,
            "debt_ratio": 45.86,
            "inventory_turnover_ratio": 2.5,
            "account_receivable_turnover_ratio": null,
            "reinvestment_rate": 125.2,
            "research_to_sale_ratio": null,
            "price_fair": 105.61,
            "eps_avg_yearly": 3.02,
            "eps_latest_yearly": 4.76,
            "eps_growth_yearly": 48.86
        },
        "20071": {
            "year_quarter": 20071,
            "year": 2007,
            "quarter": 1,
            "eps": 0.94,
            "eps_growth_year": -21.01,
            "eps_4q": 4.22,
            "eps_4q_growth_year": 10.56,
            "roe": 3.68,
            "roe_4q": 18.54,
            "gross_profit": 1327290,
            "gross_margin": 15.59,
            "gross_margin_4q_avg": 18.18,
            "net_income": 958558,
            "revenue": 8512600,
            "common_shares": 10176238,
            "book_valuer_per_share": 25.01,
            "book_valuer_per_share_4q_avg": 23.23,
            "equity": 25449296,
            "current_ratio": 123.12,
            "debt_ratio": 35.77,
            "inventory_turnover_ratio": 2.41,
            "account_receivable_turnover_ratio": null,
            "reinvestment_rate": 50.41,
            "research_to_sale_ratio": null,
            "price_fair": 111.56,
            "eps_avg_yearly": 3.19,
            "eps_latest_yearly": 3.76,
            "eps_growth_yearly": 53.83
        },
        "20072": {
            "year_quarter": 20072,
            "year": 2007,
            "quarter": 2,
            "eps": 1.27,
            "eps_growth_year": 22.12,
            "eps_4q": 4.53,
            "eps_4q_growth_year": 0.78,
            "roe": 5.09,
            "roe_4q": 18.88,
            "gross_profit": 1497988,
            "gross_margin": 17.84,
            "gross_margin_4q_avg": 16.92,
            "net_income": 1289011,
            "revenue": 8395785,
            "common_shares": 10176238,
            "book_valuer_per_share": 24.74,
            "book_valuer_per_share_4q_avg": 24.01,
            "equity": 25172037,
            "current_ratio": 105.16,
            "debt_ratio": 37.85,
            "inventory_turnover_ratio": 3.15,
            "account_receivable_turnover_ratio": null,
            "reinvestment_rate": 49.76,
            "research_to_sale_ratio": null,
            "price_fair": 120.05,
            "eps_avg_yearly": 3.43,
            "eps_latest_yearly": 5.08,
            "eps_growth_yearly": 58.76
        },
        "20073": {
            "year_quarter": 20073,
            "year": 2007,
            "quarter": 3,
            "eps": 1.65,
            "eps_growth_year": 44.74,
            "eps_4q": 4.92,
            "eps_4q_growth_year": 7.56,
            "roe": 6.73,
            "roe_4q": 20.36,
            "gross_profit": 2174833,
            "gross_margin": 20.91,
            "gross_margin_4q_avg": 17.22,
            "net_income": 1742577,
            "revenue": 10402440,
            "common_shares": 10570989,
            "book_valuer_per_share": 25.17,
            "book_valuer_per_share_4q_avg": 24.73,
            "equity": 26604646,
            "current_ratio": 112.83,
            "debt_ratio": 40.18,
            "inventory_turnover_ratio": 3.43,
            "account_receivable_turnover_ratio": null,
            "reinvestment_rate": 50.73,
            "research_to_sale_ratio": null,
            "price_fair": 130.55,
            "eps_avg_yearly": 3.73,
            "eps_latest_yearly": 6.6,
            "eps_growth_yearly": 53.74
        },
        "20074": {
            "year_quarter": 20074,
            "year": 2007,
            "quarter": 4,
            "eps": 1.68,
            "eps_growth_year": 41.18,
            "eps_4q": 5.46,
            "eps_4q_growth_year": 22.62,
            "roe": 5.99,
            "roe_4q": 21.490000000000002,
            "gross_profit": 1684650,
            "gross_margin": 14.95,
            "gross_margin_4q_avg": 17.32,
            "net_income": 1771818,
            "revenue": 11270407,
            "common_shares": 10570989,
            "book_valuer_per_share": 26.84,
            "book_valuer_per_share_4q_avg": 25.44,
            "equity": 32509077,
            "current_ratio": 107.36,
            "debt_ratio": 45.49,
            "inventory_turnover_ratio": 2.87,
            "account_receivable_turnover_ratio": null,
            "reinvestment_rate": 127.41,
            "research_to_sale_ratio": null,
            "price_fair": 140.7,
            "eps_avg_yearly": 4.02,
            "eps_latest_yearly": 6.72,
            "eps_growth_yearly": 50.31
        },
        "20081": {
            "year_quarter": 20081,
            "year": 2008,
            "quarter": 1,
            "eps": 0.73,
            "eps_growth_year": -22.34,
            "eps_4q": 5.03,
            "eps_4q_growth_year": 19.09,
            "roe": 2.5,
            "roe_4q": 20.310000000000002,
            "gross_profit": 1810860,
            "gross_margin": 16.35,
            "gross_margin_4q_avg": 17.51,
            "net_income": 809075,
            "revenue": 11075630,
            "common_shares": 10570989,
            "book_valuer_per_share": 26.65,
            "book_valuer_per_share_4q_avg": 25.85,
            "equity": 32206793,
            "current_ratio": 107.81,
            "debt_ratio": 43.18,
            "inventory_turnover_ratio": 2.22,
            "account_receivable_turnover_ratio": null,
            "reinvestment_rate": 140.97,
            "research_to_sale_ratio": null,
            "price_fair": 142.98,
            "eps_avg_yearly": 4.09,
            "eps_latest_yearly": 2.92,
            "eps_growth_yearly": 38.57
        },
        "20082": {
            "year_quarter": 20082,
            "year": 2008,
            "quarter": 2,
            "eps": 0.6,
            "eps_growth_year": -52.76,
            "eps_4q": 4.48,
            "eps_4q_growth_year": -1.02,
            "roe": 2.1,
            "roe_4q": 17.32,
            "gross_profit": 1411036,
            "gross_margin": 12.2,
            "gross_margin_4q_avg": 16.1,
            "net_income": 657890,
            "revenue": 11570312,
            "common_shares": 10570989,
            "book_valuer_per_share": 25.01,
            "book_valuer_per_share_4q_avg": 25.92,
            "equity": 30305311,
            "current_ratio": 92.09,
            "debt_ratio": 49.25,
            "inventory_turnover_ratio": 2.5,
            "account_receivable_turnover_ratio": null,
            "reinvestment_rate": 142.63,
            "research_to_sale_ratio": null,
            "price_fair": 113.85,
            "eps_avg_yearly": 4.04,
            "eps_latest_yearly": 2.4,
            "eps_growth_yearly": 18.16
        },
        "20083": {
            "year_quarter": 20083,
            "year": 2008,
            "quarter": 3,
            "eps": 0.86,
            "eps_growth_year": -47.88,
            "eps_4q": 3.59,
            "eps_4q_growth_year": -26.88,
            "roe": 3.15,
            "roe_4q": 13.74,
            "gross_profit": 1993744,
            "gross_margin": 15.61,
            "gross_margin_4q_avg": 14.78,
            "net_income": 985172,
            "revenue": 12769509,
            "common_shares": 10927386,
            "book_valuer_per_share": 25.66,
            "book_valuer_per_share_4q_avg": 26.04,
            "equity": 32311834,
            "current_ratio": 105.28,
            "debt_ratio": 50.06,
            "inventory_turnover_ratio": 2.57,
            "account_receivable_turnover_ratio": null,
            "reinvestment_rate": 145.45,
            "research_to_sale_ratio": null,
            "price_fair": 142.98,
            "eps_avg_yearly": 4.09,
            "eps_latest_yearly": 3.44,
            "eps_growth_yearly": 31.59
        },
        "20084": {
            "year_quarter": 20084,
            "year": 2008,
            "quarter": 4,
            "eps": 0.07,
            "eps_growth_year": -95.83,
            "eps_4q": 2.7,
            "eps_4q_growth_year": -50.52,
            "roe": 0.19,
            "roe_4q": 7.9399999999999995,
            "gross_profit": 853697,
            "gross_margin": 8.32,
            "gross_margin_4q_avg": 13.12,
            "net_income": 62838,
            "revenue": 10260534,
            "common_shares": 10927386,
            "book_valuer_per_share": 25.83,
            "book_valuer_per_share_4q_avg": 25.79,
            "equity": 32418291,
            "current_ratio": 125.82,
            "debt_ratio": 49.66,
            "inventory_turnover_ratio": 2.41,
            "account_receivable_turnover_ratio": 2.33,
            "reinvestment_rate": 112.32,
            "research_to_sale_ratio": null,
            "price_fair": 68.81,
            "eps_avg_yearly": 3.92,
            "eps_latest_yearly": 0.28,
            "eps_growth_yearly": 7.54
        },
        "20091": {
            "year_quarter": 20091,
            "year": 2009,
            "quarter": 1,
            "eps": -0.01,
            "eps_growth_year": -101.37,
            "eps_4q": 1.5,
            "eps_4q_growth_year": -70.16,
            "roe": -0.27,
            "roe_4q": 5.17,
            "gross_profit": 423605,
            "gross_margin": 5.76,
            "gross_margin_4q_avg": 10.47,
            "net_income": -86718,
            "revenue": 7351785,
            "common_shares": 10927386,
            "book_valuer_per_share": 26.41,
            "book_valuer_per_share_4q_avg": 25.73,
            "equity": 33014930,
            "current_ratio": 151.58,
            "debt_ratio": 47.26,
            "inventory_turnover_ratio": 2.35,
            "account_receivable_turnover_ratio": 0.95,
            "reinvestment_rate": 159.15,
            "research_to_sale_ratio": null,
            "price_fair": 93.61,
            "eps_avg_yearly": 4.03,
            "eps_latest_yearly": 0.28,
            "eps_growth_yearly": 13.23
        },
        "20092": {
            "year_quarter": 20092,
            "year": 2009,
            "quarter": 2,
            "eps": 0.97,
            "eps_growth_year": 61.67,
            "eps_4q": 1.79,
            "eps_4q_growth_year": -60.17,
            "roe": 3.38,
            "roe_4q": 6.449999999999999,
            "gross_profit": 1864061,
            "gross_margin": 17.63,
            "gross_margin_4q_avg": 11.83,
            "net_income": 1116530,
            "revenue": 10573465,
            "common_shares": 10927386,
            "book_valuer_per_share": 26.4,
            "book_valuer_per_share_4q_avg": 26.08,
            "equity": 33037090,
            "current_ratio": 152.03,
            "debt_ratio": 48.82,
            "inventory_turnover_ratio": 3.06,
            "account_receivable_turnover_ratio": 1.37,
            "reinvestment_rate": 140.88,
            "research_to_sale_ratio": null,
            "price_fair": 132.39,
            "eps_avg_yearly": 4.19,
            "eps_latest_yearly": 0.28,
            "eps_growth_yearly": 21.57
        },
        "20093": {
            "year_quarter": 20093,
            "year": 2009,
            "quarter": 3,
            "eps": 1.23,
            "eps_growth_year": 43.02,
            "eps_4q": 2.13,
            "eps_4q_growth_year": -40.78,
            "roe": 4.21,
            "roe_4q": 7.510000000000001,
            "gross_profit": 2360089,
            "gross_margin": 19.37,
            "gross_margin_4q_avg": 12.77,
            "net_income": 1414581,
            "revenue": 12184243,
            "common_shares": 10927386,
            "book_valuer_per_share": 27.57,
            "book_valuer_per_share_4q_avg": 26.55,
            "equity": 34231515,
            "current_ratio": 160.59,
            "debt_ratio": 48.75,
            "inventory_turnover_ratio": 3.09,
            "account_receivable_turnover_ratio": 1.32,
            "reinvestment_rate": 124.24,
            "research_to_sale_ratio": null,
            "price_fair": 12.85,
            "eps_avg_yearly": 4.28,
            "eps_latest_yearly": 4.92,
            "eps_growth_yearly": -3.33
        },
        "20094": {
            "year_quarter": 20094,
            "year": 2009,
            "quarter": 4,
            "eps": 1.13,
            "eps_growth_year": 1514.29,
            "eps_4q": 2.37,
            "eps_4q_growth_year": -12.5,
            "roe": 3.47,
            "roe_4q": 10.79,
            "gross_profit": 2377739,
            "gross_margin": 17.5,
            "gross_margin_4q_avg": 15.07,
            "net_income": 1360550,
            "revenue": 13587562,
            "common_shares": 15474060,
            "book_valuer_per_share": 25.97,
            "book_valuer_per_share_4q_avg": 26.59,
            "equity": 44162220,
            "current_ratio": 166.82,
            "debt_ratio": 49.52,
            "inventory_turnover_ratio": 2.94,
            "account_receivable_turnover_ratio": 2.24,
            "reinvestment_rate": 144.56,
            "research_to_sale_ratio": null,
            "price_fair": 12.62,
            "eps_avg_yearly": 4.21,
            "eps_latest_yearly": 4.52,
            "eps_growth_yearly": -20.56
        },
        "20101": {
            "year_quarter": 20101,
            "year": 2010,
            "quarter": 1,
            "eps": 1.01,
            "eps_growth_year": null,
            "eps_4q": 3.39,
            "eps_4q_growth_year": 125.66,
            "roe": 3.49,
            "roe_4q": 14.55,
            "gross_profit": 2599690,
            "gross_margin": 18.36,
            "gross_margin_4q_avg": 18.22,
            "net_income": 1558311,
            "revenue": 14160713,
            "common_shares": 15474060,
            "book_valuer_per_share": 26.81,
            "book_valuer_per_share_4q_avg": 26.69,
            "equity": 45168693,
            "current_ratio": 172.01,
            "debt_ratio": 46.55,
            "inventory_turnover_ratio": 2.67,
            "account_receivable_turnover_ratio": 1.21,
            "reinvestment_rate": 193.92,
            "research_to_sale_ratio": 1.91,
            "price_fair": 12.46,
            "eps_avg_yearly": 4.15,
            "eps_latest_yearly": 4.04,
            "eps_growth_yearly": -19.31
        },
        "20102": {
            "year_quarter": 20102,
            "year": 2010,
            "quarter": 2,
            "eps": 1.48,
            "eps_growth_year": 52.86,
            "eps_4q": 4.19,
            "eps_4q_growth_year": 134.6,
            "roe": 5.11,
            "roe_4q": 16.28,
            "gross_profit": 3427130,
            "gross_margin": 20.61,
            "gross_margin_4q_avg": 18.96,
            "net_income": 2318037,
            "revenue": 16625975,
            "common_shares": 15474060,
            "book_valuer_per_share": 27.01,
            "book_valuer_per_share_4q_avg": 26.84,
            "equity": 45571545,
            "current_ratio": 142.61,
            "debt_ratio": 49.12,
            "inventory_turnover_ratio": 2.91,
            "account_receivable_turnover_ratio": 1.32,
            "reinvestment_rate": 182.77,
            "research_to_sale_ratio": 1.79,
            "price_fair": 12.84,
            "eps_avg_yearly": 4.28,
            "eps_latest_yearly": 5.92,
            "eps_growth_yearly": -2.42
        },
        "20103": {
            "year_quarter": 20103,
            "year": 2010,
            "quarter": 3,
            "eps": 1.3,
            "eps_growth_year": 5.39,
            "eps_4q": 4.62,
            "eps_4q_growth_year": 116.98,
            "roe": 4.53,
            "roe_4q": 16.6,
            "gross_profit": 3305533,
            "gross_margin": 18.94,
            "gross_margin_4q_avg": 18.85,
            "net_income": 2104260,
            "revenue": 17452030,
            "common_shares": 15474060,
            "book_valuer_per_share": 28.17,
            "book_valuer_per_share_4q_avg": 26.99,
            "equity": 47433059,
            "current_ratio": 148.09,
            "debt_ratio": 47.22,
            "inventory_turnover_ratio": 2.71,
            "account_receivable_turnover_ratio": 1.22,
            "reinvestment_rate": 172.23,
            "research_to_sale_ratio": 1.75,
            "price_fair": 12.98,
            "eps_avg_yearly": 4.33,
            "eps_latest_yearly": 5.2,
            "eps_growth_yearly": -8.64
        },
        "20104": {
            "year_quarter": 20104,
            "year": 2010,
            "quarter": 4,
            "eps": 0.83,
            "eps_growth_year": -26.19,
            "eps_4q": 4.63,
            "eps_4q_growth_year": 95.56,
            "roe": 2.8,
            "roe_4q": 15.930000000000001,
            "gross_profit": 2455595,
            "gross_margin": 14.61,
            "gross_margin_4q_avg": 18.13,
            "net_income": 1328620,
            "revenue": 16809226,
            "common_shares": 15474060,
            "book_valuer_per_share": 28.38,
            "book_valuer_per_share_4q_avg": 27.59,
            "equity": 47578195,
            "current_ratio": 156.65,
            "debt_ratio": 46.46,
            "inventory_turnover_ratio": 2.59,
            "account_receivable_turnover_ratio": 1.2,
            "reinvestment_rate": 107.51,
            "research_to_sale_ratio": 1.77,
            "price_fair": 12.67,
            "eps_avg_yearly": 4.22,
            "eps_latest_yearly": 3.32,
            "eps_growth_yearly": -20.22
        },
        "20111": {
            "year_quarter": 20111,
            "year": 2011,
            "quarter": 1,
            "eps": 0.78,
            "eps_growth_year": -22.77,
            "eps_4q": 4.39,
            "eps_4q_growth_year": 29.61,
            "roe": 2.46,
            "roe_4q": 14.899999999999999,
            "gross_profit": 2351424,
            "gross_margin": 15.39,
            "gross_margin_4q_avg": 17.39,
            "net_income": 1189810,
            "revenue": 15276235,
            "common_shares": 15386060,
            "book_valuer_per_share": 29.31,
            "book_valuer_per_share_4q_avg": 28.22,
            "equity": 49082731,
            "current_ratio": 164.85,
            "debt_ratio": 45.3,
            "inventory_turnover_ratio": 2.5,
            "account_receivable_turnover_ratio": 1.16,
            "reinvestment_rate": 170.62,
            "research_to_sale_ratio": 2.06,
            "price_fair": 12.53,
            "eps_avg_yearly": 4.18,
            "eps_latest_yearly": 3.12,
            "eps_growth_yearly": -15.94
        },
        "20112": {
            "year_quarter": 20112,
            "year": 2011,
            "quarter": 2,
            "eps": 0.92,
            "eps_growth_year": -37.65,
            "eps_4q": 3.83,
            "eps_4q_growth_year": -8.54,
            "roe": 2.96,
            "roe_4q": 12.75,
            "gross_profit": 2609548,
            "gross_margin": 16.38,
            "gross_margin_4q_avg": 16.33,
            "net_income": 1410305,
            "revenue": 15931227,
            "common_shares": 15386060,
            "book_valuer_per_share": 27.42,
            "book_valuer_per_share_4q_avg": 28.32,
            "equity": 46140524,
            "current_ratio": 145.58,
            "debt_ratio": 49.2,
            "inventory_turnover_ratio": 2.66,
            "account_receivable_turnover_ratio": 1.18,
            "reinvestment_rate": 165.68,
            "research_to_sale_ratio": 2.12,
            "price_fair": 12.23,
            "eps_avg_yearly": 4.08,
            "eps_latest_yearly": 3.68,
            "eps_growth_yearly": -20.84
        },
        "20113": {
            "year_quarter": 20113,
            "year": 2011,
            "quarter": 3,
            "eps": 1,
            "eps_growth_year": -22.75,
            "eps_4q": 3.54,
            "eps_4q_growth_year": -23.41,
            "roe": 3.26,
            "roe_4q": 11.48,
            "gross_profit": 3085475,
            "gross_margin": 17.07,
            "gross_margin_4q_avg": 15.86,
            "net_income": 1550986,
            "revenue": 18077068,
            "common_shares": 15386060,
            "book_valuer_per_share": 28.98,
            "book_valuer_per_share_4q_avg": 28.52,
            "equity": 48919282,
            "current_ratio": 177.68,
            "debt_ratio": 49.54,
            "inventory_turnover_ratio": 2.81,
            "account_receivable_turnover_ratio": 1.15,
            "reinvestment_rate": 167.9,
            "research_to_sale_ratio": 2.03,
            "price_fair": 11.67,
            "eps_avg_yearly": 3.89,
            "eps_latest_yearly": 4,
            "eps_growth_yearly": -26.91
        },
        "20114": {
            "year_quarter": 20114,
            "year": 2011,
            "quarter": 4,
            "eps": 0.55,
            "eps_growth_year": -33.66,
            "eps_4q": 3.26,
            "eps_4q_growth_year": -29.6,
            "roe": 1.7,
            "roe_4q": 10.379999999999999,
            "gross_profit": 2394878,
            "gross_margin": 14.2,
            "gross_margin_4q_avg": 15.76,
            "net_income": 839642,
            "revenue": 16862443,
            "common_shares": 15386060,
            "book_valuer_per_share": 29.41,
            "book_valuer_per_share_4q_avg": 28.78,
            "equity": 49824827,
            "current_ratio": 187.43,
            "debt_ratio": 49.06,
            "inventory_turnover_ratio": 2.53,
            "account_receivable_turnover_ratio": 1.02,
            "reinvestment_rate": 89.19,
            "research_to_sale_ratio": 2.49,
            "price_fair": 10.71,
            "eps_avg_yearly": 3.57,
            "eps_latest_yearly": 2.2,
            "eps_growth_yearly": -40.28
        },
        "20121": {
            "year_quarter": 20121,
            "year": 2012,
            "quarter": 1,
            "eps": 0.4,
            "eps_growth_year": -48.72,
            "eps_4q": 2.87,
            "eps_4q_growth_year": -34.52,
            "roe": 1.26,
            "roe_4q": 9.18,
            "gross_profit": 2385756,
            "gross_margin": 14.58,
            "gross_margin_4q_avg": 15.56,
            "net_income": 630065,
            "revenue": 16360292,
            "common_shares": 15386060,
            "book_valuer_per_share": 29.6,
            "book_valuer_per_share_4q_avg": 28.85,
            "equity": 50523142,
            "current_ratio": 182.55,
            "debt_ratio": 48.12,
            "inventory_turnover_ratio": 2.57,
            "account_receivable_turnover_ratio": 1.07,
            "reinvestment_rate": 97.37,
            "research_to_sale_ratio": 2.18,
            "price_fair": 10.42,
            "eps_avg_yearly": 3.47,
            "eps_latest_yearly": 1.6,
            "eps_growth_yearly": -31.92
        },
        "20122": {
            "year_quarter": 20122,
            "year": 2012,
            "quarter": 2,
            "eps": 0.63,
            "eps_growth_year": -31.84,
            "eps_4q": 2.58,
            "eps_4q_growth_year": -32.66,
            "roe": 1.86,
            "roe_4q": 8.08,
            "gross_profit": 2367516,
            "gross_margin": 14.2,
            "gross_margin_4q_avg": 15.01,
            "net_income": 926705,
            "revenue": 16668848,
            "common_shares": 15386060,
            "book_valuer_per_share": 28.72,
            "book_valuer_per_share_4q_avg": 29.18,
            "equity": 49030834,
            "current_ratio": 160.63,
            "debt_ratio": 51.22,
            "inventory_turnover_ratio": 2.84,
            "account_receivable_turnover_ratio": 1.11,
            "reinvestment_rate": 93.45,
            "research_to_sale_ratio": 2.3,
            "price_fair": 10.45,
            "eps_avg_yearly": 3.48,
            "eps_latest_yearly": 2.52,
            "eps_growth_yearly": -10.4
        },
        "20123": {
            "year_quarter": 20123,
            "year": 2012,
            "quarter": 3,
            "eps": 0.72,
            "eps_growth_year": -28.12,
            "eps_4q": 2.3,
            "eps_4q_growth_year": -35.01,
            "roe": 2.2,
            "roe_4q": 7.0200000000000005,
            "gross_profit": 2723091,
            "gross_margin": 15.62,
            "gross_margin_4q_avg": 14.65,
            "net_income": 1088018,
            "revenue": 17433365,
            "common_shares": 15386060,
            "book_valuer_per_share": 29.27,
            "book_valuer_per_share_4q_avg": 29.25,
            "equity": 49760125,
            "current_ratio": 149.72,
            "debt_ratio": 50.67,
            "inventory_turnover_ratio": 2.83,
            "account_receivable_turnover_ratio": 1.13,
            "reinvestment_rate": 86.25,
            "research_to_sale_ratio": 2.34,
            "price_fair": 10.33,
            "eps_avg_yearly": 3.44,
            "eps_latest_yearly": 2.88,
            "eps_growth_yearly": -18.7
        },
        "20124": {
            "year_quarter": 20124,
            "year": 2012,
            "quarter": 4,
            "eps": 0.5,
            "eps_growth_year": -9.54,
            "eps_4q": 2.25,
            "eps_4q_growth_year": -31.03,
            "roe": 1.29,
            "roe_4q": 6.61,
            "gross_profit": 2304599,
            "gross_margin": 13.53,
            "gross_margin_4q_avg": 14.48,
            "net_income": 644210,
            "revenue": 17027706,
            "common_shares": 15386060,
            "book_valuer_per_share": 29.68,
            "book_valuer_per_share_4q_avg": 29.32,
            "equity": 50087377,
            "current_ratio": 151.95,
            "debt_ratio": 51.04,
            "inventory_turnover_ratio": 2.72,
            "account_receivable_turnover_ratio": 1.1,
            "reinvestment_rate": 79.34,
            "research_to_sale_ratio": 2.44,
            "price_fair": 10.7,
            "eps_avg_yearly": 3.57,
            "eps_latest_yearly": 2,
            "eps_growth_yearly": -1.19
        },
        "20131": {
            "year_quarter": 20131,
            "year": 2013,
            "quarter": 1,
            "eps": 0.4,
            "eps_growth_year": 0,
            "eps_4q": 2.25,
            "eps_4q_growth_year": -21.65,
            "roe": 1.1,
            "roe_4q": 6.45,
            "gross_profit": 1937951,
            "gross_margin": 13.26,
            "gross_margin_4q_avg": 14.15,
            "net_income": 554476,
            "revenue": 14616819,
            "common_shares": 15386060,
            "book_valuer_per_share": 30.01,
            "book_valuer_per_share_4q_avg": 29.42,
            "equity": 50666601,
            "current_ratio": 168.16,
            "debt_ratio": 48.08,
            "inventory_turnover_ratio": 2.46,
            "account_receivable_turnover_ratio": 1.03,
            "reinvestment_rate": 76.48,
            "research_to_sale_ratio": 2.8,
            "price_fair": 10.3,
            "eps_avg_yearly": 3.43,
            "eps_latest_yearly": 1.6,
            "eps_growth_yearly": -6.44
        },
        "20132": {
            "year_quarter": 20132,
            "year": 2013,
            "quarter": 2,
            "eps": 0.22,
            "eps_growth_year": -65.09,
            "eps_4q": 1.84,
            "eps_4q_growth_year": -28.74,
            "roe": 0.53,
            "roe_4q": 5.12,
            "gross_profit": 1861778,
            "gross_margin": 12.24,
            "gross_margin_4q_avg": 13.66,
            "net_income": 267107,
            "revenue": 15207452,
            "common_shares": 15386060,
            "book_valuer_per_share": 29.25,
            "book_valuer_per_share_4q_avg": 29.55,
            "equity": 49497701,
            "current_ratio": 146.02,
            "debt_ratio": 51.52,
            "inventory_turnover_ratio": 2.72,
            "account_receivable_turnover_ratio": 1.11,
            "reinvestment_rate": 94.44,
            "research_to_sale_ratio": 2.82,
            "price_fair": 9.83,
            "eps_avg_yearly": 3.28,
            "eps_latest_yearly": 0.88,
            "eps_growth_yearly": -17.29
        },
        "20133": {
            "year_quarter": 20133,
            "year": 2013,
            "quarter": 3,
            "eps": 0.26,
            "eps_growth_year": -63.88,
            "eps_4q": 1.38,
            "eps_4q_growth_year": -39.86,
            "roe": 0.76,
            "roe_4q": 3.68,
            "gross_profit": 1843708,
            "gross_margin": 11.72,
            "gross_margin_4q_avg": 12.69,
            "net_income": 375032,
            "revenue": 15725875,
            "common_shares": 15386060,
            "book_valuer_per_share": 29.46,
            "book_valuer_per_share_4q_avg": 29.6,
            "equity": 49720366,
            "current_ratio": 150.66,
            "debt_ratio": 51.39,
            "inventory_turnover_ratio": 2.82,
            "account_receivable_turnover_ratio": 1.09,
            "reinvestment_rate": 113.91,
            "research_to_sale_ratio": 2.78,
            "price_fair": 9.1,
            "eps_avg_yearly": 3.03,
            "eps_latest_yearly": 1.04,
            "eps_growth_yearly": -19.44
        },
        "20134": {
            "year_quarter": 20134,
            "year": 2013,
            "quarter": 4,
            "eps": -0.12,
            "eps_growth_year": -123.95,
            "eps_4q": 0.76,
            "eps_4q_growth_year": -66.07,
            "roe": -0.48,
            "roe_4q": 1.9100000000000001,
            "gross_profit": 914012,
            "gross_margin": 6.35,
            "gross_margin_4q_avg": 10.89,
            "net_income": -240370,
            "revenue": 14384468,
            "common_shares": 15386060,
            "book_valuer_per_share": 29.55,
            "book_valuer_per_share_4q_avg": 29.57,
            "equity": 49935425,
            "current_ratio": 151.86,
            "debt_ratio": 49.82,
            "inventory_turnover_ratio": 2.82,
            "account_receivable_turnover_ratio": 1.06,
            "reinvestment_rate": 45.67,
            "research_to_sale_ratio": 2.91,
            "price_fair": 8.8,
            "eps_avg_yearly": 2.93,
            "eps_latest_yearly": 1.04,
            "eps_growth_yearly": -18.57
        },
        "20141": {
            "year_quarter": 20141,
            "year": 2014,
            "quarter": 1,
            "eps": 0.06,
            "eps_growth_year": -85,
            "eps_4q": 0.42,
            "eps_4q_growth_year": -81.48,
            "roe": 0.11,
            "roe_4q": 0.92,
            "gross_profit": 1241840,
            "gross_margin": 9.16,
            "gross_margin_4q_avg": 9.87,
            "net_income": 57053,
            "revenue": 13555523,
            "common_shares": 15386060,
            "book_valuer_per_share": 29.52,
            "book_valuer_per_share_4q_avg": 29.45,
            "equity": 50012804,
            "current_ratio": 153.87,
            "debt_ratio": 48.43,
            "inventory_turnover_ratio": 2.6,
            "account_receivable_turnover_ratio": 1.07,
            "reinvestment_rate": 53.19,
            "research_to_sale_ratio": 3.03,
            "price_fair": 8.56,
            "eps_avg_yearly": 2.85,
            "eps_latest_yearly": 1.04,
            "eps_growth_yearly": -16.86
        },
        "20142": {
            "year_quarter": 20142,
            "year": 2014,
            "quarter": 2,
            "eps": 0.16,
            "eps_growth_year": -27.27,
            "eps_4q": 0.37,
            "eps_4q_growth_year": -80.07,
            "roe": 0.55,
            "roe_4q": 0.9400000000000001,
            "gross_profit": 1433044,
            "gross_margin": 9.5,
            "gross_margin_4q_avg": 9.18,
            "net_income": 272365,
            "revenue": 15088358,
            "common_shares": 15386060,
            "book_valuer_per_share": 28.97,
            "book_valuer_per_share_4q_avg": 29.38,
            "equity": 48846254,
            "current_ratio": 146.26,
            "debt_ratio": 50.84,
            "inventory_turnover_ratio": 2.6,
            "account_receivable_turnover_ratio": 1.15,
            "reinvestment_rate": 58.06,
            "research_to_sale_ratio": 2.91,
            "price_fair": 68.02,
            "eps_avg_yearly": 2.48,
            "eps_latest_yearly": 0.64,
            "eps_growth_yearly": 17.46
        },
        "20143": {
            "year_quarter": 20143,
            "year": 2014,
            "quarter": 3,
            "eps": 0.28,
            "eps_growth_year": 7.69,
            "eps_4q": 0.38,
            "eps_4q_growth_year": -72.65,
            "roe": 0.96,
            "roe_4q": 1.1400000000000001,
            "gross_profit": 1841669,
            "gross_margin": 11.17,
            "gross_margin_4q_avg": 9.05,
            "net_income": 474428,
            "revenue": 16480488,
            "common_shares": 15386060,
            "book_valuer_per_share": 29.44,
            "book_valuer_per_share_4q_avg": 29.37,
            "equity": 49712686,
            "current_ratio": 149.38,
            "debt_ratio": 50.97,
            "inventory_turnover_ratio": 2.53,
            "account_receivable_turnover_ratio": 1.15,
            "reinvestment_rate": 65.36,
            "research_to_sale_ratio": 2.8,
            "price_fair": 76.5,
            "eps_avg_yearly": 2.19,
            "eps_latest_yearly": 1.12,
            "eps_growth_yearly": 42.36
        },
        "20144": {
            "year_quarter": 20144,
            "year": 2014,
            "quarter": 4,
            "eps": -0.17,
            "eps_growth_year": null,
            "eps_4q": 0.33,
            "eps_4q_growth_year": -57.2,
            "roe": -0.89,
            "roe_4q": 0.73,
            "gross_profit": 1642367,
            "gross_margin": 9.88,
            "gross_margin_4q_avg": 9.93,
            "net_income": -442659,
            "revenue": 16630737,
            "common_shares": 15386060,
            "book_valuer_per_share": 29.56,
            "book_valuer_per_share_4q_avg": 29.37,
            "equity": 49604472,
            "current_ratio": 150.43,
            "debt_ratio": 52.05,
            "inventory_turnover_ratio": 2.59,
            "account_receivable_turnover_ratio": 1.1,
            "reinvestment_rate": 89.21,
            "research_to_sale_ratio": 2.92,
            "price_fair": 73.45,
            "eps_avg_yearly": 2.1,
            "eps_latest_yearly": 1.12,
            "eps_growth_yearly": 56.75
        },
        "20151": {
            "year_quarter": 20151,
            "year": 2015,
            "quarter": 1,
            "eps": -0.37,
            "eps_growth_year": -716.67,
            "eps_4q": -0.1,
            "eps_4q_growth_year": -123.09,
            "roe": -1.31,
            "roe_4q": -0.6900000000000002,
            "gross_profit": 659593,
            "gross_margin": 4.91,
            "gross_margin_4q_avg": 8.87,
            "net_income": -642244,
            "revenue": 13423170,
            "common_shares": 15386060,
            "book_valuer_per_share": 29.11,
            "book_valuer_per_share_4q_avg": 29.27,
            "equity": 48733944,
            "current_ratio": 145.28,
            "debt_ratio": 52.44,
            "inventory_turnover_ratio": 2.34,
            "account_receivable_turnover_ratio": 0.96,
            "reinvestment_rate": 95.78,
            "research_to_sale_ratio": 3.5,
            "price_fair": 70.47,
            "eps_avg_yearly": 2.01,
            "eps_latest_yearly": 1.12,
            "eps_growth_yearly": 63.48
        },
        "20152": {
            "year_quarter": 20152,
            "year": 2015,
            "quarter": 2,
            "eps": -0.14,
            "eps_growth_year": -187.5,
            "eps_4q": -0.41,
            "eps_4q_growth_year": -211.3,
            "roe": -0.7,
            "roe_4q": -1.94,
            "gross_profit": 1335331,
            "gross_margin": 8.22,
            "gross_margin_4q_avg": 8.55,
            "net_income": -334607,
            "revenue": 16243811,
            "common_shares": 15386060,
            "book_valuer_per_share": 28.39,
            "book_valuer_per_share_4q_avg": 29.13,
            "equity": 47073178,
            "current_ratio": 139.77,
            "debt_ratio": 54.03,
            "inventory_turnover_ratio": 2.88,
            "account_receivable_turnover_ratio": 1.2,
            "reinvestment_rate": 121.86,
            "research_to_sale_ratio": 2.95,
            "price_fair": 65.16,
            "eps_avg_yearly": 1.86,
            "eps_latest_yearly": 1.12,
            "eps_growth_yearly": 62.73
        },
        "20153": {
            "year_quarter": 20153,
            "year": 2015,
            "quarter": 3,
            "eps": 0.1,
            "eps_growth_year": -64.29,
            "eps_4q": -0.59,
            "eps_4q_growth_year": -255.69,
            "roe": 0.28,
            "roe_4q": -2.62,
            "gross_profit": 1716377,
            "gross_margin": 9.87,
            "gross_margin_4q_avg": 8.22,
            "net_income": 133414,
            "revenue": 17395367,
            "common_shares": 15386060,
            "book_valuer_per_share": 28.85,
            "book_valuer_per_share_4q_avg": 28.98,
            "equity": 47514692,
            "current_ratio": 134.65,
            "debt_ratio": 55.85,
            "inventory_turnover_ratio": 2.95,
            "account_receivable_turnover_ratio": 1.09,
            "reinvestment_rate": 157.66,
            "research_to_sale_ratio": 2.84,
            "price_fair": 57.68,
            "eps_avg_yearly": 1.65,
            "eps_latest_yearly": 1.12,
            "eps_growth_yearly": 65.52
        },
        "20154": {
            "year_quarter": 20154,
            "year": 2015,
            "quarter": 4,
            "eps": 0.6,
            "eps_growth_year": null,
            "eps_4q": 0.19,
            "eps_4q_growth_year": -40.9,
            "roe": 1.83,
            "roe_4q": 0.10000000000000031,
            "gross_profit": 2261308,
            "gross_margin": 12.86,
            "gross_margin_4q_avg": 8.97,
            "net_income": 874436,
            "revenue": 17587497,
            "common_shares": 15386060,
            "book_valuer_per_share": 29.26,
            "book_valuer_per_share_4q_avg": 28.9,
            "equity": 47952818,
            "current_ratio": 144.66,
            "debt_ratio": 53.75,
            "inventory_turnover_ratio": 2.79,
            "account_receivable_turnover_ratio": 1.12,
            "reinvestment_rate": 139.41,
            "research_to_sale_ratio": 2.86,
            "price_fair": 58.38,
            "eps_avg_yearly": 1.67,
            "eps_latest_yearly": 2.4,
            "eps_growth_yearly": 283.52
        },
        "20161": {
            "year_quarter": 20161,
            "year": 2016,
            "quarter": 1,
            "eps": -0.15,
            "eps_growth_year": null,
            "eps_4q": 0.42,
            "eps_4q_growth_year": null,
            "roe": -0.48,
            "roe_4q": 0.9300000000000002,
            "gross_profit": 1460695,
            "gross_margin": 9.53,
            "gross_margin_4q_avg": 10.12,
            "net_income": -230624,
            "revenue": 15328459,
            "common_shares": 15386060,
            "book_valuer_per_share": 28.99,
            "book_valuer_per_share_4q_avg": 28.87,
            "equity": 47497649,
            "current_ratio": 158.06,
            "debt_ratio": 52.51,
            "inventory_turnover_ratio": 2.67,
            "account_receivable_turnover_ratio": 1.18,
            "reinvestment_rate": 113.23,
            "research_to_sale_ratio": 3.11,
            "price_fair": 58.64,
            "eps_avg_yearly": 1.68,
            "eps_latest_yearly": 2.4,
            "eps_growth_yearly": 327.15
        },
        "20162": {
            "year_quarter": 20162,
            "year": 2016,
            "quarter": 2,
            "eps": -0.13,
            "eps_growth_year": null,
            "eps_4q": 0.43,
            "eps_4q_growth_year": null,
            "roe": -0.44,
            "roe_4q": 1.1900000000000002,
            "gross_profit": 1049884,
            "gross_margin": 7,
            "gross_margin_4q_avg": 9.82,
            "net_income": -205428,
            "revenue": 14992213,
            "common_shares": 15386060,
            "book_valuer_per_share": 28.4,
            "book_valuer_per_share_4q_avg": 28.88,
            "equity": 46260476,
            "current_ratio": 151.91,
            "debt_ratio": 52.91,
            "inventory_turnover_ratio": 2.82,
            "account_receivable_turnover_ratio": 1.24,
            "reinvestment_rate": 83.01,
            "research_to_sale_ratio": 3.26,
            "price_fair": 54.95,
            "eps_avg_yearly": 1.57,
            "eps_latest_yearly": 2.4,
            "eps_growth_yearly": 339.29
        },
        "20163": {
            "year_quarter": 20163,
            "year": 2016,
            "quarter": 3,
            "eps": -0.2,
            "eps_growth_year": -300,
            "eps_4q": 0.13,
            "eps_4q_growth_year": null,
            "roe": -0.52,
            "roe_4q": 0.3900000000000001,
            "gross_profit": 1428059,
            "gross_margin": 9,
            "gross_margin_4q_avg": 9.6,
            "net_income": -240127,
            "revenue": 15862568,
            "common_shares": 15264538,
            "book_valuer_per_share": 27.97,
            "book_valuer_per_share_4q_avg": 28.66,
            "equity": 45496809,
            "current_ratio": 152.65,
            "debt_ratio": 53.19,
            "inventory_turnover_ratio": 2.77,
            "account_receivable_turnover_ratio": 1.26,
            "reinvestment_rate": 76.49,
            "research_to_sale_ratio": 3.09,
            "price_fair": 48.4,
            "eps_avg_yearly": 1.38,
            "eps_latest_yearly": 2.4,
            "eps_growth_yearly": 379.6
        },
        "20164": {
            "year_quarter": 20164,
            "year": 2016,
            "quarter": 4,
            "eps": 0.49,
            "eps_growth_year": -18.82,
            "eps_4q": 0.01,
            "eps_4q_growth_year": -95.92,
            "roe": 2.03,
            "roe_4q": 0.5899999999999999,
            "gross_profit": 1968201,
            "gross_margin": 11.96,
            "gross_margin_4q_avg": 9.37,
            "net_income": 931340,
            "revenue": 16455042,
            "common_shares": 15280358,
            "book_valuer_per_share": 28.27,
            "book_valuer_per_share_4q_avg": 28.41,
            "equity": 46120868,
            "current_ratio": 150.73,
            "debt_ratio": 52.12,
            "inventory_turnover_ratio": 2.62,
            "account_receivable_turnover_ratio": 1.27,
            "reinvestment_rate": 31.03,
            "research_to_sale_ratio": 3.23,
            "price_fair": 44.8,
            "eps_avg_yearly": 1.28,
            "eps_latest_yearly": 2.4,
            "eps_growth_yearly": 463.23
        },
        "20171": {
            "year_quarter": 20171,
            "year": 2017,
            "quarter": 1,
            "eps": 0.07,
            "eps_growth_year": null,
            "eps_4q": 0.22,
            "eps_4q_growth_year": -46.78,
            "roe": 0.32,
            "roe_4q": 1.3899999999999997,
            "gross_profit": 1560415,
            "gross_margin": 10.64,
            "gross_margin_4q_avg": 9.65,
            "net_income": 146651,
            "revenue": 14660943,
            "common_shares": 15280358,
            "book_valuer_per_share": 27.99,
            "book_valuer_per_share_4q_avg": 28.16,
            "equity": 45641596,
            "current_ratio": 161.26,
            "debt_ratio": 51.25,
            "inventory_turnover_ratio": 2.33,
            "account_receivable_turnover_ratio": 1.18,
            "reinvestment_rate": -44.8,
            "research_to_sale_ratio": 3.39,
            "price_fair": 37.1,
            "eps_avg_yearly": 1.06,
            "eps_latest_yearly": 0.28,
            "eps_growth_yearly": 419.42
        },
        "20172": {
            "year_quarter": 20172,
            "year": 2017,
            "quarter": 2,
            "eps": -0.12,
            "eps_growth_year": null,
            "eps_4q": 0.23,
            "eps_4q_growth_year": -46.2,
            "roe": -0.22,
            "roe_4q": 1.6099999999999999,
            "gross_profit": 923878,
            "gross_margin": 6.36,
            "gross_margin_4q_avg": 9.49,
            "net_income": -99790,
            "revenue": 14523730,
            "common_shares": 15218518,
            "book_valuer_per_share": 27.76,
            "book_valuer_per_share_4q_avg": 28,
            "equity": 45514391,
            "current_ratio": 156.17,
            "debt_ratio": 52.33,
            "inventory_turnover_ratio": 2.3,
            "account_receivable_turnover_ratio": 1.21,
            "reinvestment_rate": -115.7,
            "research_to_sale_ratio": 3.72,
            "price_fair": 38.36,
            "eps_avg_yearly": 1.1,
            "eps_latest_yearly": 0.28,
            "eps_growth_yearly": 539.31
        },
        "20173": {
            "year_quarter": 20173,
            "year": 2017,
            "quarter": 3,
            "eps": -0.22,
            "eps_growth_year": null,
            "eps_4q": 0.22,
            "eps_4q_growth_year": 73.26,
            "roe": -0.69,
            "roe_4q": 1.44,
            "gross_profit": 1278899,
            "gross_margin": 7.55,
            "gross_margin_4q_avg": 9.13,
            "net_income": -313955,
            "revenue": 16944324,
            "common_shares": 15291248,
            "book_valuer_per_share": 27.62,
            "book_valuer_per_share_4q_avg": 27.91,
            "equity": 45568582,
            "current_ratio": 139.05,
            "debt_ratio": 55.13,
            "inventory_turnover_ratio": 2.32,
            "account_receivable_turnover_ratio": 1.28,
            "reinvestment_rate": 149.22,
            "research_to_sale_ratio": 3.39,
            "price_fair": 38.85,
            "eps_avg_yearly": 1.11,
            "eps_latest_yearly": 0.28,
            "eps_growth_yearly": 655.95
        },
        "20174": {
            "year_quarter": 20174,
            "year": 2017,
            "quarter": 4,
            "eps": 0.55,
            "eps_growth_year": 11.67,
            "eps_4q": 0.28,
            "eps_4q_growth_year": 3425.87,
            "roe": 2.08,
            "roe_4q": 1.4900000000000002,
            "gross_profit": 2023417,
            "gross_margin": 10.73,
            "gross_margin_4q_avg": 8.82,
            "net_income": 959516,
            "revenue": 18863761,
            "common_shares": 15290868,
            "book_valuer_per_share": 28.25,
            "book_valuer_per_share_4q_avg": 27.91,
            "equity": 46652457,
            "current_ratio": 128.35,
            "debt_ratio": 55.24,
            "inventory_turnover_ratio": 2.22,
            "account_receivable_turnover_ratio": 1.29,
            "reinvestment_rate": 81.33,
            "research_to_sale_ratio": 3.33,
            "price_fair": 38.85,
            "eps_avg_yearly": 1.11,
            "eps_latest_yearly": 0.28,
            "eps_growth_yearly": 655.95
        },
        "20181": {
            "year_quarter": 20181,
            "year": 2018,
            "quarter": 1,
            "eps": 0.12,
            "eps_growth_year": 71.43,
            "eps_4q": 0.33,
            "eps_4q_growth_year": 45.92,
            "roe": 0.52,
            "roe_4q": 1.6900000000000002,
            "gross_profit": 1164497,
            "gross_margin": 7.03,
            "gross_margin_4q_avg": 7.92,
            "net_income": 244086,
            "revenue": 16561184,
            "common_shares": 15201548,
            "book_valuer_per_share": 28.48,
            "book_valuer_per_share_4q_avg": 28.03,
            "equity": 47130809,
            "current_ratio": 140.69,
            "debt_ratio": 53.69,
            "inventory_turnover_ratio": 1.97,
            "account_receivable_turnover_ratio": 1.21,
            "reinvestment_rate": 62.03,
            "research_to_sale_ratio": 3.87,
            "price_fair": 34.44,
            "eps_avg_yearly": 0.98,
            "eps_latest_yearly": 0.48,
            "eps_growth_yearly": 462.22
        },
        "20182": {
            "year_quarter": 20182,
            "year": 2018,
            "quarter": 2,
            "eps": -0.14,
            "eps_growth_year": null,
            "eps_4q": 0.31,
            "eps_4q_growth_year": 32.93,
            "roe": -0.5,
            "roe_4q": 1.4100000000000001,
            "gross_profit": 1099124,
            "gross_margin": 6.35,
            "gross_margin_4q_avg": 7.92,
            "net_income": -234370,
            "revenue": 17304347,
            "common_shares": 15050693,
            "book_valuer_per_share": 27.74,
            "book_valuer_per_share_4q_avg": 28.02,
            "equity": 46196704,
            "current_ratio": 130.35,
            "debt_ratio": 54.73,
            "inventory_turnover_ratio": 2.04,
            "account_receivable_turnover_ratio": 1.28,
            "reinvestment_rate": 10.7,
            "research_to_sale_ratio": 4.01,
            "price_fair": 37.45,
            "eps_avg_yearly": 1.07,
            "eps_latest_yearly": 0.48,
            "eps_growth_yearly": 411.1
        },
        "20183": {
            "year_quarter": 20183,
            "year": 2018,
            "quarter": 3,
            "eps": 0.66,
            "eps_growth_year": null,
            "eps_4q": 1.18,
            "eps_4q_growth_year": 441.48,
            "roe": 2.23,
            "roe_4q": 4.33,
            "gross_profit": 3015778,
            "gross_margin": 14.1,
            "gross_margin_4q_avg": 9.55,
            "net_income": 1037096,
            "revenue": 21387051,
            "common_shares": 15050213,
            "book_valuer_per_share": 28.1,
            "book_valuer_per_share_4q_avg": 28.14,
            "equity": 46635217,
            "current_ratio": 126.98,
            "debt_ratio": 55.69,
            "inventory_turnover_ratio": 2.27,
            "account_receivable_turnover_ratio": 1.35,
            "reinvestment_rate": -62.66,
            "research_to_sale_ratio": 3.49,
            "price_fair": 36.87,
            "eps_avg_yearly": 1.05,
            "eps_latest_yearly": 0.48,
            "eps_growth_yearly": 448.14
        },
        "20184": {
            "year_quarter": 20184,
            "year": 2018,
            "quarter": 4,
            "eps": 0.52,
            "eps_growth_year": -4.95,
            "eps_4q": 1.18,
            "eps_4q_growth_year": 324.03,
            "roe": 1.68,
            "roe_4q": 3.93,
            "gross_profit": 3103918,
            "gross_margin": 15.16,
            "gross_margin_4q_avg": 10.66,
            "net_income": 782821,
            "revenue": 20480198,
            "common_shares": 15048658,
            "book_valuer_per_share": 29.06,
            "book_valuer_per_share_4q_avg": 28.35,
            "equity": 46700035,
            "current_ratio": 126.4,
            "debt_ratio": 55.36,
            "inventory_turnover_ratio": 2.16,
            "account_receivable_turnover_ratio": 1.24,
            "reinvestment_rate": -123.25,
            "research_to_sale_ratio": 4.02,
            "price_fair": 45.85,
            "eps_avg_yearly": 1.31,
            "eps_latest_yearly": 2.08,
            "eps_growth_yearly": 314.89
        },
        "20191": {
            "year_quarter": 20191,
            "year": 2019,
            "quarter": 1,
            "eps": 0.27,
            "eps_growth_year": 125,
            "eps_4q": 1.32,
            "eps_4q_growth_year": 304.8,
            "roe": 0.68,
            "roe_4q": 4.09,
            "gross_profit": 1964628,
            "gross_margin": 11.37,
            "gross_margin_4q_avg": 11.75,
            "net_income": 318722,
            "revenue": 17272878,
            "common_shares": 15048303,
            "book_valuer_per_share": 29.46,
            "book_valuer_per_share_4q_avg": 28.59,
            "equity": 47503487,
            "current_ratio": 130.23,
            "debt_ratio": 53.89,
            "inventory_turnover_ratio": 1.96,
            "account_receivable_turnover_ratio": 1.15,
            "reinvestment_rate": -49.19,
            "research_to_sale_ratio": 4.47,
            "price_fair": 44.24,
            "eps_avg_yearly": 1.26,
            "eps_latest_yearly": 1.08,
            "eps_growth_yearly": 213.45
        },
        "20192": {
            "year_quarter": 20192,
            "year": 2019,
            "quarter": 2,
            "eps": 0.36,
            "eps_growth_year": null,
            "eps_4q": 1.82,
            "eps_4q_growth_year": 487.39,
            "roe": 1.14,
            "roe_4q": 5.73,
            "gross_profit": 2591659,
            "gross_margin": 13.13,
            "gross_margin_4q_avg": 13.44,
            "net_income": 536614,
            "revenue": 19741110,
            "common_shares": 15047993,
            "book_valuer_per_share": 28.92,
            "book_valuer_per_share_4q_avg": 28.89,
            "equity": 46674666,
            "current_ratio": 129.11,
            "debt_ratio": 56.79,
            "inventory_turnover_ratio": 2.15,
            "account_receivable_turnover_ratio": 1.31,
            "reinvestment_rate": -30.03,
            "research_to_sale_ratio": 4.22,
            "price_fair": 45.27,
            "eps_avg_yearly": 1.29,
            "eps_latest_yearly": 1.44,
            "eps_growth_yearly": 200.1
        },
        "20193": {
            "year_quarter": 20193,
            "year": 2019,
            "quarter": 3,
            "eps": 0.87,
            "eps_growth_year": 31.82,
            "eps_4q": 2.01,
            "eps_4q_growth_year": 70.73,
            "roe": 2.8,
            "roe_4q": 6.299999999999999,
            "gross_profit": 3525109,
            "gross_margin": 15.36,
            "gross_margin_4q_avg": 13.76,
            "net_income": 1318514,
            "revenue": 22949112,
            "common_shares": 15047323,
            "book_valuer_per_share": 29.45,
            "book_valuer_per_share_4q_avg": 29.22,
            "equity": 47336243,
            "current_ratio": 131.84,
            "debt_ratio": 57.51,
            "inventory_turnover_ratio": 2.29,
            "account_receivable_turnover_ratio": 1.33,
            "reinvestment_rate": -14.88,
            "research_to_sale_ratio": 3.87,
            "price_fair": 56.2,
            "eps_avg_yearly": 1.61,
            "eps_latest_yearly": 3.48,
            "eps_growth_yearly": 252.47
        },
        "20194": {
            "year_quarter": 20194,
            "year": 2019,
            "quarter": 4,
            "eps": 0.74,
            "eps_growth_year": 42.78,
            "eps_4q": 2.24,
            "eps_4q_growth_year": 90.33,
            "roe": 2.3,
            "roe_4q": 6.919999999999999,
            "gross_profit": 3232182,
            "gross_margin": 14.32,
            "gross_margin_4q_avg": 13.55,
            "net_income": 1102111,
            "revenue": 22572453,
            "common_shares": 15047323,
            "book_valuer_per_share": 30.15,
            "book_valuer_per_share_4q_avg": 29.5,
            "equity": 48351429,
            "current_ratio": 137.99,
            "debt_ratio": 56.12,
            "inventory_turnover_ratio": 2.22,
            "account_receivable_turnover_ratio": 1.24,
            "reinvestment_rate": 1.33,
            "research_to_sale_ratio": 4.2,
            "price_fair": 5.06,
            "eps_avg_yearly": 1.69,
            "eps_latest_yearly": 2.96,
            "eps_growth_yearly": -41.79
        },
        "20201": {
            "year_quarter": 20201,
            "year": 2020,
            "quarter": 1,
            "eps": 0.26,
            "eps_growth_year": -3.7,
            "eps_4q": 2.24,
            "eps_4q_growth_year": 69.86,
            "roe": 0.49,
            "roe_4q": 6.7299999999999995,
            "gross_profit": 2858735,
            "gross_margin": 13.9,
            "gross_margin_4q_avg": 14.18,
            "net_income": 236551,
            "revenue": 20567292,
            "common_shares": 15047323,
            "book_valuer_per_share": 30.35,
            "book_valuer_per_share_4q_avg": 29.72,
            "equity": 48628553,
            "current_ratio": 134.38,
            "debt_ratio": 56.41,
            "inventory_turnover_ratio": 2,
            "account_receivable_turnover_ratio": 1.17,
            "reinvestment_rate": 39.77,
            "research_to_sale_ratio": 4.2,
            "price_fair": 4.82,
            "eps_avg_yearly": 1.61,
            "eps_latest_yearly": 1.04,
            "eps_growth_yearly": -69
        },
        "20202": {
            "year_quarter": 20202,
            "year": 2020,
            "quarter": 2,
            "eps": 0.99,
            "eps_growth_year": 175,
            "eps_4q": 2.84,
            "eps_4q_growth_year": 55.57,
            "roe": 3.05,
            "roe_4q": 8.64,
            "gross_profit": 3419770,
            "gross_margin": 15.75,
            "gross_margin_4q_avg": 14.83,
            "net_income": 1482107,
            "revenue": 21709997,
            "common_shares": 15047323,
            "book_valuer_per_share": 30.01,
            "book_valuer_per_share_4q_avg": 29.99,
            "equity": 48475470,
            "current_ratio": 128.47,
            "debt_ratio": 57.42,
            "inventory_turnover_ratio": 2,
            "account_receivable_turnover_ratio": 1.26,
            "reinvestment_rate": 63.27,
            "research_to_sale_ratio": 4.48,
            "price_fair": 65.33,
            "eps_avg_yearly": 1.87,
            "eps_latest_yearly": 3.96,
            "eps_growth_yearly": 63.46
        },
        "20203": {
            "year_quarter": 20203,
            "year": 2020,
            "quarter": 3,
            "eps": 1.09,
            "eps_growth_year": 25.29,
            "eps_4q": 3.06,
            "eps_4q_growth_year": 52.05,
            "roe": 3.21,
            "roe_4q": 9.05,
            "gross_profit": 3350243,
            "gross_margin": 14.54,
            "gross_margin_4q_avg": 14.63,
            "net_income": 1588678,
            "revenue": 23038769,
            "common_shares": 15047323,
            "book_valuer_per_share": 31.32,
            "book_valuer_per_share_4q_avg": 30.46,
            "equity": 50489521,
            "current_ratio": 137.39,
            "debt_ratio": 57.24,
            "inventory_turnover_ratio": 2.12,
            "account_receivable_turnover_ratio": 1.3,
            "reinvestment_rate": 96.83,
            "research_to_sale_ratio": 4.51,
            "price_fair": 74.06,
            "eps_avg_yearly": 2.12,
            "eps_latest_yearly": 4.36,
            "eps_growth_yearly": 61.15
        },
        "20204": {
            "year_quarter": 20204,
            "year": 2020,
            "quarter": 4,
            "eps": 1.4,
            "eps_growth_year": 88.14,
            "eps_4q": 3.72,
            "eps_4q_growth_year": 66.18,
            "roe": 3.88,
            "roe_4q": 10.63,
            "gross_profit": 3199618,
            "gross_margin": 14.17,
            "gross_margin_4q_avg": 14.59,
            "net_income": 2010192,
            "revenue": 22576763,
            "common_shares": 15047323,
            "book_valuer_per_share": 33,
            "book_valuer_per_share_4q_avg": 31.17,
            "equity": 53100558,
            "current_ratio": 126.82,
            "debt_ratio": 57.42,
            "inventory_turnover_ratio": 2.14,
            "account_receivable_turnover_ratio": 1.28,
            "reinvestment_rate": 149.42,
            "research_to_sale_ratio": 4.72,
            "price_fair": 85.15,
            "eps_avg_yearly": 2.43,
            "eps_latest_yearly": 5.6,
            "eps_growth_yearly": 65.93
        },
        "20211": {
            "year_quarter": 20211,
            "year": 2021,
            "quarter": 1,
            "eps": 1.49,
            "eps_growth_year": 473.08,
            "eps_4q": 4.95,
            "eps_4q_growth_year": 121.23,
            "roe": 4.05,
            "roe_4q": 14.190000000000001,
            "gross_profit": 3755184,
            "gross_margin": 17.21,
            "gross_margin_4q_avg": 15.42,
            "net_income": 2194989,
            "revenue": 21823178,
            "common_shares": 15047323,
            "book_valuer_per_share": 34.46,
            "book_valuer_per_share_4q_avg": 32.2,
            "equity": 55247195,
            "current_ratio": 123.94,
            "debt_ratio": 56.55,
            "inventory_turnover_ratio": 1.96,
            "account_receivable_turnover_ratio": 1.25,
            "reinvestment_rate": 157.68,
            "research_to_sale_ratio": 4.69,
            "price_fair": 103.22,
            "eps_avg_yearly": 2.95,
            "eps_latest_yearly": 5.96,
            "eps_growth_yearly": 99.44
        },
        "20212": {
            "year_quarter": 20212,
            "year": 2021,
            "quarter": 2,
            "eps": 1.25,
            "eps_growth_year": 26.26,
            "eps_4q": 5.19,
            "eps_4q_growth_year": 83.02,
            "roe": 3.23,
            "roe_4q": 14.370000000000001,
            "gross_profit": 4649960,
            "gross_margin": 19.35,
            "gross_margin_4q_avg": 16.32,
            "net_income": 1825291,
            "revenue": 24030673,
            "common_shares": 15047323,
            "book_valuer_per_share": 36.04,
            "book_valuer_per_share_4q_avg": 33.71,
            "equity": 57811809,
            "current_ratio": 120.95,
            "debt_ratio": 57.21,
            "inventory_turnover_ratio": 1.95,
            "account_receivable_turnover_ratio": 1.3,
            "reinvestment_rate": 161.8,
            "research_to_sale_ratio": 4.89,
            "price_fair": 109.2,
            "eps_avg_yearly": 3.12,
            "eps_latest_yearly": 5,
            "eps_growth_yearly": 85.78
        },
        "20213": {
            "year_quarter": 20213,
            "year": 2021,
            "quarter": 3,
            "eps": 2.87,
            "eps_growth_year": 163.3,
            "eps_4q": 6.97,
            "eps_4q_growth_year": 127.39,
            "roe": 7.36,
            "roe_4q": 18.52,
            "gross_profit": 6792101,
            "gross_margin": 24.13,
            "gross_margin_4q_avg": 18.72,
            "net_income": 4338739,
            "revenue": 28144601,
            "common_shares": 15047323,
            "book_valuer_per_share": 37.51,
            "book_valuer_per_share_4q_avg": 35.25,
            "equity": 60104682,
            "current_ratio": 134.01,
            "debt_ratio": 58.75,
            "inventory_turnover_ratio": 1.96,
            "account_receivable_turnover_ratio": 1.33,
            "reinvestment_rate": 132.86,
            "research_to_sale_ratio": 4.27,
            "price_fair": 131.71,
            "eps_avg_yearly": 3.76,
            "eps_latest_yearly": 11.48,
            "eps_growth_yearly": 119.06
        },
        "20214": {
            "year_quarter": 20214,
            "year": 2021,
            "quarter": 4,
            "eps": 3.39,
            "eps_growth_year": 142.54,
            "eps_4q": 8.96,
            "eps_4q_growth_year": 140.83,
            "roe": 8.22,
            "roe_4q": 22.860000000000003,
            "gross_profit": 8465572,
            "gross_margin": 27.7,
            "gross_margin_4q_avg": 22.1,
            "net_income": 5165539,
            "revenue": 30564295,
            "common_shares": 14752603,
            "book_valuer_per_share": 41.15,
            "book_valuer_per_share_4q_avg": 37.29,
            "equity": 65516176,
            "current_ratio": 162.81,
            "debt_ratio": 61.47,
            "inventory_turnover_ratio": 1.87,
            "account_receivable_turnover_ratio": 1.31,
            "reinvestment_rate": 124.7,
            "research_to_sale_ratio": 4.3,
            "price_fair": 156.2,
            "eps_avg_yearly": 4.46,
            "eps_latest_yearly": 13.56,
            "eps_growth_yearly": 115.73
        },
        "20221": {
            "year_quarter": 20221,
            "year": 2022,
            "quarter": 1,
            "eps": 3.85,
            "eps_growth_year": 158.39,
            "eps_4q": 11.32,
            "eps_4q_growth_year": 128.79,
            "roe": 8.54,
            "roe_4q": 27.349999999999998,
            "gross_profit": 9922922,
            "gross_margin": 32.31,
            "gross_margin_4q_avg": 25.87,
            "net_income": 5886456,
            "revenue": 30710993,
            "common_shares": 14752603,
            "book_valuer_per_share": 45.42,
            "book_valuer_per_share_4q_avg": 40.03,
            "equity": 72286728,
            "current_ratio": 181.33,
            "debt_ratio": 60.48,
            "inventory_turnover_ratio": 1.68,
            "account_receivable_turnover_ratio": 1.28,
            "reinvestment_rate": 121.23,
            "research_to_sale_ratio": 4.2,
            "price_fair": 193.5,
            "eps_avg_yearly": 5.53,
            "eps_latest_yearly": 15.4,
            "eps_growth_yearly": 141.95
        },
        "20222": {
            "year_quarter": 20222,
            "year": 2022,
            "quarter": 2,
            "eps": 5.44,
            "eps_growth_year": 335.2,
            "eps_4q": 15.53,
            "eps_4q_growth_year": 199.18,
            "roe": 11.38,
            "roe_4q": 35.5,
            "gross_profit": 13469308,
            "gross_margin": 37.8,
            "gross_margin_4q_avg": 30.49,
            "net_income": 8387252,
            "revenue": 35634988,
            "common_shares": 14752603,
            "book_valuer_per_share": 47.22,
            "book_valuer_per_share_4q_avg": 42.83,
            "equity": 75152379,
            "current_ratio": 171.02,
            "debt_ratio": 61.82,
            "inventory_turnover_ratio": 1.7,
            "account_receivable_turnover_ratio": 1.34,
            "reinvestment_rate": 110,
            "research_to_sale_ratio": 4.25,
            "price_fair": 231.37,
            "eps_avg_yearly": 6.61,
            "eps_latest_yearly": 21.76,
            "eps_growth_yearly": 143.5
        },
        "20223": {
            "year_quarter": 20223,
            "year": 2022,
            "quarter": 3,
            "eps": 5.8,
            "eps_growth_year": 102.09,
            "eps_4q": 18.44,
            "eps_4q_growth_year": 164.64,
            "roe": 11.29,
            "roe_4q": 39.43,
            "gross_profit": 14298881,
            "gross_margin": 38.18,
            "gross_margin_4q_avg": 34,
            "net_income": 9043878,
            "revenue": 37453505,
            "common_shares": 14783653,
            "book_valuer_per_share": 53.21,
            "book_valuer_per_share_4q_avg": 46.75,
            "equity": 85106637,
            "current_ratio": 192.17,
            "debt_ratio": 59.34,
            "inventory_turnover_ratio": 1.68,
            "account_receivable_turnover_ratio": 1.29,
            "reinvestment_rate": 103.33,
            "research_to_sale_ratio": 4.1,
            "price_fair": 267.66,
            "eps_avg_yearly": 7.65,
            "eps_latest_yearly": 23.2,
            "eps_growth_yearly": 136.18
        },
        "20224": {
            "year_quarter": 20224,
            "year": 2022,
            "quarter": 4,
            "eps": 4.98,
            "eps_growth_year": 47.01,
            "eps_4q": 20.03,
            "eps_4q_growth_year": 123.53,
            "roe": 8.9,
            "roe_4q": 40.11,
            "gross_profit": 12741995,
            "gross_margin": 34.73,
            "gross_margin_4q_avg": 35.76,
            "net_income": 7908131,
            "revenue": 36689686,
            "common_shares": 14783653,
            "book_valuer_per_share": 57.99,
            "book_valuer_per_share_4q_avg": 50.96,
            "equity": 92658356,
            "current_ratio": 196,
            "debt_ratio": 57.63,
            "inventory_turnover_ratio": 1.77,
            "account_receivable_turnover_ratio": 1.27,
            "reinvestment_rate": 98.95,
            "research_to_sale_ratio": 4.22,
            "price_fair": 306.69,
            "eps_avg_yearly": 8.76,
            "eps_latest_yearly": 19.92,
            "eps_growth_yearly": 137.95
        },
        "20231": {
            "year_quarter": 20231,
            "year": 2023,
            "quarter": 1,
            "eps": 2.7,
            "eps_growth_year": -29.87,
            "eps_4q": 18.42,
            "eps_4q_growth_year": 62.68,
            "roe": 4.33,
            "roe_4q": 35.9,
            "gross_profit": 5462447,
            "gross_margin": 20.56,
            "gross_margin_4q_avg": 32.82,
            "net_income": 4192446,
            "revenue": 26566206,
            "common_shares": 15237992,
            "book_valuer_per_share": 62.58,
            "book_valuer_per_share_4q_avg": 55.25,
            "equity": 100890301,
            "current_ratio": 213.02,
            "debt_ratio": 54.66,
            "inventory_turnover_ratio": 1.83,
            "account_receivable_turnover_ratio": 1.07,
            "reinvestment_rate": 103.3,
            "research_to_sale_ratio": 4.27,
            "price_fair": 327.95,
            "eps_avg_yearly": 9.37,
            "eps_latest_yearly": 10.8,
            "eps_growth_yearly": 138.53
        }
    },
    "months": {
        "2002-08": {
            "month": "2002-08",
            "price": "25.80",
            "revenue": 1036534
        },
        "2002-09": {
            "month": "2002-09",
            "price": "24.77",
            "revenue": 1160406
        },
        "2002-10": {
            "month": "2002-10",
            "price": "26.29",
            "revenue": 1201798
        },
        "2002-11": {
            "month": "2002-11",
            "price": "24.88",
            "revenue": 1151087
        },
        "2002-12": {
            "month": "2002-12",
            "price": "21.39",
            "revenue": 1092461
        },
        "2003-01": {
            "month": "2003-01",
            "price": "20.83",
            "revenue": 946272
        },
        "2003-02": {
            "month": "2003-02",
            "price": "17.09",
            "revenue": 783450
        },
        "2003-03": {
            "month": "2003-03",
            "price": "15.58",
            "revenue": 924017
        },
        "2003-04": {
            "month": "2003-04",
            "price": "15.03",
            "revenue": 985566
        },
        "2003-05": {
            "month": "2003-05",
            "price": "14.83",
            "revenue": 1137176
        },
        "2003-06": {
            "month": "2003-06",
            "price": "19.55",
            "revenue": 1083596
        },
        "2003-07": {
            "month": "2003-07",
            "price": "22.70",
            "revenue": 1272354
        },
        "2003-08": {
            "month": "2003-08",
            "price": "20.91",
            "revenue": 1164190
        },
        "2003-09": {
            "month": "2003-09",
            "price": "23.00",
            "revenue": 1235162
        },
        "2003-10": {
            "month": "2003-10",
            "price": "24.24",
            "revenue": 1246711
        },
        "2003-11": {
            "month": "2003-11",
            "price": "28.10",
            "revenue": 1234047
        },
        "2003-12": {
            "month": "2003-12",
            "price": "27.42",
            "revenue": 1307913
        },
        "2004-01": {
            "month": "2004-01",
            "price": "28.17",
            "revenue": 1035560
        },
        "2004-02": {
            "month": "2004-02",
            "price": "27.66",
            "revenue": 1104417
        },
        "2004-03": {
            "month": "2004-03",
            "price": "25.39",
            "revenue": 1166292
        },
        "2004-04": {
            "month": "2004-04",
            "price": "24.77",
            "revenue": 1379444
        },
        "2004-05": {
            "month": "2004-05",
            "price": "20.70",
            "revenue": 1314941
        },
        "2004-06": {
            "month": "2004-06",
            "price": "20.16",
            "revenue": 1290532
        },
        "2004-07": {
            "month": "2004-07",
            "price": "18.40",
            "revenue": 1288306
        },
        "2004-08": {
            "month": "2004-08",
            "price": "19.63",
            "revenue": 1321638
        },
        "2004-09": {
            "month": "2004-09",
            "price": "21.69",
            "revenue": 1759112
        },
        "2004-10": {
            "month": "2004-10",
            "price": "20.96",
            "revenue": 1703910
        },
        "2004-11": {
            "month": "2004-11",
            "price": "21.49",
            "revenue": 1689996
        },
        "2004-12": {
            "month": "2004-12",
            "price": "21.86",
            "revenue": 1521411
        },
        "2005-01": {
            "month": "2005-01",
            "price": "21.38",
            "revenue": 1631341
        },
        "2005-02": {
            "month": "2005-02",
            "price": "23.61",
            "revenue": 1391718
        },
        "2005-03": {
            "month": "2005-03",
            "price": "24.59",
            "revenue": 1578917
        },
        "2005-04": {
            "month": "2005-04",
            "price": "26.08",
            "revenue": 1473805
        },
        "2005-05": {
            "month": "2005-05",
            "price": "26.12",
            "revenue": 1440324
        },
        "2005-06": {
            "month": "2005-06",
            "price": "27.09",
            "revenue": 1592309
        },
        "2005-07": {
            "month": "2005-07",
            "price": "27.63",
            "revenue": 1635002
        },
        "2005-08": {
            "month": "2005-08",
            "price": "24.25",
            "revenue": 1831720
        },
        "2005-09": {
            "month": "2005-09",
            "price": "22.54",
            "revenue": 1880502
        },
        "2005-10": {
            "month": "2005-10",
            "price": "24.25",
            "revenue": 1990964
        },
        "2005-11": {
            "month": "2005-11",
            "price": "26.59",
            "revenue": 2235925
        },
        "2005-12": {
            "month": "2005-12",
            "price": "34.67",
            "revenue": 2134788
        },
        "2006-01": {
            "month": "2006-01",
            "price": "43.04",
            "revenue": 2516000
        },
        "2006-02": {
            "month": "2006-02",
            "price": "40.71",
            "revenue": 2847930
        },
        "2006-03": {
            "month": "2006-03",
            "price": "43.82",
            "revenue": 2857552
        },
        "2006-04": {
            "month": "2006-04",
            "price": "53.07",
            "revenue": 2966462
        },
        "2006-05": {
            "month": "2006-05",
            "price": "53.43",
            "revenue": 2905587
        },
        "2006-06": {
            "month": "2006-06",
            "price": "43.97",
            "revenue": 2987108
        },
        "2006-07": {
            "month": "2006-07",
            "price": "40.59",
            "revenue": 3151753
        },
        "2006-08": {
            "month": "2006-08",
            "price": "43.96",
            "revenue": 3386742
        },
        "2006-09": {
            "month": "2006-09",
            "price": "44.08",
            "revenue": 3389517
        },
        "2006-10": {
            "month": "2006-10",
            "price": "40.29",
            "revenue": 3405836
        },
        "2006-11": {
            "month": "2006-11",
            "price": "39.41",
            "revenue": 3780104
        },
        "2006-12": {
            "month": "2006-12",
            "price": "42.26",
            "revenue": 3712428
        },
        "2007-01": {
            "month": "2007-01",
            "price": "46.20",
            "revenue": 3691507
        },
        "2007-02": {
            "month": "2007-02",
            "price": "43.11",
            "revenue": 3089274
        },
        "2007-03": {
            "month": "2007-03",
            "price": "42.92",
            "revenue": 3662001
        },
        "2007-04": {
            "month": "2007-04",
            "price": "46.16",
            "revenue": 3548310
        },
        "2007-05": {
            "month": "2007-05",
            "price": "46.52",
            "revenue": 3599196
        },
        "2007-06": {
            "month": "2007-06",
            "price": "49.19",
            "revenue": 3573916
        },
        "2007-07": {
            "month": "2007-07",
            "price": "51.59",
            "revenue": 3782621
        },
        "2007-08": {
            "month": "2007-08",
            "price": "50.51",
            "revenue": 4292779
        },
        "2007-09": {
            "month": "2007-09",
            "price": "54.20",
            "revenue": 4551011
        },
        "2007-10": {
            "month": "2007-10",
            "price": "63.82",
            "revenue": 4744205
        },
        "2007-11": {
            "month": "2007-11",
            "price": "59.54",
            "revenue": 4711126
        },
        "2007-12": {
            "month": "2007-12",
            "price": "56.85",
            "revenue": 4034781
        },
        "2008-01": {
            "month": "2008-01",
            "price": "46.97",
            "revenue": 4209680
        },
        "2008-02": {
            "month": "2008-02",
            "price": "44.91",
            "revenue": 3044302
        },
        "2008-03": {
            "month": "2008-03",
            "price": "43.01",
            "revenue": 3821649
        },
        "2008-04": {
            "month": "2008-04",
            "price": "43.72",
            "revenue": 3666668
        },
        "2008-05": {
            "month": "2008-05",
            "price": "42.85",
            "revenue": 3774046
        },
        "2008-06": {
            "month": "2008-06",
            "price": "38.89",
            "revenue": 4129599
        },
        "2008-07": {
            "month": "2008-07",
            "price": "32.78",
            "revenue": 3938168
        },
        "2008-08": {
            "month": "2008-08",
            "price": "33.10",
            "revenue": 4218612
        },
        "2008-09": {
            "month": "2008-09",
            "price": "29.99",
            "revenue": 4612729
        },
        "2008-10": {
            "month": "2008-10",
            "price": "21.18",
            "revenue": 4624999
        },
        "2008-11": {
            "month": "2008-11",
            "price": "15.23",
            "revenue": 3209214
        },
        "2008-12": {
            "month": "2008-12",
            "price": "14.12",
            "revenue": 2427059
        },
        "2009-01": {
            "month": "2009-01",
            "price": "13.47",
            "revenue": 2011835
        },
        "2009-02": {
            "month": "2009-02",
            "price": "14.64",
            "revenue": 2363629
        },
        "2009-03": {
            "month": "2009-03",
            "price": "18.18",
            "revenue": 2976322
        },
        "2009-04": {
            "month": "2009-04",
            "price": "22.32",
            "revenue": 3259283
        },
        "2009-05": {
            "month": "2009-05",
            "price": "27.66",
            "revenue": 3441846
        },
        "2009-06": {
            "month": "2009-06",
            "price": "25.12",
            "revenue": 3872336
        },
        "2009-07": {
            "month": "2009-07",
            "price": "29.27",
            "revenue": 3929766
        },
        "2009-08": {
            "month": "2009-08",
            "price": "33.49",
            "revenue": 3959106
        },
        "2009-09": {
            "month": "2009-09",
            "price": "37.75",
            "revenue": 4295372
        },
        "2009-10": {
            "month": "2009-10",
            "price": "39.04",
            "revenue": 4262763
        },
        "2009-11": {
            "month": "2009-11",
            "price": "38.82",
            "revenue": 4239534
        },
        "2009-12": {
            "month": "2009-12",
            "price": "42.30",
            "revenue": 5085263
        },
        "2010-01": {
            "month": "2010-01",
            "price": "42.51",
            "revenue": 4541396
        },
        "2010-02": {
            "month": "2010-02",
            "price": "35.80",
            "revenue": 4358066
        },
        "2010-03": {
            "month": "2010-03",
            "price": "39.23",
            "revenue": 5261252
        },
        "2010-04": {
            "month": "2010-04",
            "price": "42.80",
            "revenue": 5476328
        },
        "2010-05": {
            "month": "2010-05",
            "price": "45.39",
            "revenue": 5571247
        },
        "2010-06": {
            "month": "2010-06",
            "price": "47.28",
            "revenue": 5578400
        },
        "2010-07": {
            "month": "2010-07",
            "price": "51.72",
            "revenue": 5797208
        },
        "2010-08": {
            "month": "2010-08",
            "price": "53.33",
            "revenue": 5754924
        },
        "2010-09": {
            "month": "2010-09",
            "price": "54.59",
            "revenue": 5899897
        },
        "2010-10": {
            "month": "2010-10",
            "price": "49.67",
            "revenue": 5805798
        },
        "2010-11": {
            "month": "2010-11",
            "price": "52.73",
            "revenue": 5682813
        },
        "2010-12": {
            "month": "2010-12",
            "price": "57.20",
            "revenue": 5320615
        },
        "2011-01": {
            "month": "2011-01",
            "price": "57.44",
            "revenue": 5261314
        },
        "2011-02": {
            "month": "2011-02",
            "price": "54.91",
            "revenue": 4389379
        },
        "2011-03": {
            "month": "2011-03",
            "price": "51.30",
            "revenue": 5625542
        },
        "2011-04": {
            "month": "2011-04",
            "price": "47.01",
            "revenue": 5279213
        },
        "2011-05": {
            "month": "2011-05",
            "price": "49.15",
            "revenue": 5326500
        },
        "2011-06": {
            "month": "2011-06",
            "price": "50.88",
            "revenue": 5326968
        },
        "2011-07": {
            "month": "2011-07",
            "price": "52.51",
            "revenue": 5464767
        },
        "2011-08": {
            "month": "2011-08",
            "price": "41.35",
            "revenue": 6292603
        },
        "2011-09": {
            "month": "2011-09",
            "price": "42.43",
            "revenue": 6318244
        },
        "2011-10": {
            "month": "2011-10",
            "price": "40.48",
            "revenue": 5795586
        },
        "2011-11": {
            "month": "2011-11",
            "price": "36.13",
            "revenue": 5751904
        },
        "2011-12": {
            "month": "2011-12",
            "price": "33.89",
            "revenue": 5314953
        },
        "2012-01": {
            "month": "2012-01",
            "price": "37.16",
            "revenue": 5248825
        },
        "2012-02": {
            "month": "2012-02",
            "price": "39.14",
            "revenue": 5241031
        },
        "2012-03": {
            "month": "2012-03",
            "price": "38.67",
            "revenue": 5870436
        },
        "2012-04": {
            "month": "2012-04",
            "price": "34.63",
            "revenue": 5399281
        },
        "2012-05": {
            "month": "2012-05",
            "price": "30.52",
            "revenue": 5693309
        },
        "2012-06": {
            "month": "2012-06",
            "price": "32.41",
            "revenue": 5576258
        },
        "2012-07": {
            "month": "2012-07",
            "price": "33.78",
            "revenue": 5506319
        },
        "2012-08": {
            "month": "2012-08",
            "price": "33.72",
            "revenue": 5933603
        },
        "2012-09": {
            "month": "2012-09",
            "price": "34.34",
            "revenue": 5993442
        },
        "2012-10": {
            "month": "2012-10",
            "price": "32.17",
            "revenue": 6022923
        },
        "2012-11": {
            "month": "2012-11",
            "price": "29.45",
            "revenue": 5739305
        },
        "2012-12": {
            "month": "2012-12",
            "price": "30.62",
            "revenue": 5265478
        },
        "2013-01": {
            "month": "2013-01",
            "price": "29.52",
            "revenue": 5245069
        },
        "2013-02": {
            "month": "2013-02",
            "price": "28.64",
            "revenue": 4215557
        },
        "2013-03": {
            "month": "2013-03",
            "price": "29.66",
            "revenue": 5156194
        },
        "2013-04": {
            "month": "2013-04",
            "price": "30.01",
            "revenue": 5149193
        },
        "2013-05": {
            "month": "2013-05",
            "price": "31.40",
            "revenue": 5286218
        },
        "2013-06": {
            "month": "2013-06",
            "price": "29.73",
            "revenue": 4772041
        },
        "2013-07": {
            "month": "2013-07",
            "price": "29.15",
            "revenue": 5073351
        },
        "2013-08": {
            "month": "2013-08",
            "price": "24.37",
            "revenue": 5230787
        },
        "2013-09": {
            "month": "2013-09",
            "price": "25.38",
            "revenue": 5421737
        },
        "2013-10": {
            "month": "2013-10",
            "price": "24.45",
            "revenue": 5211349
        },
        "2013-11": {
            "month": "2013-11",
            "price": "20.84",
            "revenue": 4655102
        },
        "2013-12": {
            "month": "2013-12",
            "price": "21.56",
            "revenue": 4518016
        },
        "2014-01": {
            "month": "2014-01",
            "price": "23.92",
            "revenue": 4514108
        },
        "2014-02": {
            "month": "2014-02",
            "price": "21.91",
            "revenue": 4029743
        },
        "2014-03": {
            "month": "2014-03",
            "price": "22.24",
            "revenue": 5011672
        },
        "2014-04": {
            "month": "2014-04",
            "price": "25.96",
            "revenue": 4901490
        },
        "2014-05": {
            "month": "2014-05",
            "price": "28.25",
            "revenue": 5190848
        },
        "2014-06": {
            "month": "2014-06",
            "price": "28.42",
            "revenue": 4996020
        },
        "2014-07": {
            "month": "2014-07",
            "price": "28.22",
            "revenue": 5354490
        },
        "2014-08": {
            "month": "2014-08",
            "price": "24.52",
            "revenue": 5484585
        },
        "2014-09": {
            "month": "2014-09",
            "price": "23.89",
            "revenue": 5641412
        },
        "2014-10": {
            "month": "2014-10",
            "price": "22.61",
            "revenue": 5844257
        },
        "2014-11": {
            "month": "2014-11",
            "price": "22.61",
            "revenue": 5516349
        },
        "2014-12": {
            "month": "2014-12",
            "price": "23.54",
            "revenue": 5270132
        },
        "2015-01": {
            "month": "2015-01",
            "price": "23.38",
            "revenue": 4700223
        },
        "2015-02": {
            "month": "2015-02",
            "price": "21.40",
            "revenue": 3902101
        },
        "2015-03": {
            "month": "2015-03",
            "price": "21.20",
            "revenue": 4820846
        },
        "2015-04": {
            "month": "2015-04",
            "price": "19.81",
            "revenue": 4874066
        },
        "2015-05": {
            "month": "2015-05",
            "price": "16.96",
            "revenue": 5483439
        },
        "2015-06": {
            "month": "2015-06",
            "price": "15.72",
            "revenue": 5886306
        },
        "2015-07": {
            "month": "2015-07",
            "price": "16.26",
            "revenue": 5354820
        },
        "2015-08": {
            "month": "2015-08",
            "price": "13.01",
            "revenue": 5507908
        },
        "2015-09": {
            "month": "2015-09",
            "price": "13.31",
            "revenue": 6532638
        },
        "2015-10": {
            "month": "2015-10",
            "price": "14.25",
            "revenue": 6070963
        },
        "2015-11": {
            "month": "2015-11",
            "price": "14.83",
            "revenue": 5999505
        },
        "2015-12": {
            "month": "2015-12",
            "price": "14.59",
            "revenue": 5517030
        },
        "2016-01": {
            "month": "2016-01",
            "price": "12.83",
            "revenue": 5443446
        },
        "2016-02": {
            "month": "2016-02",
            "price": "15.75",
            "revenue": 4315423
        },
        "2016-03": {
            "month": "2016-03",
            "price": "16.40",
            "revenue": 5569589
        },
        "2016-04": {
            "month": "2016-04",
            "price": "15.66",
            "revenue": 5133933
        },
        "2016-05": {
            "month": "2016-05",
            "price": "13.53",
            "revenue": 5061508
        },
        "2016-06": {
            "month": "2016-06",
            "price": "14.00",
            "revenue": 4796772
        },
        "2016-07": {
            "month": "2016-07",
            "price": "13.87",
            "revenue": 5113233
        },
        "2016-08": {
            "month": "2016-08",
            "price": "13.05",
            "revenue": 5383078
        },
        "2016-09": {
            "month": "2016-09",
            "price": "13.17",
            "revenue": 5366258
        },
        "2016-10": {
            "month": "2016-10",
            "price": "13.00",
            "revenue": 5538994
        },
        "2016-11": {
            "month": "2016-11",
            "price": "11.95",
            "revenue": 5488146
        },
        "2016-12": {
            "month": "2016-12",
            "price": "12.30",
            "revenue": 5427901
        },
        "2017-01": {
            "month": "2017-01",
            "price": "12.42",
            "revenue": 4992106
        },
        "2017-02": {
            "month": "2017-02",
            "price": "13.65",
            "revenue": 4742459
        },
        "2017-03": {
            "month": "2017-03",
            "price": "15.00",
            "revenue": 4926378
        },
        "2017-04": {
            "month": "2017-04",
            "price": "17.78",
            "revenue": 4584319
        },
        "2017-05": {
            "month": "2017-05",
            "price": "17.59",
            "revenue": 4832089
        },
        "2017-06": {
            "month": "2017-06",
            "price": "17.63",
            "revenue": 5107322
        },
        "2017-07": {
            "month": "2017-07",
            "price": "18.06",
            "revenue": 4906466
        },
        "2017-08": {
            "month": "2017-08",
            "price": "17.57",
            "revenue": 5739649
        },
        "2017-09": {
            "month": "2017-09",
            "price": "17.10",
            "revenue": 6298209
        },
        "2017-10": {
            "month": "2017-10",
            "price": "16.68",
            "revenue": 6406734
        },
        "2017-11": {
            "month": "2017-11",
            "price": "16.81",
            "revenue": 6224527
        },
        "2017-12": {
            "month": "2017-12",
            "price": "16.66",
            "revenue": 6232500
        },
        "2018-01": {
            "month": "2018-01",
            "price": "17.78",
            "revenue": 6176269
        },
        "2018-02": {
            "month": "2018-02",
            "price": "19.88",
            "revenue": 4943313
        },
        "2018-03": {
            "month": "2018-03",
            "price": "19.47",
            "revenue": 5441602
        },
        "2018-04": {
            "month": "2018-04",
            "price": "17.86",
            "revenue": 5674671
        },
        "2018-05": {
            "month": "2018-05",
            "price": "17.20",
            "revenue": 5600348
        },
        "2018-06": {
            "month": "2018-06",
            "price": "17.02",
            "revenue": 6029328
        },
        "2018-07": {
            "month": "2018-07",
            "price": "16.17",
            "revenue": 6786233
        },
        "2018-08": {
            "month": "2018-08",
            "price": "17.15",
            "revenue": 7380830
        },
        "2018-09": {
            "month": "2018-09",
            "price": "18.84",
            "revenue": 7219988
        },
        "2018-10": {
            "month": "2018-10",
            "price": "16.91",
            "revenue": 7559384
        },
        "2018-11": {
            "month": "2018-11",
            "price": "18.03",
            "revenue": 7100317
        },
        "2018-12": {
            "month": "2018-12",
            "price": "22.86",
            "revenue": 5820497
        },
        "2019-01": {
            "month": "2019-01",
            "price": "22.29",
            "revenue": 6154166
        },
        "2019-02": {
            "month": "2019-02",
            "price": "23.83",
            "revenue": 5160203
        },
        "2019-03": {
            "month": "2019-03",
            "price": "27.24",
            "revenue": 5958509
        },
        "2019-04": {
            "month": "2019-04",
            "price": "36.26",
            "revenue": 6323970
        },
        "2019-05": {
            "month": "2019-05",
            "price": "32.13",
            "revenue": 6873638
        },
        "2019-06": {
            "month": "2019-06",
            "price": "32.61",
            "revenue": 6543502
        },
        "2019-07": {
            "month": "2019-07",
            "price": "38.39",
            "revenue": 7204068
        },
        "2019-08": {
            "month": "2019-08",
            "price": "38.50",
            "revenue": 7966058
        },
        "2019-09": {
            "month": "2019-09",
            "price": "44.55",
            "revenue": 7778986
        },
        "2019-10": {
            "month": "2019-10",
            "price": "46.52",
            "revenue": 7829826
        },
        "2019-11": {
            "month": "2019-11",
            "price": "47.43",
            "revenue": 7519177
        },
        "2019-12": {
            "month": "2019-12",
            "price": "43.62",
            "revenue": 7223450
        },
        "2020-01": {
            "month": "2020-01",
            "price": "42.49",
            "revenue": 6806543
        },
        "2020-02": {
            "month": "2020-02",
            "price": "40.80",
            "revenue": 6230713
        },
        "2020-03": {
            "month": "2020-03",
            "price": "33.19",
            "revenue": 7530036
        },
        "2020-04": {
            "month": "2020-04",
            "price": "36.85",
            "revenue": 7309384
        },
        "2020-05": {
            "month": "2020-05",
            "price": "41.84",
            "revenue": 7382381
        },
        "2020-06": {
            "month": "2020-06",
            "price": "45.19",
            "revenue": 7018232
        },
        "2020-07": {
            "month": "2020-07",
            "price": "55.43",
            "revenue": 7635849
        },
        "2020-08": {
            "month": "2020-08",
            "price": "78.41",
            "revenue": 7478052
        },
        "2020-09": {
            "month": "2020-09",
            "price": "75.79",
            "revenue": 7924868
        },
        "2020-10": {
            "month": "2020-10",
            "price": "81.87",
            "revenue": 7936563
        },
        "2020-11": {
            "month": "2020-11",
            "price": "75.66",
            "revenue": 7248783
        },
        "2020-12": {
            "month": "2020-12",
            "price": "84.47",
            "revenue": 7391417
        },
        "2021-01": {
            "month": "2021-01",
            "price": "94.20",
            "revenue": 7448265
        },
        "2021-02": {
            "month": "2021-02",
            "price": "91.88",
            "revenue": 6612569
        },
        "2021-03": {
            "month": "2021-03",
            "price": "90.23",
            "revenue": 7762344
        },
        "2021-04": {
            "month": "2021-04",
            "price": "94.62",
            "revenue": 7866654
        },
        "2021-05": {
            "month": "2021-05",
            "price": "100.99",
            "revenue": 8025993
        },
        "2021-06": {
            "month": "2021-06",
            "price": "126.40",
            "revenue": 8138026
        },
        "2021-07": {
            "month": "2021-07",
            "price": "139.64",
            "revenue": 9118304
        },
        "2021-08": {
            "month": "2021-08",
            "price": "141.05",
            "revenue": 9571010
        },
        "2021-09": {
            "month": "2021-09",
            "price": "143.60",
            "revenue": 9455287
        },
        "2021-10": {
            "month": "2021-10",
            "price": "139.22",
            "revenue": 10049041
        },
        "2021-11": {
            "month": "2021-11",
            "price": "198.36",
            "revenue": 10275831
        },
        "2021-12": {
            "month": "2021-12",
            "price": "224.73",
            "revenue": 10239423
        },
        "2022-01": {
            "month": "2022-01",
            "price": "216.56",
            "revenue": 10477001
        },
        "2022-02": {
            "month": "2022-02",
            "price": "228.18",
            "revenue": 9553281
        },
        "2022-03": {
            "month": "2022-03",
            "price": "234.48",
            "revenue": 10680711
        },
        "2022-04": {
            "month": "2022-04",
            "price": "215.95",
            "revenue": 11157451
        },
        "2022-05": {
            "month": "2022-05",
            "price": "213.19",
            "revenue": 12155699
        },
        "2022-06": {
            "month": "2022-06",
            "price": "180.95",
            "revenue": 12321838
        },
        "2022-07": {
            "month": "2022-07",
            "price": "160.45",
            "revenue": 11779291
        },
        "2022-08": {
            "month": "2022-08",
            "price": "154.89",
            "revenue": 12131465
        },
        "2022-09": {
            "month": "2022-09",
            "price": "130.19",
            "revenue": 13542749
        },
        "2022-10": {
            "month": "2022-10",
            "price": "119.05",
            "revenue": 13375688
        },
        "2022-11": {
            "month": "2022-11",
            "price": "148.00",
            "revenue": 12663834
        },
        "2022-12": {
            "month": "2022-12",
            "price": "139.73",
            "revenue": 10650164
        },
        "2023-01": {
            "month": "2023-01",
            "price": "126.50",
            "revenue": 9830489
        },
        "2023-02": {
            "month": "2023-02",
            "price": "134.19",
            "revenue": 8071853
        },
        "2023-03": {
            "month": "2023-03",
            "price": "137.72",
            "revenue": 8663864
        },
        "2023-04": {
            "month": "2023-04",
            "price": "139.50",
            "revenue": 8368776
        }
    }
}
