{
    "summary": {
        "stock_name": "全台",
        "stock_id": "3038",
        "category": "光電",
        "main_business": "LCD液晶顯示器及電容式觸控面板及模組<br>LCM液晶顯示器模組<br>電子零組件製造、電腦與其週邊設備製造及電子材料批發",
        "website_url": "http://www.edtc.com",
        "ceo": "王臺光",
        "pe_ratio": 10,
        "report_year_from": 2001,
        "report_year_to": 2023,
        "age": 22,
        "eps_negative_percentage": 35,
        "eps_growth_avg": {
            "last_all": -2.39,
            "last_2y": 23.11,
            "last_4y": 53.86,
            "last_8y": 38.11,
            "last_12y": 24.3,
            "last_16y": -2.19,
            "last_20y": -2.39,
            "at_2006_last_3y": -5,
            "at_2007_last_3y": -52.78,
            "at_2008_last_3y": -68.71,
            "at_2009_last_3y": -90.49,
            "at_2010_last_3y": -95.56,
            "at_2011_last_3y": -100,
            "at_2012_last_3y": -100,
            "at_2013_last_3y": -100,
            "at_2014_last_3y": 0,
            "at_2015_last_3y": 19.41,
            "at_2016_last_3y": 46.88,
            "at_2017_last_3y": 18.41,
            "at_2018_last_3y": 18.41,
            "at_2019_last_3y": 28.85,
            "at_2020_last_3y": 31.08,
            "at_2021_last_3y": 47.99,
            "at_2022_last_3y": 42.33,
            "at_2023_last_3y": 42.33,
            "at_2006_last_all": -18.49,
            "at_2007_last_all": -30.59,
            "at_2008_last_all": -40.51,
            "at_2009_last_all": -40.51,
            "at_2010_last_all": -40.51,
            "at_2011_last_all": -40.51,
            "at_2012_last_all": -47.94,
            "at_2013_last_all": -47.94,
            "at_2014_last_all": -31.5,
            "at_2015_last_all": -22.53,
            "at_2016_last_all": -22.08,
            "at_2017_last_all": -25.83,
            "at_2018_last_all": -16.15,
            "at_2019_last_all": -7.85,
            "at_2020_last_all": -7.9,
            "at_2021_last_all": -7.37,
            "at_2022_last_all": -2.39,
            "at_2023_last_all": -2.39
        },
        "latest_eps": 2.91,
        "latest_price": 28.85,
        "latest_roe": 20.59,
        "latest_gross_margin": 20.64,
        "latest_equity": 2194128,
        "latest_revenue": 1132253,
        "latest_gross_profit": 233659,
        "latest_net_income": 89598,
        "latest_debt_ratio": 47.7,
        "latest_current_ratio": 235.21,
        "latest_account_receivable_turnover_ratio": 1.65,
        "latest_inventory_turnover_ratio": 0.92,
        "latest_reinvestment_rate": 1.82,
        "latest_research_to_sale_ratio": 2.73
    },
    "eps_dividends": {
        "1998": {
            "cash": 0,
            "stock": 3,
            "eps": 0
        },
        "1999": {
            "cash": 0,
            "stock": 4,
            "eps": 0
        },
        "2000": {
            "cash": 0,
            "stock": 3,
            "eps": 0
        },
        "2001": {
            "cash": 0,
            "stock": 2,
            "eps": 0.87
        },
        "2002": {
            "cash": 0,
            "stock": 2,
            "eps": 0.24
        },
        "2003": {
            "cash": 0,
            "stock": 1,
            "eps": 3.72
        },
        "2004": {
            "cash": 2,
            "stock": 2,
            "eps": 2.37
        },
        "2005": {
            "cash": 1,
            "stock": 1,
            "eps": 2.29
        },
        "2006": {
            "cash": 1,
            "stock": 1,
            "eps": 0.45
        },
        "2007": {
            "cash": 0,
            "stock": 1,
            "eps": 0.04
        },
        "2008": {
            "cash": 0,
            "stock": 0,
            "eps": -1.11
        },
        "2009": {
            "cash": 0,
            "stock": 0,
            "eps": -2.52
        },
        "2010": {
            "cash": 0,
            "stock": 0,
            "eps": -0.35
        },
        "2011": {
            "cash": 0,
            "stock": 0,
            "eps": 0.01
        },
        "2012": {
            "cash": 0,
            "stock": 0,
            "eps": -0.5
        },
        "2013": {
            "cash": 0,
            "stock": 0,
            "eps": 0.24
        },
        "2014": {
            "cash": 0,
            "stock": 0,
            "eps": 0.79
        },
        "2015": {
            "cash": 0,
            "stock": 0,
            "eps": 1.25
        },
        "2016": {
            "cash": 0,
            "stock": 0,
            "eps": 1.03
        },
        "2017": {
            "cash": 0,
            "stock": 0,
            "eps": 0.34
        },
        "2018": {
            "cash": 0,
            "stock": 0,
            "eps": 0.72
        },
        "2019": {
            "cash": 1,
            "stock": 0,
            "eps": 1.73
        },
        "2020": {
            "cash": 1,
            "stock": 0,
            "eps": 1.58
        },
        "2021": {
            "cash": 1,
            "stock": 0,
            "eps": 1.59
        },
        "2022": {
            "cash": 1,
            "stock": 0,
            "eps": 2.82
        },
        "2023": {
            "cash": 2,
            "stock": 0,
            "eps": 0.6
        }
    },
    "dividends": {
        "1998-05-28": {
            "cash": 0.4,
            "stock": 2.6
        },
        "1999-05-27": {
            "cash": 0,
            "stock": 4
        },
        "2000-05-23": {
            "cash": 0,
            "stock": 2.8
        },
        "2001-06-12": {
            "cash": 0,
            "stock": 2.1
        },
        "2002-06-13": {
            "cash": 0,
            "stock": 1.53
        },
        "2003-06-13": {
            "cash": 0.25,
            "stock": 1.25
        },
        "2004-03-10": {
            "cash": 1.62,
            "stock": 1.62
        },
        "2005-03-11": {
            "cash": 1,
            "stock": 1
        },
        "2006-03-21": {
            "cash": 0.97,
            "stock": 0.97
        },
        "2007-03-15": {
            "cash": 0.1,
            "stock": 0.5
        },
        "2016-09-02": {
            "cash": 0.3,
            "stock": 0
        },
        "2017-09-07": {
            "cash": 0.4,
            "stock": 0
        },
        "2018-08-23": {
            "cash": 0.4,
            "stock": 0
        },
        "2019-07-26": {
            "cash": 0.5,
            "stock": 0
        },
        "2020-07-24": {
            "cash": 1.2,
            "stock": 0
        },
        "2021-07-30": {
            "cash": 1.2,
            "stock": 0
        },
        "2022-07-29": {
            "cash": 1.2,
            "stock": 0
        },
        "2023-03-09": {
            "cash": 1.6,
            "stock": 0
        }
    },
    "prices": {
        "200101": "無",
        "200102": "無",
        "200103": "無",
        "200104": "無",
        "200105": "無",
        "200106": "無",
        "200107": "無",
        "200108": "無",
        "200109": "無",
        "200110": "無",
        "200111": "無",
        "200112": "無",
        "200201": "無",
        "200202": "無",
        "200203": "無",
        "200204": "無",
        "200205": "無",
        "200206": "無",
        "200207": "無",
        "200208": "18.04",
        "200209": "19.30",
        "200210": "21.59",
        "200211": "24.21",
        "200212": "27.24",
        "200301": "24.36",
        "200302": "21.84",
        "200303": "21.15",
        "200304": "22.65",
        "200305": "24.88",
        "200306": "29.50",
        "200307": "33.54",
        "200308": "34.58",
        "200309": "33.93",
        "200310": "34.13",
        "200311": "38.50",
        "200312": "46.22",
        "200401": "45.95",
        "200402": "41.86",
        "200403": "42.87",
        "200404": "44.39",
        "200405": "37.46",
        "200406": "34.70",
        "200407": "30.25",
        "200408": "25.56",
        "200409": "23.84",
        "200410": "21.55",
        "200411": "16.74",
        "200412": "18.02",
        "200501": "19.88",
        "200502": "23.40",
        "200503": "25.96",
        "200504": "25.34",
        "200505": "23.31",
        "200506": "24.92",
        "200507": "26.80",
        "200508": "25.32",
        "200509": "24.00",
        "200510": "22.49",
        "200511": "20.13",
        "200512": "22.09",
        "200601": "22.55",
        "200602": "21.78",
        "200603": "21.34",
        "200604": "24.15",
        "200605": "25.20",
        "200606": "21.97",
        "200607": "21.58",
        "200608": "17.66",
        "200609": "15.52",
        "200610": "15.71",
        "200611": "15.00",
        "200612": "15.77",
        "200701": "15.69",
        "200702": "15.63",
        "200703": "16.59",
        "200704": "18.40",
        "200705": "17.15",
        "200706": "18.78",
        "200707": "20.98",
        "200708": "19.17",
        "200709": "18.54",
        "200710": "18.23",
        "200711": "15.36",
        "200712": "13.95",
        "200801": "13.34",
        "200802": "12.62",
        "200803": "12.74",
        "200804": "13.94",
        "200805": "12.92",
        "200806": "10.05",
        "200807": "8.45",
        "200808": "7.96",
        "200809": "5.89",
        "200810": "4.91",
        "200811": "3.66",
        "200812": "3.39",
        "200901": "3.23",
        "200902": "3.45",
        "200903": "6.34",
        "200904": "6.87",
        "200905": "7.31",
        "200906": "8.00",
        "200907": "8.19",
        "200908": "8.11",
        "200909": "10.12",
        "200910": "13.31",
        "200911": "12.07",
        "200912": "13.02",
        "201001": "12.86",
        "201002": "10.88",
        "201003": "11.48",
        "201004": "12.46",
        "201005": "10.00",
        "201006": "10.09",
        "201007": "11.82",
        "201008": "14.15",
        "201009": "16.79",
        "201010": "16.33",
        "201011": "15.02",
        "201012": "15.70",
        "201101": "14.49",
        "201102": "14.66",
        "201103": "14.52",
        "201104": "13.86",
        "201105": "12.37",
        "201106": "10.38",
        "201107": "9.61",
        "201108": "7.28",
        "201109": "6.34",
        "201110": "5.86",
        "201111": "5.16",
        "201112": "4.81",
        "201201": "4.94",
        "201202": "6.87",
        "201203": "6.43",
        "201204": "5.29",
        "201205": "4.70",
        "201206": "4.45",
        "201207": "5.62",
        "201208": "6.64",
        "201209": "7.03",
        "201210": "5.82",
        "201211": "5.13",
        "201212": "5.51",
        "201301": "5.49",
        "201302": "5.08",
        "201303": "5.17",
        "201304": "5.06",
        "201305": "5.96",
        "201306": "5.84",
        "201307": "5.67",
        "201308": "5.22",
        "201309": "5.22",
        "201310": "5.21",
        "201311": "5.10",
        "201312": "5.67",
        "201401": "6.25",
        "201402": "8.04",
        "201403": "7.63",
        "201404": "8.11",
        "201405": "8.26",
        "201406": "8.28",
        "201407": "9.77",
        "201408": "9.95",
        "201409": "9.82",
        "201410": "8.11",
        "201411": "7.79",
        "201412": "8.01",
        "201501": "8.53",
        "201502": "8.10",
        "201503": "7.93",
        "201504": "7.76",
        "201505": "8.02",
        "201506": "7.54",
        "201507": "6.90",
        "201508": "6.78",
        "201509": "7.40",
        "201510": "8.17",
        "201511": "9.61",
        "201512": "9.99",
        "201601": "9.03",
        "201602": "10.30",
        "201603": "12.92",
        "201604": "12.65",
        "201605": "11.40",
        "201606": "11.51",
        "201607": "11.08",
        "201608": "11.07",
        "201609": "10.38",
        "201610": "9.85",
        "201611": "9.83",
        "201612": "9.93",
        "201701": "10.60",
        "201702": "10.81",
        "201703": "11.40",
        "201704": "10.51",
        "201705": "9.95",
        "201706": "9.74",
        "201707": "9.54",
        "201708": "9.34",
        "201709": "10.10",
        "201710": "9.69",
        "201711": "10.40",
        "201712": "9.80",
        "201801": "10.13",
        "201802": "9.41",
        "201803": "9.94",
        "201804": "9.76",
        "201805": "9.19",
        "201806": "9.32",
        "201807": "9.18",
        "201808": "9.70",
        "201809": "9.73",
        "201810": "9.05",
        "201811": "9.30",
        "201812": "9.41",
        "201901": "10.04",
        "201902": "12.00",
        "201903": "13.59",
        "201904": "15.24",
        "201905": "14.90",
        "201906": "15.27",
        "201907": "18.25",
        "201908": "18.28",
        "201909": "19.35",
        "201910": "17.84",
        "201911": "18.37",
        "201912": "17.84",
        "202001": "16.91",
        "202002": "15.50",
        "202003": "14.57",
        "202004": "17.82",
        "202005": "19.36",
        "202006": "20.70",
        "202007": "20.21",
        "202008": "18.63",
        "202009": "18.38",
        "202010": "17.43",
        "202011": "17.79",
        "202012": "19.00",
        "202101": "18.22",
        "202102": "18.56",
        "202103": "19.69",
        "202104": "21.77",
        "202105": "20.26",
        "202106": "21.15",
        "202107": "20.66",
        "202108": "18.33",
        "202109": "17.66",
        "202110": "17.69",
        "202111": "18.77",
        "202112": "19.14",
        "202201": "18.74",
        "202202": "19.03",
        "202203": "19.10",
        "202204": "18.61",
        "202205": "18.20",
        "202206": "19.95",
        "202207": "20.35",
        "202208": "22.19",
        "202209": "20.78",
        "202210": "20.18",
        "202211": "20.61",
        "202212": "20.80",
        "202301": "20.37",
        "202302": "21.25",
        "202303": "24.06",
        "202304": "27.95",
        "202305": "29.49"
    },
    "quarters": {
        "20011": {
            "year_quarter": 20011,
            "year": 2001,
            "quarter": 1,
            "eps": 0.41,
            "eps_growth_year": -8.89,
            "eps_4q": 1.68,
            "eps_4q_growth_year": null,
            "roe": 2.14,
            "gross_profit": 58276,
            "gross_margin": 17.75,
            "net_income": 31742,
            "revenue": 328234,
            "common_shares": 800000,
            "equity": 1759145,
            "current_ratio": 258.74,
            "debt_ratio": 35.09,
            "inventory_turnover_ratio": 0.57,
            "account_receivable_turnover_ratio": null,
            "reinvestment_rate": null,
            "research_to_sale_ratio": null,
            "price_fair": 0,
            "eps_avg_yearly": 0,
            "eps_latest_yearly": 0,
            "eps_growth_yearly": 0
        },
        "20012": {
            "year_quarter": 20012,
            "year": 2001,
            "quarter": 2,
            "eps": 0.38,
            "eps_growth_year": 72.73,
            "eps_4q": 1.87,
            "eps_4q_growth_year": null,
            "roe": 1.73,
            "gross_profit": 44761,
            "gross_margin": 11.59,
            "net_income": 30702,
            "revenue": 386140,
            "common_shares": 800000,
            "equity": 1785772,
            "current_ratio": 376.03,
            "debt_ratio": 25.83,
            "inventory_turnover_ratio": 0.77,
            "account_receivable_turnover_ratio": null,
            "reinvestment_rate": null,
            "research_to_sale_ratio": null,
            "price_fair": 0,
            "eps_avg_yearly": 0,
            "eps_latest_yearly": 0,
            "eps_growth_yearly": 0
        },
        "20013": {
            "year_quarter": 20013,
            "year": 2001,
            "quarter": 3,
            "eps": -0.22,
            "eps_growth_year": -128.21,
            "eps_4q": 0.81,
            "eps_4q_growth_year": null,
            "roe": -1.2,
            "gross_profit": 41252,
            "gross_margin": 11.93,
            "net_income": -21061,
            "revenue": 345911,
            "common_shares": 982000,
            "equity": 1728297,
            "current_ratio": 285.55,
            "debt_ratio": 30.11,
            "inventory_turnover_ratio": 0.88,
            "account_receivable_turnover_ratio": null,
            "reinvestment_rate": null,
            "research_to_sale_ratio": null,
            "price_fair": 0,
            "eps_avg_yearly": 0,
            "eps_latest_yearly": 0,
            "eps_growth_yearly": 0
        },
        "20014": {
            "year_quarter": 20014,
            "year": 2001,
            "quarter": 4,
            "eps": 0.3,
            "eps_growth_year": -52.38,
            "eps_4q": 0.73,
            "eps_4q_growth_year": -62.53,
            "roe": 1.67,
            "gross_profit": 46370,
            "gross_margin": 15.12,
            "net_income": 28719,
            "revenue": 306635,
            "common_shares": 982000,
            "equity": 1715782,
            "current_ratio": 332.26,
            "debt_ratio": 25.12,
            "inventory_turnover_ratio": 0.82,
            "account_receivable_turnover_ratio": null,
            "reinvestment_rate": null,
            "research_to_sale_ratio": null,
            "price_fair": 0,
            "eps_avg_yearly": 0,
            "eps_latest_yearly": 0,
            "eps_growth_yearly": 0
        },
        "20021": {
            "year_quarter": 20021,
            "year": 2002,
            "quarter": 1,
            "eps": 0.11,
            "eps_growth_year": -73.17,
            "eps_4q": 0.55,
            "eps_4q_growth_year": -67.39,
            "roe": 0.58,
            "gross_profit": 41703,
            "gross_margin": 13.07,
            "net_income": 9647,
            "revenue": 318976,
            "common_shares": 982000,
            "equity": 1614943,
            "current_ratio": 281.32,
            "debt_ratio": 29.74,
            "inventory_turnover_ratio": 0.83,
            "account_receivable_turnover_ratio": null,
            "reinvestment_rate": null,
            "research_to_sale_ratio": null,
            "price_fair": 1.32,
            "eps_avg_yearly": 0.44,
            "eps_latest_yearly": 0.44,
            "eps_growth_yearly": -253.33
        },
        "20022": {
            "year_quarter": 20022,
            "year": 2002,
            "quarter": 2,
            "eps": -0.5,
            "eps_growth_year": -231.58,
            "eps_4q": -0.28,
            "eps_4q_growth_year": -114.79,
            "roe": -2.73,
            "gross_profit": 55461,
            "gross_margin": 11.66,
            "net_income": -44476,
            "revenue": 475668,
            "common_shares": 982000,
            "equity": 1647950,
            "current_ratio": 322.76,
            "debt_ratio": 26.76,
            "inventory_turnover_ratio": 1.21,
            "account_receivable_turnover_ratio": null,
            "reinvestment_rate": null,
            "research_to_sale_ratio": null,
            "price_fair": 1.32,
            "eps_avg_yearly": 0.44,
            "eps_latest_yearly": 0.44,
            "eps_growth_yearly": -253.33
        },
        "20023": {
            "year_quarter": 20023,
            "year": 2002,
            "quarter": 3,
            "eps": 0.23,
            "eps_growth_year": null,
            "eps_4q": 0.17,
            "eps_4q_growth_year": -78.46,
            "roe": 1.55,
            "gross_profit": 53341,
            "gross_margin": 12.25,
            "net_income": 25076,
            "revenue": 435553,
            "common_shares": 1140000,
            "equity": 1585810,
            "current_ratio": 279.82,
            "debt_ratio": 29.12,
            "inventory_turnover_ratio": 1.07,
            "account_receivable_turnover_ratio": null,
            "reinvestment_rate": null,
            "research_to_sale_ratio": null,
            "price_fair": 1.32,
            "eps_avg_yearly": 0.44,
            "eps_latest_yearly": 0.44,
            "eps_growth_yearly": -253.33
        },
        "20024": {
            "year_quarter": 20024,
            "year": 2002,
            "quarter": 4,
            "eps": 0.4,
            "eps_growth_year": 33.33,
            "eps_4q": 0.31,
            "eps_4q_growth_year": -58.08,
            "roe": 2.61,
            "gross_profit": 105323,
            "gross_margin": 17.33,
            "net_income": 41931,
            "revenue": 607667,
            "common_shares": 1140000,
            "equity": 1627763,
            "current_ratio": 327.43,
            "debt_ratio": 25.16,
            "inventory_turnover_ratio": 1.29,
            "account_receivable_turnover_ratio": null,
            "reinvestment_rate": null,
            "research_to_sale_ratio": null,
            "price_fair": 31.78,
            "eps_avg_yearly": 1.02,
            "eps_latest_yearly": 1.6,
            "eps_growth_yearly": 21.16
        },
        "20031": {
            "year_quarter": 20031,
            "year": 2003,
            "quarter": 1,
            "eps": 0.64,
            "eps_growth_year": 481.82,
            "eps_4q": 0.86,
            "eps_4q_growth_year": 56.51,
            "roe": 4.01,
            "gross_profit": 157366,
            "gross_margin": 20.73,
            "net_income": 66536,
            "revenue": 759149,
            "common_shares": 1140000,
            "equity": 1694066,
            "current_ratio": 213.38,
            "debt_ratio": 32.94,
            "inventory_turnover_ratio": 1.36,
            "account_receivable_turnover_ratio": null,
            "reinvestment_rate": null,
            "research_to_sale_ratio": null,
            "price_fair": 53.67,
            "eps_avg_yearly": 1.53,
            "eps_latest_yearly": 2.56,
            "eps_growth_yearly": 94.11
        },
        "20032": {
            "year_quarter": 20032,
            "year": 2003,
            "quarter": 2,
            "eps": 0.87,
            "eps_growth_year": null,
            "eps_4q": 2.04,
            "eps_4q_growth_year": null,
            "roe": 5.73,
            "gross_profit": 194946,
            "gross_margin": 21.74,
            "net_income": 99143,
            "revenue": 896595,
            "common_shares": 1140000,
            "equity": 1763804,
            "current_ratio": 259.15,
            "debt_ratio": 45.15,
            "inventory_turnover_ratio": 1.51,
            "account_receivable_turnover_ratio": null,
            "reinvestment_rate": null,
            "research_to_sale_ratio": null,
            "price_fair": 70.7,
            "eps_avg_yearly": 2.02,
            "eps_latest_yearly": 3.48,
            "eps_growth_yearly": 106.52
        },
        "20033": {
            "year_quarter": 20033,
            "year": 2003,
            "quarter": 3,
            "eps": 0.95,
            "eps_growth_year": 313.04,
            "eps_4q": 2.77,
            "eps_4q_growth_year": 1493.38,
            "roe": 5.74,
            "gross_profit": 216520,
            "gross_margin": 21.37,
            "net_income": 108260,
            "revenue": 1013222,
            "common_shares": 1315198,
            "equity": 2008549,
            "current_ratio": 300.65,
            "debt_ratio": 37.24,
            "inventory_turnover_ratio": 1.71,
            "account_receivable_turnover_ratio": null,
            "reinvestment_rate": null,
            "research_to_sale_ratio": null,
            "price_fair": 83.16,
            "eps_avg_yearly": 2.38,
            "eps_latest_yearly": 3.8,
            "eps_growth_yearly": 92.57
        },
        "20034": {
            "year_quarter": 20034,
            "year": 2003,
            "quarter": 4,
            "eps": 1.26,
            "eps_growth_year": 215,
            "eps_4q": 3.61,
            "eps_4q_growth_year": 1075.15,
            "roe": 6.65,
            "gross_profit": 272841,
            "gross_margin": 23.01,
            "net_income": 147050,
            "revenue": 1185944,
            "common_shares": 1438701,
            "equity": 2416380,
            "current_ratio": 258.38,
            "debt_ratio": 31.66,
            "inventory_turnover_ratio": 1.99,
            "account_receivable_turnover_ratio": null,
            "reinvestment_rate": 56.1,
            "research_to_sale_ratio": null,
            "price_fair": 98.7,
            "eps_avg_yearly": 2.82,
            "eps_latest_yearly": 5.04,
            "eps_growth_yearly": 98.9
        },
        "20041": {
            "year_quarter": 20041,
            "year": 2004,
            "quarter": 1,
            "eps": 1.27,
            "eps_growth_year": 98.44,
            "eps_4q": 3.88,
            "eps_4q_growth_year": 352.43,
            "roe": 6.79,
            "gross_profit": 230225,
            "gross_margin": 23.8,
            "net_income": 172736,
            "revenue": 967215,
            "common_shares": 1477044,
            "equity": 2668494,
            "current_ratio": 226.25,
            "debt_ratio": 29.75,
            "inventory_turnover_ratio": 1.83,
            "account_receivable_turnover_ratio": null,
            "reinvestment_rate": 79.8,
            "research_to_sale_ratio": null,
            "price_fair": 110,
            "eps_avg_yearly": 3.14,
            "eps_latest_yearly": 5.08,
            "eps_growth_yearly": 85.22
        },
        "20042": {
            "year_quarter": 20042,
            "year": 2004,
            "quarter": 2,
            "eps": 0.76,
            "eps_growth_year": -12.64,
            "eps_4q": 3.91,
            "eps_4q_growth_year": 91.66,
            "roe": 4.01,
            "gross_profit": 201434,
            "gross_margin": 21.79,
            "net_income": 103160,
            "revenue": 924379,
            "common_shares": 1488246,
            "equity": 2482945,
            "current_ratio": 183.58,
            "debt_ratio": 32.98,
            "inventory_turnover_ratio": 1.85,
            "account_receivable_turnover_ratio": null,
            "reinvestment_rate": 72.43,
            "research_to_sale_ratio": null,
            "price_fair": 109.55,
            "eps_avg_yearly": 3.13,
            "eps_latest_yearly": 3.04,
            "eps_growth_yearly": 54.49
        },
        "20043": {
            "year_quarter": 20043,
            "year": 2004,
            "quarter": 3,
            "eps": 0.48,
            "eps_growth_year": -49.47,
            "eps_4q": 3.11,
            "eps_4q_growth_year": 12.07,
            "roe": 3.13,
            "gross_profit": 157405,
            "gross_margin": 18.26,
            "net_income": 77300,
            "revenue": 862090,
            "common_shares": 1754329,
            "equity": 2451200,
            "current_ratio": 171.75,
            "debt_ratio": 29.92,
            "inventory_turnover_ratio": 1.6,
            "account_receivable_turnover_ratio": null,
            "reinvestment_rate": 91.92,
            "research_to_sale_ratio": null,
            "price_fair": 104.84,
            "eps_avg_yearly": 3,
            "eps_latest_yearly": 1.92,
            "eps_growth_yearly": 32.06
        },
        "20044": {
            "year_quarter": 20044,
            "year": 2004,
            "quarter": 4,
            "eps": -0.14,
            "eps_growth_year": -111.11,
            "eps_4q": 2.07,
            "eps_4q_growth_year": -42.62,
            "roe": -0.91,
            "gross_profit": 86225,
            "gross_margin": 12.63,
            "net_income": -22159,
            "revenue": 682707,
            "common_shares": 1754900,
            "equity": 2428621,
            "current_ratio": 138.93,
            "debt_ratio": 33.51,
            "inventory_turnover_ratio": 1.19,
            "account_receivable_turnover_ratio": null,
            "reinvestment_rate": 120.92,
            "research_to_sale_ratio": null,
            "price_fair": 104.84,
            "eps_avg_yearly": 3,
            "eps_latest_yearly": 1.92,
            "eps_growth_yearly": 32.06
        },
        "20051": {
            "year_quarter": 20051,
            "year": 2005,
            "quarter": 1,
            "eps": 0.36,
            "eps_growth_year": -71.65,
            "eps_4q": 1.36,
            "eps_4q_growth_year": -65.01,
            "roe": 2.29,
            "gross_profit": 144481,
            "gross_margin": 15.84,
            "net_income": 57194,
            "revenue": 912250,
            "common_shares": 1755014,
            "equity": 2572502,
            "current_ratio": 102.69,
            "debt_ratio": 44.93,
            "inventory_turnover_ratio": 1.39,
            "account_receivable_turnover_ratio": null,
            "reinvestment_rate": 198.61,
            "research_to_sale_ratio": null,
            "price_fair": 104.84,
            "eps_avg_yearly": 3,
            "eps_latest_yearly": 1.92,
            "eps_growth_yearly": 32.06
        },
        "20052": {
            "year_quarter": 20052,
            "year": 2005,
            "quarter": 2,
            "eps": 0.9,
            "eps_growth_year": 18.42,
            "eps_4q": 1.53,
            "eps_4q_growth_year": -60.79,
            "roe": 6.24,
            "gross_profit": 171715,
            "gross_margin": 15.88,
            "net_income": 159357,
            "revenue": 1081177,
            "common_shares": 1755072,
            "equity": 2539053,
            "current_ratio": 113.89,
            "debt_ratio": 49.37,
            "inventory_turnover_ratio": 1.64,
            "account_receivable_turnover_ratio": null,
            "reinvestment_rate": 183.96,
            "research_to_sale_ratio": null,
            "price_fair": 106.96,
            "eps_avg_yearly": 3.06,
            "eps_latest_yearly": 3.6,
            "eps_growth_yearly": 88.86
        },
        "20053": {
            "year_quarter": 20053,
            "year": 2005,
            "quarter": 3,
            "eps": 0.7,
            "eps_growth_year": 45.83,
            "eps_4q": 1.78,
            "eps_4q_growth_year": -42.57,
            "roe": 4.81,
            "gross_profit": 254459,
            "gross_margin": 20.08,
            "net_income": 125550,
            "revenue": 1267270,
            "common_shares": 1941312,
            "equity": 2680897,
            "current_ratio": 157.15,
            "debt_ratio": 55.83,
            "inventory_turnover_ratio": 1.69,
            "account_receivable_turnover_ratio": null,
            "reinvestment_rate": 176.84,
            "research_to_sale_ratio": null,
            "price_fair": 106.15,
            "eps_avg_yearly": 3.03,
            "eps_latest_yearly": 2.8,
            "eps_growth_yearly": 72.7
        },
        "20054": {
            "year_quarter": 20054,
            "year": 2005,
            "quarter": 4,
            "eps": 0.33,
            "eps_growth_year": null,
            "eps_4q": 2.22,
            "eps_4q_growth_year": 7.21,
            "roe": 2.2,
            "gross_profit": 167602,
            "gross_margin": 14.21,
            "net_income": 59758,
            "revenue": 1179448,
            "common_shares": 1941313,
            "equity": 2741867,
            "current_ratio": 172.09,
            "debt_ratio": 53.66,
            "inventory_turnover_ratio": 1.36,
            "account_receivable_turnover_ratio": null,
            "reinvestment_rate": 176.12,
            "research_to_sale_ratio": null,
            "price_fair": 101.15,
            "eps_avg_yearly": 2.89,
            "eps_latest_yearly": 1.32,
            "eps_growth_yearly": 49.02
        },
        "20061": {
            "year_quarter": 20061,
            "year": 2006,
            "quarter": 1,
            "eps": 0.46,
            "eps_growth_year": 27.78,
            "eps_4q": 2.37,
            "eps_4q_growth_year": 74.52,
            "roe": 2.99,
            "gross_profit": 189724,
            "gross_margin": 16.38,
            "net_income": 83128,
            "revenue": 1158488,
            "common_shares": 1941313,
            "equity": 2817812,
            "current_ratio": 182.42,
            "debt_ratio": 51.31,
            "inventory_turnover_ratio": 1.14,
            "account_receivable_turnover_ratio": null,
            "reinvestment_rate": 154.1,
            "research_to_sale_ratio": null,
            "price_fair": 105.23,
            "eps_avg_yearly": 3.01,
            "eps_latest_yearly": 1.84,
            "eps_growth_yearly": 83.26
        },
        "20062": {
            "year_quarter": 20062,
            "year": 2006,
            "quarter": 2,
            "eps": 0.28,
            "eps_growth_year": -68.89,
            "eps_4q": 1.62,
            "eps_4q_growth_year": 5.78,
            "roe": 2.01,
            "gross_profit": 247502,
            "gross_margin": 17.94,
            "net_income": 55963,
            "revenue": 1379569,
            "common_shares": 1997009,
            "equity": 2745267,
            "current_ratio": 177.64,
            "debt_ratio": 52.91,
            "inventory_turnover_ratio": 1.31,
            "account_receivable_turnover_ratio": null,
            "reinvestment_rate": 133.17,
            "research_to_sale_ratio": null,
            "price_fair": 100.15,
            "eps_avg_yearly": 2.86,
            "eps_latest_yearly": 1.12,
            "eps_growth_yearly": 64.82
        },
        "20063": {
            "year_quarter": 20063,
            "year": 2006,
            "quarter": 3,
            "eps": -0.09,
            "eps_growth_year": -112.86,
            "eps_4q": 0.82,
            "eps_4q_growth_year": -53.93,
            "roe": -0.65,
            "gross_profit": 120405,
            "gross_margin": 11.01,
            "net_income": -17823,
            "revenue": 1094008,
            "common_shares": 2202822,
            "equity": 2744905,
            "current_ratio": 103.29,
            "debt_ratio": 50.22,
            "inventory_turnover_ratio": 1.11,
            "account_receivable_turnover_ratio": null,
            "reinvestment_rate": 131.1,
            "research_to_sale_ratio": null,
            "price_fair": 100.15,
            "eps_avg_yearly": 2.86,
            "eps_latest_yearly": 1.12,
            "eps_growth_yearly": 64.82
        },
        "20064": {
            "year_quarter": 20064,
            "year": 2006,
            "quarter": 4,
            "eps": -0.2,
            "eps_growth_year": -160.61,
            "eps_4q": 0.4,
            "eps_4q_growth_year": -81.85,
            "roe": -1.45,
            "gross_profit": 47767,
            "gross_margin": 4.79,
            "net_income": -39610,
            "revenue": 997459,
            "common_shares": 2202822,
            "equity": 2712559,
            "current_ratio": 107.83,
            "debt_ratio": 49.07,
            "inventory_turnover_ratio": 1.02,
            "account_receivable_turnover_ratio": null,
            "reinvestment_rate": 151.4,
            "research_to_sale_ratio": null,
            "price_fair": 103.83,
            "eps_avg_yearly": 2.97,
            "eps_latest_yearly": 1.12,
            "eps_growth_yearly": 45.58
        },
        "20071": {
            "year_quarter": 20071,
            "year": 2007,
            "quarter": 1,
            "eps": 0.2,
            "eps_growth_year": -56.52,
            "eps_4q": 0.19,
            "eps_4q_growth_year": -91.85,
            "roe": 1.51,
            "gross_profit": 123043,
            "gross_margin": 12.28,
            "net_income": 41233,
            "revenue": 1001937,
            "common_shares": 2202822,
            "equity": 2750707,
            "current_ratio": 106.42,
            "debt_ratio": 45.95,
            "inventory_turnover_ratio": 0.99,
            "account_receivable_turnover_ratio": null,
            "reinvestment_rate": 121.67,
            "research_to_sale_ratio": null,
            "price_fair": 105.13,
            "eps_avg_yearly": 3,
            "eps_latest_yearly": 1.12,
            "eps_growth_yearly": 27.91
        },
        "20072": {
            "year_quarter": 20072,
            "year": 2007,
            "quarter": 2,
            "eps": -0.02,
            "eps_growth_year": -107.14,
            "eps_4q": -0.1,
            "eps_4q_growth_year": -105.96,
            "roe": -0.19,
            "gross_profit": 96580,
            "gross_margin": 9.63,
            "net_income": -5137,
            "revenue": 1003293,
            "common_shares": 2206319,
            "equity": 2724633,
            "current_ratio": 110.03,
            "debt_ratio": 45.93,
            "inventory_turnover_ratio": 1.2,
            "account_receivable_turnover_ratio": null,
            "reinvestment_rate": 122.51,
            "research_to_sale_ratio": null,
            "price_fair": 77.81,
            "eps_avg_yearly": 2.96,
            "eps_latest_yearly": 1.12,
            "eps_growth_yearly": 16.32
        },
        "20073": {
            "year_quarter": 20073,
            "year": 2007,
            "quarter": 3,
            "eps": -0.04,
            "eps_growth_year": null,
            "eps_4q": -0.05,
            "eps_4q_growth_year": -106.67,
            "roe": -0.32,
            "gross_profit": 71998,
            "gross_margin": 6.54,
            "net_income": -8830,
            "revenue": 1101625,
            "common_shares": 2251569,
            "equity": 2720177,
            "current_ratio": 112.85,
            "debt_ratio": 46.33,
            "inventory_turnover_ratio": 1.36,
            "account_receivable_turnover_ratio": null,
            "reinvestment_rate": 126.36,
            "research_to_sale_ratio": null,
            "price_fair": 68.83,
            "eps_avg_yearly": 2.86,
            "eps_latest_yearly": 1.12,
            "eps_growth_yearly": 14.05
        },
        "20074": {
            "year_quarter": 20074,
            "year": 2007,
            "quarter": 4,
            "eps": -0.1,
            "eps_growth_year": null,
            "eps_4q": 0.02,
            "eps_4q_growth_year": -94.13,
            "roe": -0.8,
            "gross_profit": 43678,
            "gross_margin": 4.58,
            "net_income": -21157,
            "revenue": 953291,
            "common_shares": 2252144,
            "equity": 2589951,
            "current_ratio": 114.17,
            "debt_ratio": 46.71,
            "inventory_turnover_ratio": 1.01,
            "account_receivable_turnover_ratio": null,
            "reinvestment_rate": 152.45,
            "research_to_sale_ratio": null,
            "price_fair": 7.77,
            "eps_avg_yearly": 2.59,
            "eps_latest_yearly": 1.12,
            "eps_growth_yearly": -0.51
        },
        "20081": {
            "year_quarter": 20081,
            "year": 2008,
            "quarter": 1,
            "eps": -0.15,
            "eps_growth_year": -175,
            "eps_4q": -0.32,
            "eps_4q_growth_year": -266.59,
            "roe": -1.2,
            "gross_profit": 130601,
            "gross_margin": 13.82,
            "net_income": -30346,
            "revenue": 945227,
            "common_shares": 2252144,
            "equity": 2463482,
            "current_ratio": 113.36,
            "debt_ratio": 46.73,
            "inventory_turnover_ratio": 0.79,
            "account_receivable_turnover_ratio": null,
            "reinvestment_rate": 140.2,
            "research_to_sale_ratio": null,
            "price_fair": 6.7,
            "eps_avg_yearly": 2.23,
            "eps_latest_yearly": 1.12,
            "eps_growth_yearly": -1.04
        },
        "20082": {
            "year_quarter": 20082,
            "year": 2008,
            "quarter": 2,
            "eps": -0.48,
            "eps_growth_year": null,
            "eps_4q": -0.69,
            "eps_4q_growth_year": null,
            "roe": -4.01,
            "gross_profit": 29629,
            "gross_margin": 3.12,
            "net_income": -96990,
            "revenue": 950335,
            "common_shares": 2252489,
            "equity": 2371653,
            "current_ratio": 112.36,
            "debt_ratio": 50.19,
            "inventory_turnover_ratio": 0.92,
            "account_receivable_turnover_ratio": null,
            "reinvestment_rate": 157.41,
            "research_to_sale_ratio": null,
            "price_fair": 73.5,
            "eps_avg_yearly": 2.1,
            "eps_latest_yearly": 1.12,
            "eps_growth_yearly": 25.56
        },
        "20083": {
            "year_quarter": 20083,
            "year": 2008,
            "quarter": 3,
            "eps": 0,
            "eps_growth_year": null,
            "eps_4q": -0.68,
            "eps_4q_growth_year": null,
            "roe": -0.05,
            "gross_profit": 64955,
            "gross_margin": 7.31,
            "net_income": -1266,
            "revenue": 888916,
            "common_shares": 2177489,
            "equity": 2315977,
            "current_ratio": 179.63,
            "debt_ratio": 51.36,
            "inventory_turnover_ratio": 0.85,
            "account_receivable_turnover_ratio": null,
            "reinvestment_rate": 109.62,
            "research_to_sale_ratio": null,
            "price_fair": 74.76,
            "eps_avg_yearly": 2.14,
            "eps_latest_yearly": 1.12,
            "eps_growth_yearly": 60.15
        },
        "20084": {
            "year_quarter": 20084,
            "year": 2008,
            "quarter": 4,
            "eps": -0.48,
            "eps_growth_year": null,
            "eps_4q": -1.12,
            "eps_4q_growth_year": -4833.94,
            "roe": -4.2,
            "gross_profit": 21942,
            "gross_margin": 2.77,
            "net_income": -94747,
            "revenue": 791679,
            "common_shares": 2111076,
            "equity": 2199275,
            "current_ratio": 190.91,
            "debt_ratio": 50.34,
            "inventory_turnover_ratio": 0.8,
            "account_receivable_turnover_ratio": null,
            "reinvestment_rate": 26.08,
            "research_to_sale_ratio": null,
            "price_fair": 74.76,
            "eps_avg_yearly": 2.14,
            "eps_latest_yearly": 1.12,
            "eps_growth_yearly": 60.15
        },
        "20091": {
            "year_quarter": 20091,
            "year": 2009,
            "quarter": 1,
            "eps": -0.28,
            "eps_growth_year": null,
            "eps_4q": -1.16,
            "eps_4q_growth_year": null,
            "roe": -2.47,
            "gross_profit": 23361,
            "gross_margin": 3.76,
            "net_income": -53709,
            "revenue": 620501,
            "common_shares": 2111076,
            "equity": 2154184,
            "current_ratio": 209.2,
            "debt_ratio": 48.72,
            "inventory_turnover_ratio": 0.63,
            "account_receivable_turnover_ratio": 1.7,
            "reinvestment_rate": -472.91,
            "research_to_sale_ratio": null,
            "price_fair": 74.76,
            "eps_avg_yearly": 2.14,
            "eps_latest_yearly": 1.12,
            "eps_growth_yearly": 60.15
        },
        "20092": {
            "year_quarter": 20092,
            "year": 2009,
            "quarter": 2,
            "eps": -0.78,
            "eps_growth_year": null,
            "eps_4q": -1.39,
            "eps_4q_growth_year": null,
            "roe": -7.1,
            "gross_profit": -19021,
            "gross_margin": -2.84,
            "net_income": -147415,
            "revenue": 670857,
            "common_shares": 2111076,
            "equity": 1999186,
            "current_ratio": 217.71,
            "debt_ratio": 48.73,
            "inventory_turnover_ratio": 0.81,
            "account_receivable_turnover_ratio": 0.88,
            "reinvestment_rate": null,
            "research_to_sale_ratio": null,
            "price_fair": 5.31,
            "eps_avg_yearly": 1.77,
            "eps_latest_yearly": 1.12,
            "eps_growth_yearly": -74.82
        },
        "20093": {
            "year_quarter": 20093,
            "year": 2009,
            "quarter": 3,
            "eps": -0.93,
            "eps_growth_year": null,
            "eps_4q": -2.22,
            "eps_4q_growth_year": null,
            "roe": -9.18,
            "gross_profit": 12666,
            "gross_margin": 1.81,
            "net_income": -175405,
            "revenue": 701469,
            "common_shares": 2111076,
            "equity": 1821007,
            "current_ratio": 194.67,
            "debt_ratio": 51.7,
            "inventory_turnover_ratio": 0.85,
            "account_receivable_turnover_ratio": 0.9,
            "reinvestment_rate": null,
            "research_to_sale_ratio": null,
            "price_fair": 4.28,
            "eps_avg_yearly": 1.43,
            "eps_latest_yearly": 1.12,
            "eps_growth_yearly": -70.12
        },
        "20094": {
            "year_quarter": 20094,
            "year": 2009,
            "quarter": 4,
            "eps": -0.53,
            "eps_growth_year": null,
            "eps_4q": -2.51,
            "eps_4q_growth_year": null,
            "roe": -5.7,
            "gross_profit": 25070,
            "gross_margin": 2.8,
            "net_income": -100884,
            "revenue": 894940,
            "common_shares": 2111076,
            "equity": 1719027,
            "current_ratio": 104.68,
            "debt_ratio": 54.55,
            "inventory_turnover_ratio": 1.09,
            "account_receivable_turnover_ratio": 1.15,
            "reinvestment_rate": null,
            "research_to_sale_ratio": null,
            "price_fair": 14.8,
            "eps_avg_yearly": 1.48,
            "eps_latest_yearly": 1.12,
            "eps_growth_yearly": 0.53
        },
        "20101": {
            "year_quarter": 20101,
            "year": 2010,
            "quarter": 1,
            "eps": -0.24,
            "eps_growth_year": null,
            "eps_4q": -2.49,
            "eps_4q_growth_year": null,
            "roe": -2.64,
            "gross_profit": 49813,
            "gross_margin": 6.45,
            "net_income": -44909,
            "revenue": 772204,
            "common_shares": 2111076,
            "equity": 1681648,
            "current_ratio": 182.6,
            "debt_ratio": 53.11,
            "inventory_turnover_ratio": 0.91,
            "account_receivable_turnover_ratio": 1.04,
            "reinvestment_rate": null,
            "research_to_sale_ratio": 2.57,
            "price_fair": 3.36,
            "eps_avg_yearly": 1.12,
            "eps_latest_yearly": 1.12,
            "eps_growth_yearly": -156.52
        },
        "20102": {
            "year_quarter": 20102,
            "year": 2010,
            "quarter": 2,
            "eps": 0,
            "eps_growth_year": null,
            "eps_4q": -1.7,
            "eps_4q_growth_year": null,
            "roe": 0.04,
            "gross_profit": 117236,
            "gross_margin": 11.36,
            "net_income": 718,
            "revenue": 1031917,
            "common_shares": 2111076,
            "equity": 1671162,
            "current_ratio": 180.64,
            "debt_ratio": 53.28,
            "inventory_turnover_ratio": 1.16,
            "account_receivable_turnover_ratio": 0.63,
            "reinvestment_rate": null,
            "research_to_sale_ratio": 2.22,
            "price_fair": 0,
            "eps_avg_yearly": 0,
            "eps_latest_yearly": 0,
            "eps_growth_yearly": 0
        },
        "20103": {
            "year_quarter": 20103,
            "year": 2010,
            "quarter": 3,
            "eps": 0.11,
            "eps_growth_year": null,
            "eps_4q": -0.67,
            "eps_4q_growth_year": null,
            "roe": 1.21,
            "gross_profit": 162449,
            "gross_margin": 15.07,
            "net_income": 20364,
            "revenue": 1078059,
            "common_shares": 2111076,
            "equity": 1697746,
            "current_ratio": 144.39,
            "debt_ratio": 53.38,
            "inventory_turnover_ratio": 1.12,
            "account_receivable_turnover_ratio": 0.62,
            "reinvestment_rate": null,
            "research_to_sale_ratio": 2,
            "price_fair": 0,
            "eps_avg_yearly": 0,
            "eps_latest_yearly": 0,
            "eps_growth_yearly": 0
        },
        "20104": {
            "year_quarter": 20104,
            "year": 2010,
            "quarter": 4,
            "eps": -0.22,
            "eps_growth_year": null,
            "eps_4q": -0.34,
            "eps_4q_growth_year": null,
            "roe": -2.6,
            "gross_profit": 106404,
            "gross_margin": 9.75,
            "net_income": -48778,
            "revenue": 1091407,
            "common_shares": 2341076,
            "equity": 2059007,
            "current_ratio": 154.16,
            "debt_ratio": 48.8,
            "inventory_turnover_ratio": 1,
            "account_receivable_turnover_ratio": 0.71,
            "reinvestment_rate": null,
            "research_to_sale_ratio": 2.5,
            "price_fair": 0,
            "eps_avg_yearly": 0,
            "eps_latest_yearly": 0,
            "eps_growth_yearly": 0
        },
        "20111": {
            "year_quarter": 20111,
            "year": 2011,
            "quarter": 1,
            "eps": 0.16,
            "eps_growth_year": null,
            "eps_4q": 0.03,
            "eps_4q_growth_year": null,
            "roe": 1.68,
            "gross_profit": 137382,
            "gross_margin": 11.83,
            "net_income": 34778,
            "revenue": 1161622,
            "common_shares": 2261076,
            "equity": 2082951,
            "current_ratio": 237,
            "debt_ratio": 44.7,
            "inventory_turnover_ratio": 0.98,
            "account_receivable_turnover_ratio": 0.88,
            "reinvestment_rate": null,
            "research_to_sale_ratio": 1.74,
            "price_fair": 0,
            "eps_avg_yearly": 0,
            "eps_latest_yearly": 0,
            "eps_growth_yearly": 0
        },
        "20112": {
            "year_quarter": 20112,
            "year": 2011,
            "quarter": 2,
            "eps": -0.07,
            "eps_growth_year": -9127.71,
            "eps_4q": -0.04,
            "eps_4q_growth_year": null,
            "roe": -0.71,
            "gross_profit": 118914,
            "gross_margin": 11.8,
            "net_income": -14755,
            "revenue": 1007443,
            "common_shares": 2261076,
            "equity": 2056517,
            "current_ratio": 227.2,
            "debt_ratio": 45.68,
            "inventory_turnover_ratio": 0.87,
            "account_receivable_turnover_ratio": 0.77,
            "reinvestment_rate": null,
            "research_to_sale_ratio": 2.33,
            "price_fair": 0,
            "eps_avg_yearly": 0,
            "eps_latest_yearly": 0,
            "eps_growth_yearly": 0
        },
        "20113": {
            "year_quarter": 20113,
            "year": 2011,
            "quarter": 3,
            "eps": 0.05,
            "eps_growth_year": -57.21,
            "eps_4q": -0.09,
            "eps_4q_growth_year": null,
            "roe": 0.51,
            "gross_profit": 82658,
            "gross_margin": 9.13,
            "net_income": 10449,
            "revenue": 905601,
            "common_shares": 2261076,
            "equity": 2069646,
            "current_ratio": 287.59,
            "debt_ratio": 49.47,
            "inventory_turnover_ratio": 0.78,
            "account_receivable_turnover_ratio": 0.72,
            "reinvestment_rate": null,
            "research_to_sale_ratio": 2.05,
            "price_fair": 0,
            "eps_avg_yearly": 0,
            "eps_latest_yearly": 0,
            "eps_growth_yearly": 0
        },
        "20114": {
            "year_quarter": 20114,
            "year": 2011,
            "quarter": 4,
            "eps": -0.13,
            "eps_growth_year": null,
            "eps_4q": 0.01,
            "eps_4q_growth_year": null,
            "roe": -1.39,
            "gross_profit": 64607,
            "gross_margin": 7.47,
            "net_income": -28639,
            "revenue": 865167,
            "common_shares": 2261076,
            "equity": 2038556,
            "current_ratio": 246.3,
            "debt_ratio": 48.1,
            "inventory_turnover_ratio": 0.78,
            "account_receivable_turnover_ratio": 0.79,
            "reinvestment_rate": null,
            "research_to_sale_ratio": 2.01,
            "price_fair": 0,
            "eps_avg_yearly": 0,
            "eps_latest_yearly": 0,
            "eps_growth_yearly": 0
        },
        "20121": {
            "year_quarter": 20121,
            "year": 2012,
            "quarter": 1,
            "eps": -0.23,
            "eps_growth_year": -243.75,
            "eps_4q": -0.38,
            "eps_4q_growth_year": -1414.69,
            "roe": -2.51,
            "gross_profit": 71130,
            "gross_margin": 8.22,
            "net_income": -50446,
            "revenue": 865308,
            "common_shares": 2261076,
            "equity": 1984433,
            "current_ratio": 244.38,
            "debt_ratio": 47.83,
            "inventory_turnover_ratio": 0.82,
            "account_receivable_turnover_ratio": 0.84,
            "reinvestment_rate": null,
            "research_to_sale_ratio": 2.43,
            "price_fair": 0,
            "eps_avg_yearly": 0,
            "eps_latest_yearly": 0,
            "eps_growth_yearly": 0
        },
        "20122": {
            "year_quarter": 20122,
            "year": 2012,
            "quarter": 2,
            "eps": -0.09,
            "eps_growth_year": null,
            "eps_4q": -0.4,
            "eps_4q_growth_year": null,
            "roe": -0.97,
            "gross_profit": 73714,
            "gross_margin": 8.21,
            "net_income": -19064,
            "revenue": 897426,
            "common_shares": 2261076,
            "equity": 1962809,
            "current_ratio": 247.74,
            "debt_ratio": 48.07,
            "inventory_turnover_ratio": 0.9,
            "account_receivable_turnover_ratio": 0.84,
            "reinvestment_rate": null,
            "research_to_sale_ratio": 2.27,
            "price_fair": 0,
            "eps_avg_yearly": 0,
            "eps_latest_yearly": 0,
            "eps_growth_yearly": 0
        },
        "20123": {
            "year_quarter": 20123,
            "year": 2012,
            "quarter": 3,
            "eps": 0.03,
            "eps_growth_year": -39.76,
            "eps_4q": -0.42,
            "eps_4q_growth_year": null,
            "roe": 0.31,
            "gross_profit": 132587,
            "gross_margin": 12.51,
            "net_income": 6085,
            "revenue": 1059978,
            "common_shares": 2261076,
            "equity": 1964284,
            "current_ratio": 221.58,
            "debt_ratio": 49.95,
            "inventory_turnover_ratio": 1.04,
            "account_receivable_turnover_ratio": 1,
            "reinvestment_rate": null,
            "research_to_sale_ratio": 2.22,
            "price_fair": 0,
            "eps_avg_yearly": 0,
            "eps_latest_yearly": 0,
            "eps_growth_yearly": 0
        },
        "20124": {
            "year_quarter": 20124,
            "year": 2012,
            "quarter": 4,
            "eps": -0.21,
            "eps_growth_year": null,
            "eps_4q": -0.5,
            "eps_4q_growth_year": -5268.9,
            "roe": -2.4,
            "gross_profit": 92397,
            "gross_margin": 10.12,
            "net_income": -46359,
            "revenue": 913082,
            "common_shares": 2261076,
            "equity": 1906827,
            "current_ratio": 155.37,
            "debt_ratio": 45.36,
            "inventory_turnover_ratio": 0.93,
            "account_receivable_turnover_ratio": 0.93,
            "reinvestment_rate": null,
            "research_to_sale_ratio": 2.47,
            "price_fair": 0,
            "eps_avg_yearly": 0,
            "eps_latest_yearly": 0,
            "eps_growth_yearly": 0
        },
        "20131": {
            "year_quarter": 20131,
            "year": 2013,
            "quarter": 1,
            "eps": 0.02,
            "eps_growth_year": null,
            "eps_4q": -0.25,
            "eps_4q_growth_year": null,
            "roe": 0.24,
            "gross_profit": 95332,
            "gross_margin": 12.35,
            "net_income": 4555,
            "revenue": 771984,
            "common_shares": 2261076,
            "equity": 1835505,
            "current_ratio": 202.24,
            "debt_ratio": 45.83,
            "inventory_turnover_ratio": 0.76,
            "account_receivable_turnover_ratio": 1.09,
            "reinvestment_rate": null,
            "research_to_sale_ratio": 2.85,
            "price_fair": 0,
            "eps_avg_yearly": 0,
            "eps_latest_yearly": 0,
            "eps_growth_yearly": 0
        },
        "20132": {
            "year_quarter": 20132,
            "year": 2013,
            "quarter": 2,
            "eps": 0.09,
            "eps_growth_year": null,
            "eps_4q": -0.07,
            "eps_4q_growth_year": null,
            "roe": 1.06,
            "gross_profit": 126600,
            "gross_margin": 14.4,
            "net_income": 19427,
            "revenue": 879084,
            "common_shares": 2261076,
            "equity": 1842363,
            "current_ratio": 202.44,
            "debt_ratio": 46.16,
            "inventory_turnover_ratio": 0.82,
            "account_receivable_turnover_ratio": 1.63,
            "reinvestment_rate": null,
            "research_to_sale_ratio": 2.71,
            "price_fair": 12.6,
            "eps_avg_yearly": 0.36,
            "eps_latest_yearly": 0.36,
            "eps_growth_yearly": 1400
        },
        "20133": {
            "year_quarter": 20133,
            "year": 2013,
            "quarter": 3,
            "eps": 0.01,
            "eps_growth_year": -63.83,
            "eps_4q": -0.1,
            "eps_4q_growth_year": null,
            "roe": 0.04,
            "gross_profit": 123342,
            "gross_margin": 13.83,
            "net_income": 825,
            "revenue": 891866,
            "common_shares": 2261076,
            "equity": 1920480,
            "current_ratio": 182.79,
            "debt_ratio": 47,
            "inventory_turnover_ratio": 0.86,
            "account_receivable_turnover_ratio": 1.52,
            "reinvestment_rate": null,
            "research_to_sale_ratio": 2.42,
            "price_fair": 7,
            "eps_avg_yearly": 0.2,
            "eps_latest_yearly": 0.04,
            "eps_growth_yearly": 522.22
        },
        "20134": {
            "year_quarter": 20134,
            "year": 2013,
            "quarter": 4,
            "eps": 0.12,
            "eps_growth_year": null,
            "eps_4q": 0.23,
            "eps_4q_growth_year": null,
            "roe": 1.29,
            "gross_profit": 112959,
            "gross_margin": 10.34,
            "net_income": 25000,
            "revenue": 1092665,
            "common_shares": 2261076,
            "equity": 1953317,
            "current_ratio": 265.7,
            "debt_ratio": 46.94,
            "inventory_turnover_ratio": 1.11,
            "account_receivable_turnover_ratio": 1.79,
            "reinvestment_rate": null,
            "research_to_sale_ratio": 1.99,
            "price_fair": 10.27,
            "eps_avg_yearly": 0.29,
            "eps_latest_yearly": 0.48,
            "eps_growth_yearly": 1814.81
        },
        "20141": {
            "year_quarter": 20141,
            "year": 2014,
            "quarter": 1,
            "eps": 0.21,
            "eps_growth_year": 950,
            "eps_4q": 0.42,
            "eps_4q_growth_year": null,
            "roe": 2.24,
            "gross_profit": 143017,
            "gross_margin": 12.66,
            "net_income": 44380,
            "revenue": 1129340,
            "common_shares": 2261076,
            "equity": 2006493,
            "current_ratio": 273.17,
            "debt_ratio": 45.57,
            "inventory_turnover_ratio": 1.1,
            "account_receivable_turnover_ratio": 1.76,
            "reinvestment_rate": null,
            "research_to_sale_ratio": 1.83,
            "price_fair": 15.05,
            "eps_avg_yearly": 0.43,
            "eps_latest_yearly": 0.84,
            "eps_growth_yearly": 1436.11
        },
        "20142": {
            "year_quarter": 20142,
            "year": 2014,
            "quarter": 2,
            "eps": 0.14,
            "eps_growth_year": 55.56,
            "eps_4q": 0.47,
            "eps_4q_growth_year": null,
            "roe": 1.5,
            "gross_profit": 144238,
            "gross_margin": 14.5,
            "net_income": 30445,
            "revenue": 994470,
            "common_shares": 2261076,
            "equity": 2045119,
            "current_ratio": 286.58,
            "debt_ratio": 44.72,
            "inventory_turnover_ratio": 0.97,
            "account_receivable_turnover_ratio": 1.61,
            "reinvestment_rate": null,
            "research_to_sale_ratio": 2.15,
            "price_fair": 15.96,
            "eps_avg_yearly": 0.46,
            "eps_latest_yearly": 0.56,
            "eps_growth_yearly": 1122.22
        },
        "20143": {
            "year_quarter": 20143,
            "year": 2014,
            "quarter": 3,
            "eps": 0.19,
            "eps_growth_year": 1800,
            "eps_4q": 0.65,
            "eps_4q_growth_year": null,
            "roe": 2,
            "gross_profit": 146636,
            "gross_margin": 14.66,
            "net_income": 41289,
            "revenue": 1000580,
            "common_shares": 2261076,
            "equity": 2080952,
            "current_ratio": 288.42,
            "debt_ratio": 43.95,
            "inventory_turnover_ratio": 1.01,
            "account_receivable_turnover_ratio": 1.65,
            "reinvestment_rate": -5731.06,
            "research_to_sale_ratio": 2.22,
            "price_fair": 17.73,
            "eps_avg_yearly": 0.51,
            "eps_latest_yearly": 0.76,
            "eps_growth_yearly": 958.99
        },
        "20144": {
            "year_quarter": 20144,
            "year": 2014,
            "quarter": 4,
            "eps": 0.25,
            "eps_growth_year": 115.39,
            "eps_4q": 0.79,
            "eps_4q_growth_year": 237.08,
            "roe": 2.56,
            "gross_profit": 133825,
            "gross_margin": 16.82,
            "net_income": 53879,
            "revenue": 795500,
            "common_shares": 2261076,
            "equity": 2132593,
            "current_ratio": 345.91,
            "debt_ratio": 39.92,
            "inventory_turnover_ratio": 0.78,
            "account_receivable_turnover_ratio": 1.49,
            "reinvestment_rate": -520,
            "research_to_sale_ratio": 2.62,
            "price_fair": 20.2,
            "eps_avg_yearly": 0.58,
            "eps_latest_yearly": 1,
            "eps_growth_yearly": 840.04
        },
        "20151": {
            "year_quarter": 20151,
            "year": 2015,
            "quarter": 1,
            "eps": 0.27,
            "eps_growth_year": 28.57,
            "eps_4q": 0.85,
            "eps_4q_growth_year": 103.69,
            "roe": 2.69,
            "gross_profit": 183127,
            "gross_margin": 20.4,
            "net_income": 58021,
            "revenue": 897697,
            "common_shares": 2261076,
            "equity": 2187815,
            "current_ratio": 305.6,
            "debt_ratio": 41.53,
            "inventory_turnover_ratio": 0.83,
            "account_receivable_turnover_ratio": 1.92,
            "reinvestment_rate": -449.01,
            "research_to_sale_ratio": 2.73,
            "price_fair": 22.4,
            "eps_avg_yearly": 0.64,
            "eps_latest_yearly": 1.08,
            "eps_growth_yearly": 739.04
        },
        "20152": {
            "year_quarter": 20152,
            "year": 2015,
            "quarter": 2,
            "eps": 0.2,
            "eps_growth_year": 42.86,
            "eps_4q": 0.91,
            "eps_4q_growth_year": 93.65,
            "roe": 1.95,
            "gross_profit": 173239,
            "gross_margin": 19.11,
            "net_income": 42855,
            "revenue": 906329,
            "common_shares": 2261076,
            "equity": 2214657,
            "current_ratio": 300.8,
            "debt_ratio": 41.99,
            "inventory_turnover_ratio": 0.87,
            "account_receivable_turnover_ratio": 1.75,
            "reinvestment_rate": -334.53,
            "research_to_sale_ratio": 2.47,
            "price_fair": 23.02,
            "eps_avg_yearly": 0.66,
            "eps_latest_yearly": 0.8,
            "eps_growth_yearly": 645.4
        },
        "20153": {
            "year_quarter": 20153,
            "year": 2015,
            "quarter": 3,
            "eps": 0.48,
            "eps_growth_year": 152.63,
            "eps_4q": 1.22,
            "eps_4q_growth_year": 86.63,
            "roe": 4.68,
            "gross_profit": 165014,
            "gross_margin": 18.58,
            "net_income": 103656,
            "revenue": 888001,
            "common_shares": 2211076,
            "equity": 2214179,
            "current_ratio": 254.35,
            "debt_ratio": 38.95,
            "inventory_turnover_ratio": 0.9,
            "account_receivable_turnover_ratio": 1.64,
            "reinvestment_rate": -221.2,
            "research_to_sale_ratio": 3.17,
            "price_fair": 27.44,
            "eps_avg_yearly": 0.78,
            "eps_latest_yearly": 1.92,
            "eps_growth_yearly": 636.86
        },
        "20154": {
            "year_quarter": 20154,
            "year": 2015,
            "quarter": 4,
            "eps": 0.3,
            "eps_growth_year": 20.05,
            "eps_4q": 1.29,
            "eps_4q_growth_year": 64.11,
            "roe": 2.87,
            "gross_profit": 172529,
            "gross_margin": 21.99,
            "net_income": 62105,
            "revenue": 784730,
            "common_shares": 2149076,
            "equity": 2116069,
            "current_ratio": 221.72,
            "debt_ratio": 43.74,
            "inventory_turnover_ratio": 0.74,
            "account_receivable_turnover_ratio": 1.57,
            "reinvestment_rate": -165.36,
            "research_to_sale_ratio": 3.2,
            "price_fair": 28.76,
            "eps_avg_yearly": 0.82,
            "eps_latest_yearly": 1.2,
            "eps_growth_yearly": 565.33
        },
        "20161": {
            "year_quarter": 20161,
            "year": 2016,
            "quarter": 1,
            "eps": 0.31,
            "eps_growth_year": 14.81,
            "eps_4q": 1.46,
            "eps_4q_growth_year": 71.98,
            "roe": 2.85,
            "gross_profit": 190602,
            "gross_margin": 21.46,
            "net_income": 59509,
            "revenue": 888289,
            "common_shares": 2009076,
            "equity": 2060149,
            "current_ratio": 211.88,
            "debt_ratio": 39.23,
            "inventory_turnover_ratio": 0.84,
            "account_receivable_turnover_ratio": 1.98,
            "reinvestment_rate": -118.34,
            "research_to_sale_ratio": 2.63,
            "price_fair": 29.98,
            "eps_avg_yearly": 0.86,
            "eps_latest_yearly": 1.24,
            "eps_growth_yearly": 519.33
        },
        "20162": {
            "year_quarter": 20162,
            "year": 2016,
            "quarter": 2,
            "eps": 0.18,
            "eps_growth_year": -10,
            "eps_4q": 1.43,
            "eps_4q_growth_year": 58.3,
            "roe": 1.67,
            "gross_profit": 145394,
            "gross_margin": 17.68,
            "net_income": 33833,
            "revenue": 822467,
            "common_shares": 2009076,
            "equity": 1989469,
            "current_ratio": 186.34,
            "debt_ratio": 45.19,
            "inventory_turnover_ratio": 0.86,
            "account_receivable_turnover_ratio": 1.77,
            "reinvestment_rate": -102.03,
            "research_to_sale_ratio": 3.12,
            "price_fair": 29.62,
            "eps_avg_yearly": 0.85,
            "eps_latest_yearly": 0.72,
            "eps_growth_yearly": 466.47
        },
        "20163": {
            "year_quarter": 20163,
            "year": 2016,
            "quarter": 3,
            "eps": 0.2,
            "eps_growth_year": -58.33,
            "eps_4q": 1.06,
            "eps_4q_growth_year": -12.86,
            "roe": 1.79,
            "gross_profit": 173715,
            "gross_margin": 22.21,
            "net_income": 35971,
            "revenue": 782064,
            "common_shares": 2009076,
            "equity": 2038702,
            "current_ratio": 195.33,
            "debt_ratio": 43.62,
            "inventory_turnover_ratio": 0.83,
            "account_receivable_turnover_ratio": 1.66,
            "reinvestment_rate": -97.54,
            "research_to_sale_ratio": 3.09,
            "price_fair": 29.5,
            "eps_avg_yearly": 0.84,
            "eps_latest_yearly": 0.8,
            "eps_growth_yearly": 436.33
        },
        "20164": {
            "year_quarter": 20164,
            "year": 2016,
            "quarter": 4,
            "eps": 0.34,
            "eps_growth_year": 12.13,
            "eps_4q": 1.08,
            "eps_4q_growth_year": -16.43,
            "roe": 2.87,
            "gross_profit": 118015,
            "gross_margin": 17.2,
            "net_income": 58533,
            "revenue": 686099,
            "common_shares": 1949076,
            "equity": 2040669,
            "current_ratio": 208.28,
            "debt_ratio": 40.92,
            "inventory_turnover_ratio": 0.77,
            "account_receivable_turnover_ratio": 1.65,
            "reinvestment_rate": -77.72,
            "research_to_sale_ratio": 4.27,
            "price_fair": 30.71,
            "eps_avg_yearly": 0.88,
            "eps_latest_yearly": 1.36,
            "eps_growth_yearly": 425.91
        },
        "20171": {
            "year_quarter": 20171,
            "year": 2017,
            "quarter": 1,
            "eps": -0.25,
            "eps_growth_year": -180.65,
            "eps_4q": 0.53,
            "eps_4q_growth_year": -63.65,
            "roe": -2.16,
            "gross_profit": 126177,
            "gross_margin": 17.36,
            "net_income": -42334,
            "revenue": 726863,
            "common_shares": 1894076,
            "equity": 1878371,
            "current_ratio": 188.94,
            "debt_ratio": 44.95,
            "inventory_turnover_ratio": 0.8,
            "account_receivable_turnover_ratio": 1.93,
            "reinvestment_rate": -43.88,
            "research_to_sale_ratio": 2.85,
            "price_fair": 30.71,
            "eps_avg_yearly": 0.88,
            "eps_latest_yearly": 1.36,
            "eps_growth_yearly": 425.91
        },
        "20172": {
            "year_quarter": 20172,
            "year": 2017,
            "quarter": 2,
            "eps": 0.21,
            "eps_growth_year": 16.67,
            "eps_4q": 0.54,
            "eps_4q_growth_year": -62.58,
            "roe": 1.87,
            "gross_profit": 134399,
            "gross_margin": 17.99,
            "net_income": 34897,
            "revenue": 746918,
            "common_shares": 1834076,
            "equity": 1859829,
            "current_ratio": 182.58,
            "debt_ratio": 46.97,
            "inventory_turnover_ratio": 0.81,
            "account_receivable_turnover_ratio": 1.83,
            "reinvestment_rate": -39.69,
            "research_to_sale_ratio": 3.12,
            "price_fair": 32,
            "eps_avg_yearly": 0.91,
            "eps_latest_yearly": 1.36,
            "eps_growth_yearly": 356.33
        },
        "20173": {
            "year_quarter": 20173,
            "year": 2017,
            "quarter": 3,
            "eps": 0.21,
            "eps_growth_year": 5,
            "eps_4q": 0.53,
            "eps_4q_growth_year": -50.24,
            "roe": 1.92,
            "gross_profit": 126578,
            "gross_margin": 16.46,
            "net_income": 36085,
            "revenue": 769121,
            "common_shares": 1834076,
            "equity": 1891923,
            "current_ratio": 258.17,
            "debt_ratio": 45.49,
            "inventory_turnover_ratio": 0.82,
            "account_receivable_turnover_ratio": 1.66,
            "reinvestment_rate": -55.48,
            "research_to_sale_ratio": 3.46,
            "price_fair": 34,
            "eps_avg_yearly": 0.97,
            "eps_latest_yearly": 0.84,
            "eps_growth_yearly": 381.73
        },
        "20174": {
            "year_quarter": 20174,
            "year": 2017,
            "quarter": 4,
            "eps": 0.17,
            "eps_growth_year": -50.45,
            "eps_4q": 0.33,
            "eps_4q_growth_year": -69.03,
            "roe": 1.41,
            "gross_profit": 123508,
            "gross_margin": 16.2,
            "net_income": 26923,
            "revenue": 762234,
            "common_shares": 1834076,
            "equity": 1917562,
            "current_ratio": 255.82,
            "debt_ratio": 45.76,
            "inventory_turnover_ratio": 0.8,
            "account_receivable_turnover_ratio": 1.56,
            "reinvestment_rate": -51.48,
            "research_to_sale_ratio": 3.37,
            "price_fair": 34.5,
            "eps_avg_yearly": 0.99,
            "eps_latest_yearly": 0.68,
            "eps_growth_yearly": 62
        },
        "20181": {
            "year_quarter": 20181,
            "year": 2018,
            "quarter": 1,
            "eps": -0.1,
            "eps_growth_year": null,
            "eps_4q": 0.5,
            "eps_4q_growth_year": -6.04,
            "roe": -0.84,
            "gross_profit": 104297,
            "gross_margin": 14.8,
            "net_income": -15732,
            "revenue": 704679,
            "common_shares": 1834076,
            "equity": 1844523,
            "current_ratio": 259.2,
            "debt_ratio": 45.59,
            "inventory_turnover_ratio": 0.78,
            "account_receivable_turnover_ratio": 1.5,
            "reinvestment_rate": -75.72,
            "research_to_sale_ratio": 2.98,
            "price_fair": 34.89,
            "eps_avg_yearly": 1,
            "eps_latest_yearly": 0.68,
            "eps_growth_yearly": 43.69
        },
        "20182": {
            "year_quarter": 20182,
            "year": 2018,
            "quarter": 2,
            "eps": 0.37,
            "eps_growth_year": 76.19,
            "eps_4q": 0.66,
            "eps_4q_growth_year": 23.02,
            "roe": 3.18,
            "gross_profit": 108855,
            "gross_margin": 16.49,
            "net_income": 58378,
            "revenue": 660229,
            "common_shares": 1794076,
            "equity": 1823349,
            "current_ratio": 289.08,
            "debt_ratio": 42.57,
            "inventory_turnover_ratio": 0.73,
            "account_receivable_turnover_ratio": 1.5,
            "reinvestment_rate": -64.25,
            "research_to_sale_ratio": 4.03,
            "price_fair": 36.17,
            "eps_avg_yearly": 1.03,
            "eps_latest_yearly": 0.68,
            "eps_growth_yearly": 58.44
        },
        "20183": {
            "year_quarter": 20183,
            "year": 2018,
            "quarter": 3,
            "eps": 0.32,
            "eps_growth_year": 52.38,
            "eps_4q": 0.75,
            "eps_4q_growth_year": 42.86,
            "roe": 2.74,
            "gross_profit": 147664,
            "gross_margin": 19.75,
            "net_income": 49922,
            "revenue": 747559,
            "common_shares": 1794076,
            "equity": 1821384,
            "current_ratio": 239.97,
            "debt_ratio": 45.21,
            "inventory_turnover_ratio": 0.82,
            "account_receivable_turnover_ratio": 1.6,
            "reinvestment_rate": -55.85,
            "research_to_sale_ratio": 3.78,
            "price_fair": 37.68,
            "eps_avg_yearly": 1.08,
            "eps_latest_yearly": 1.28,
            "eps_growth_yearly": 42.03
        },
        "20184": {
            "year_quarter": 20184,
            "year": 2018,
            "quarter": 4,
            "eps": 0.13,
            "eps_growth_year": -24.09,
            "eps_4q": 0.73,
            "eps_4q_growth_year": 118.15,
            "roe": 1.08,
            "gross_profit": 118535,
            "gross_margin": 16.78,
            "net_income": 19595,
            "revenue": 706268,
            "common_shares": 1744076,
            "equity": 1809159,
            "current_ratio": 250.28,
            "debt_ratio": 46.7,
            "inventory_turnover_ratio": 0.75,
            "account_receivable_turnover_ratio": 1.45,
            "reinvestment_rate": -55.28,
            "research_to_sale_ratio": 3.88,
            "price_fair": 22.51,
            "eps_avg_yearly": 1.04,
            "eps_latest_yearly": 0.52,
            "eps_growth_yearly": 11.72
        },
        "20191": {
            "year_quarter": 20191,
            "year": 2019,
            "quarter": 1,
            "eps": 0.35,
            "eps_growth_year": null,
            "eps_4q": 1.21,
            "eps_4q_growth_year": 142.81,
            "roe": 2.9,
            "gross_profit": 157857,
            "gross_margin": 17.72,
            "net_income": 52616,
            "revenue": 890981,
            "common_shares": 1744076,
            "equity": 1823140,
            "current_ratio": 272.85,
            "debt_ratio": 45.66,
            "inventory_turnover_ratio": 0.89,
            "account_receivable_turnover_ratio": 1.78,
            "reinvestment_rate": -54.29,
            "research_to_sale_ratio": 2.81,
            "price_fair": 37.22,
            "eps_avg_yearly": 1.06,
            "eps_latest_yearly": 1.4,
            "eps_growth_yearly": 65.46
        },
        "20192": {
            "year_quarter": 20192,
            "year": 2019,
            "quarter": 2,
            "eps": 0.55,
            "eps_growth_year": 48.65,
            "eps_4q": 1.37,
            "eps_4q_growth_year": 107.44,
            "roe": 4.45,
            "gross_profit": 198638,
            "gross_margin": 19.62,
            "net_income": 81629,
            "revenue": 1012590,
            "common_shares": 1624076,
            "equity": 1844804,
            "current_ratio": 273.35,
            "debt_ratio": 45.35,
            "inventory_turnover_ratio": 1.03,
            "account_receivable_turnover_ratio": 1.77,
            "reinvestment_rate": -49.76,
            "research_to_sale_ratio": 2.53,
            "price_fair": 41.3,
            "eps_avg_yearly": 1.18,
            "eps_latest_yearly": 2.2,
            "eps_growth_yearly": 93.15
        },
        "20193": {
            "year_quarter": 20193,
            "year": 2019,
            "quarter": 3,
            "eps": 0.62,
            "eps_growth_year": 93.75,
            "eps_4q": 1.66,
            "eps_4q_growth_year": 119.52,
            "roe": 4.88,
            "gross_profit": 237835,
            "gross_margin": 20.17,
            "net_income": 92427,
            "revenue": 1179102,
            "common_shares": 1624076,
            "equity": 1941076,
            "current_ratio": 189.54,
            "debt_ratio": 46.79,
            "inventory_turnover_ratio": 1.17,
            "account_receivable_turnover_ratio": 1.88,
            "reinvestment_rate": -58.33,
            "research_to_sale_ratio": 2.72,
            "price_fair": 42.93,
            "eps_avg_yearly": 1.23,
            "eps_latest_yearly": 2.48,
            "eps_growth_yearly": 50.72
        },
        "20194": {
            "year_quarter": 20194,
            "year": 2019,
            "quarter": 4,
            "eps": 0.21,
            "eps_growth_year": 63.46,
            "eps_4q": 1.73,
            "eps_4q_growth_year": 137.64,
            "roe": 1.56,
            "gross_profit": 206690,
            "gross_margin": 20.17,
            "net_income": 30375,
            "revenue": 1024886,
            "common_shares": 1624076,
            "equity": 1951981,
            "current_ratio": 193.08,
            "debt_ratio": 46.33,
            "inventory_turnover_ratio": 1,
            "account_receivable_turnover_ratio": 1.74,
            "reinvestment_rate": -58.37,
            "research_to_sale_ratio": 2.93,
            "price_fair": 41.88,
            "eps_avg_yearly": 1.2,
            "eps_latest_yearly": 0.84,
            "eps_growth_yearly": 41.18
        },
        "20201": {
            "year_quarter": 20201,
            "year": 2020,
            "quarter": 1,
            "eps": 0.3,
            "eps_growth_year": -14.29,
            "eps_4q": 1.67,
            "eps_4q_growth_year": 38.09,
            "roe": 2.23,
            "gross_profit": 140737,
            "gross_margin": 17.27,
            "net_income": 43853,
            "revenue": 814964,
            "common_shares": 1624076,
            "equity": 1981464,
            "current_ratio": 223.59,
            "debt_ratio": 40.22,
            "inventory_turnover_ratio": 0.85,
            "account_receivable_turnover_ratio": 1.51,
            "reinvestment_rate": -57.54,
            "research_to_sale_ratio": 3.03,
            "price_fair": 41.77,
            "eps_avg_yearly": 1.19,
            "eps_latest_yearly": 1.2,
            "eps_growth_yearly": 54.36
        },
        "20202": {
            "year_quarter": 20202,
            "year": 2020,
            "quarter": 2,
            "eps": 0.68,
            "eps_growth_year": 23.64,
            "eps_4q": 1.8,
            "eps_4q_growth_year": 31.54,
            "roe": 5.22,
            "gross_profit": 260392,
            "gross_margin": 24.6,
            "net_income": 100606,
            "revenue": 1058443,
            "common_shares": 1624076,
            "equity": 1876739,
            "current_ratio": 186.93,
            "debt_ratio": 48.57,
            "inventory_turnover_ratio": 0.98,
            "account_receivable_turnover_ratio": 1.76,
            "reinvestment_rate": -51.39,
            "research_to_sale_ratio": 3.04,
            "price_fair": 47.6,
            "eps_avg_yearly": 1.36,
            "eps_latest_yearly": 2.72,
            "eps_growth_yearly": 110.56
        },
        "20203": {
            "year_quarter": 20203,
            "year": 2020,
            "quarter": 3,
            "eps": 0.42,
            "eps_growth_year": -32.26,
            "eps_4q": 1.6,
            "eps_4q_growth_year": -3.45,
            "roe": 3.27,
            "gross_profit": 203219,
            "gross_margin": 20.95,
            "net_income": 62061,
            "revenue": 969887,
            "common_shares": 1624076,
            "equity": 1924519,
            "current_ratio": 181.89,
            "debt_ratio": 50.4,
            "inventory_turnover_ratio": 0.9,
            "account_receivable_turnover_ratio": 1.51,
            "reinvestment_rate": -46.69,
            "research_to_sale_ratio": 3.08,
            "price_fair": 50.17,
            "eps_avg_yearly": 1.43,
            "eps_latest_yearly": 1.68,
            "eps_growth_yearly": 94.11
        },
        "20204": {
            "year_quarter": 20204,
            "year": 2020,
            "quarter": 4,
            "eps": 0.18,
            "eps_growth_year": -13.16,
            "eps_4q": 1.57,
            "eps_4q_growth_year": -9.27,
            "roe": 1.36,
            "gross_profit": 181519,
            "gross_margin": 20.3,
            "net_income": 26476,
            "revenue": 894005,
            "common_shares": 1624076,
            "equity": 1980565,
            "current_ratio": 203.64,
            "debt_ratio": 45.12,
            "inventory_turnover_ratio": 0.82,
            "account_receivable_turnover_ratio": 1.48,
            "reinvestment_rate": -47.59,
            "research_to_sale_ratio": 3.22,
            "price_fair": 48.3,
            "eps_avg_yearly": 1.38,
            "eps_latest_yearly": 0.72,
            "eps_growth_yearly": 51.73
        },
        "20211": {
            "year_quarter": 20211,
            "year": 2021,
            "quarter": 1,
            "eps": 0.34,
            "eps_growth_year": 13.33,
            "eps_4q": 1.62,
            "eps_4q_growth_year": -3.16,
            "roe": 2.63,
            "gross_profit": 170638,
            "gross_margin": 18.06,
            "net_income": 50844,
            "revenue": 944762,
            "common_shares": 1624076,
            "equity": 1882978,
            "current_ratio": 273.5,
            "debt_ratio": 46.14,
            "inventory_turnover_ratio": 0.9,
            "account_receivable_turnover_ratio": 1.47,
            "reinvestment_rate": -39.1,
            "research_to_sale_ratio": 2.69,
            "price_fair": 48.25,
            "eps_avg_yearly": 1.38,
            "eps_latest_yearly": 1.36,
            "eps_growth_yearly": 75.1
        },
        "20212": {
            "year_quarter": 20212,
            "year": 2021,
            "quarter": 2,
            "eps": 0.4,
            "eps_growth_year": -41.18,
            "eps_4q": 1.35,
            "eps_4q_growth_year": -25.28,
            "roe": 3.14,
            "gross_profit": 174521,
            "gross_margin": 16.75,
            "net_income": 59635,
            "revenue": 1041617,
            "common_shares": 1624076,
            "equity": 1913937,
            "current_ratio": 263.72,
            "debt_ratio": 47.01,
            "inventory_turnover_ratio": 0.99,
            "account_receivable_turnover_ratio": 1.38,
            "reinvestment_rate": -35.96,
            "research_to_sale_ratio": 2.69,
            "price_fair": 48.8,
            "eps_avg_yearly": 1.39,
            "eps_latest_yearly": 1.6,
            "eps_growth_yearly": 74.78
        },
        "20213": {
            "year_quarter": 20213,
            "year": 2021,
            "quarter": 3,
            "eps": 0.48,
            "eps_growth_year": 14.29,
            "eps_4q": 1.41,
            "eps_4q_growth_year": -11.89,
            "roe": 3.65,
            "gross_profit": 179334,
            "gross_margin": 16.39,
            "net_income": 71193,
            "revenue": 1094234,
            "common_shares": 1624076,
            "equity": 1988585,
            "current_ratio": 280.27,
            "debt_ratio": 45.03,
            "inventory_turnover_ratio": 0.95,
            "account_receivable_turnover_ratio": 1.44,
            "reinvestment_rate": -32.19,
            "research_to_sale_ratio": 2.78,
            "price_fair": 51.5,
            "eps_avg_yearly": 1.47,
            "eps_latest_yearly": 1.92,
            "eps_growth_yearly": 80.49
        },
        "20214": {
            "year_quarter": 20214,
            "year": 2021,
            "quarter": 4,
            "eps": 0.37,
            "eps_growth_year": 104.72,
            "eps_4q": 1.6,
            "eps_4q_growth_year": 1.63,
            "roe": 2.7,
            "gross_profit": 188692,
            "gross_margin": 17.11,
            "net_income": 54863,
            "revenue": 1102790,
            "common_shares": 1624076,
            "equity": 2072383,
            "current_ratio": 314.35,
            "debt_ratio": 42.26,
            "inventory_turnover_ratio": 0.89,
            "account_receivable_turnover_ratio": 1.51,
            "reinvestment_rate": -29.01,
            "research_to_sale_ratio": 3,
            "price_fair": 53.5,
            "eps_avg_yearly": 1.53,
            "eps_latest_yearly": 1.48,
            "eps_growth_yearly": 79.39
        },
        "20221": {
            "year_quarter": 20221,
            "year": 2022,
            "quarter": 1,
            "eps": 0.52,
            "eps_growth_year": 52.94,
            "eps_4q": 1.78,
            "eps_4q_growth_year": 9.64,
            "roe": 3.8,
            "gross_profit": 180470,
            "gross_margin": 17.56,
            "net_income": 77523,
            "revenue": 1027899,
            "common_shares": 1574076,
            "equity": 2002469,
            "current_ratio": 267.71,
            "debt_ratio": 46.07,
            "inventory_turnover_ratio": 0.77,
            "account_receivable_turnover_ratio": 1.5,
            "reinvestment_rate": -10.14,
            "research_to_sale_ratio": 2.78,
            "price_fair": 54.79,
            "eps_avg_yearly": 1.57,
            "eps_latest_yearly": 2.08,
            "eps_growth_yearly": 84.9
        },
        "20222": {
            "year_quarter": 20222,
            "year": 2022,
            "quarter": 2,
            "eps": 0.79,
            "eps_growth_year": 97.5,
            "eps_4q": 2.16,
            "eps_4q_growth_year": 60.73,
            "roe": 5.75,
            "gross_profit": 239726,
            "gross_margin": 20.02,
            "net_income": 117007,
            "revenue": 1197256,
            "common_shares": 1574076,
            "equity": 2069908,
            "current_ratio": 251.71,
            "debt_ratio": 47.29,
            "inventory_turnover_ratio": 0.8,
            "account_receivable_turnover_ratio": 1.7,
            "reinvestment_rate": -10.54,
            "research_to_sale_ratio": 2.6,
            "price_fair": 58.28,
            "eps_avg_yearly": 1.67,
            "eps_latest_yearly": 3.16,
            "eps_growth_yearly": 92.58
        },
        "20223": {
            "year_quarter": 20223,
            "year": 2022,
            "quarter": 3,
            "eps": 1.02,
            "eps_growth_year": 112.5,
            "eps_4q": 2.7,
            "eps_4q_growth_year": 91.81,
            "roe": 7.01,
            "gross_profit": 249730,
            "gross_margin": 19.57,
            "net_income": 151818,
            "revenue": 1276124,
            "common_shares": 1574076,
            "equity": 2261625,
            "current_ratio": 278.18,
            "debt_ratio": 43.38,
            "inventory_turnover_ratio": 0.87,
            "account_receivable_turnover_ratio": 1.69,
            "reinvestment_rate": -8.46,
            "research_to_sale_ratio": 3.05,
            "price_fair": 64.4,
            "eps_avg_yearly": 1.84,
            "eps_latest_yearly": 4.08,
            "eps_growth_yearly": 103.23
        },
        "20224": {
            "year_quarter": 20224,
            "year": 2022,
            "quarter": 4,
            "eps": 0.49,
            "eps_growth_year": 33.97,
            "eps_4q": 2.83,
            "eps_4q_growth_year": 77.01,
            "roe": 3.21,
            "gross_profit": 247522,
            "gross_margin": 20.78,
            "net_income": 73628,
            "revenue": 1191427,
            "common_shares": 1574076,
            "equity": 2327843,
            "current_ratio": 248.33,
            "debt_ratio": 45.68,
            "inventory_turnover_ratio": 0.88,
            "account_receivable_turnover_ratio": 1.67,
            "reinvestment_rate": 0.47,
            "research_to_sale_ratio": 2.5,
            "price_fair": 67.55,
            "eps_avg_yearly": 1.93,
            "eps_latest_yearly": 1.96,
            "eps_growth_yearly": 105.09
        },
        "20231": {
            "year_quarter": 20231,
            "year": 2023,
            "quarter": 1,
            "eps": 0.6,
            "eps_growth_year": 15.38,
            "eps_4q": 2.91,
            "eps_4q_growth_year": 63.61,
            "roe": 3.96,
            "gross_profit": 233659,
            "gross_margin": 20.64,
            "net_income": 89598,
            "revenue": 1132253,
            "common_shares": 1574076,
            "equity": 2194128,
            "current_ratio": 235.21,
            "debt_ratio": 47.7,
            "inventory_turnover_ratio": 0.92,
            "account_receivable_turnover_ratio": 1.65,
            "reinvestment_rate": 1.82,
            "research_to_sale_ratio": 2.73,
            "price_fair": 69.74,
            "eps_avg_yearly": 1.99,
            "eps_latest_yearly": 2.4,
            "eps_growth_yearly": 68.39
        }
    },
    "months": {
        "2002-08": {
            "month": "2002-08",
            "price": "18.04",
            "revenue": 143653
        },
        "2002-09": {
            "month": "2002-09",
            "price": "19.30",
            "revenue": 148280
        },
        "2002-10": {
            "month": "2002-10",
            "price": "21.59",
            "revenue": 173200
        },
        "2002-11": {
            "month": "2002-11",
            "price": "24.21",
            "revenue": 206176
        },
        "2002-12": {
            "month": "2002-12",
            "price": "27.24",
            "revenue": 233585
        },
        "2003-01": {
            "month": "2003-01",
            "price": "24.36",
            "revenue": 243351
        },
        "2003-02": {
            "month": "2003-02",
            "price": "21.84",
            "revenue": 225023
        },
        "2003-03": {
            "month": "2003-03",
            "price": "21.15",
            "revenue": 291364
        },
        "2003-04": {
            "month": "2003-04",
            "price": "22.65",
            "revenue": 301156
        },
        "2003-05": {
            "month": "2003-05",
            "price": "24.88",
            "revenue": 292165
        },
        "2003-06": {
            "month": "2003-06",
            "price": "29.50",
            "revenue": 303274
        },
        "2003-07": {
            "month": "2003-07",
            "price": "33.54",
            "revenue": 315083
        },
        "2003-08": {
            "month": "2003-08",
            "price": "34.58",
            "revenue": 338069
        },
        "2003-09": {
            "month": "2003-09",
            "price": "33.93",
            "revenue": 360070
        },
        "2003-10": {
            "month": "2003-10",
            "price": "34.13",
            "revenue": 381522
        },
        "2003-11": {
            "month": "2003-11",
            "price": "38.50",
            "revenue": 402358
        },
        "2003-12": {
            "month": "2003-12",
            "price": "46.22",
            "revenue": 402064
        },
        "2004-01": {
            "month": "2004-01",
            "price": "45.95",
            "revenue": 321425
        },
        "2004-02": {
            "month": "2004-02",
            "price": "41.86",
            "revenue": 322344
        },
        "2004-03": {
            "month": "2004-03",
            "price": "42.87",
            "revenue": 323446
        },
        "2004-04": {
            "month": "2004-04",
            "price": "44.39",
            "revenue": 320959
        },
        "2004-05": {
            "month": "2004-05",
            "price": "37.46",
            "revenue": 301380
        },
        "2004-06": {
            "month": "2004-06",
            "price": "34.70",
            "revenue": 302040
        },
        "2004-07": {
            "month": "2004-07",
            "price": "30.25",
            "revenue": 313787
        },
        "2004-08": {
            "month": "2004-08",
            "price": "25.56",
            "revenue": 300477
        },
        "2004-09": {
            "month": "2004-09",
            "price": "23.84",
            "revenue": 247826
        },
        "2004-10": {
            "month": "2004-10",
            "price": "21.55",
            "revenue": 241510
        },
        "2004-11": {
            "month": "2004-11",
            "price": "16.74",
            "revenue": 220261
        },
        "2004-12": {
            "month": "2004-12",
            "price": "18.02",
            "revenue": 220935
        },
        "2005-01": {
            "month": "2005-01",
            "price": "19.88",
            "revenue": 290516
        },
        "2005-02": {
            "month": "2005-02",
            "price": "23.40",
            "revenue": 261227
        },
        "2005-03": {
            "month": "2005-03",
            "price": "25.96",
            "revenue": 360508
        },
        "2005-04": {
            "month": "2005-04",
            "price": "25.34",
            "revenue": 361403
        },
        "2005-05": {
            "month": "2005-05",
            "price": "23.31",
            "revenue": 368240
        },
        "2005-06": {
            "month": "2005-06",
            "price": "24.92",
            "revenue": 351534
        },
        "2005-07": {
            "month": "2005-07",
            "price": "26.80",
            "revenue": 412808
        },
        "2005-08": {
            "month": "2005-08",
            "price": "25.32",
            "revenue": 423906
        },
        "2005-09": {
            "month": "2005-09",
            "price": "24.00",
            "revenue": 430556
        },
        "2005-10": {
            "month": "2005-10",
            "price": "22.49",
            "revenue": 402904
        },
        "2005-11": {
            "month": "2005-11",
            "price": "20.13",
            "revenue": 403747
        },
        "2005-12": {
            "month": "2005-12",
            "price": "22.09",
            "revenue": 389682
        },
        "2006-01": {
            "month": "2006-01",
            "price": "22.55",
            "revenue": 356634
        },
        "2006-02": {
            "month": "2006-02",
            "price": "21.78",
            "revenue": 364421
        },
        "2006-03": {
            "month": "2006-03",
            "price": "21.34",
            "revenue": 436011
        },
        "2006-04": {
            "month": "2006-04",
            "price": "24.15",
            "revenue": 454290
        },
        "2006-05": {
            "month": "2006-05",
            "price": "25.20",
            "revenue": 471196
        },
        "2006-06": {
            "month": "2006-06",
            "price": "21.97",
            "revenue": 454083
        },
        "2006-07": {
            "month": "2006-07",
            "price": "21.58",
            "revenue": 369917
        },
        "2006-08": {
            "month": "2006-08",
            "price": "17.66",
            "revenue": 371765
        },
        "2006-09": {
            "month": "2006-09",
            "price": "15.52",
            "revenue": 352326
        },
        "2006-10": {
            "month": "2006-10",
            "price": "15.71",
            "revenue": 351540
        },
        "2006-11": {
            "month": "2006-11",
            "price": "15.00",
            "revenue": 342722
        },
        "2006-12": {
            "month": "2006-12",
            "price": "15.77",
            "revenue": 303205
        },
        "2007-01": {
            "month": "2007-01",
            "price": "15.69",
            "revenue": 356775
        },
        "2007-02": {
            "month": "2007-02",
            "price": "15.63",
            "revenue": 302554
        },
        "2007-03": {
            "month": "2007-03",
            "price": "16.59",
            "revenue": 344327
        },
        "2007-04": {
            "month": "2007-04",
            "price": "18.40",
            "revenue": 349506
        },
        "2007-05": {
            "month": "2007-05",
            "price": "17.15",
            "revenue": 334662
        },
        "2007-06": {
            "month": "2007-06",
            "price": "18.78",
            "revenue": 319096
        },
        "2007-07": {
            "month": "2007-07",
            "price": "20.98",
            "revenue": 331523
        },
        "2007-08": {
            "month": "2007-08",
            "price": "19.17",
            "revenue": 403312
        },
        "2007-09": {
            "month": "2007-09",
            "price": "18.54",
            "revenue": 366800
        },
        "2007-10": {
            "month": "2007-10",
            "price": "18.23",
            "revenue": 343168
        },
        "2007-11": {
            "month": "2007-11",
            "price": "15.36",
            "revenue": 305350
        },
        "2007-12": {
            "month": "2007-12",
            "price": "13.95",
            "revenue": 304772
        },
        "2008-01": {
            "month": "2008-01",
            "price": "13.34",
            "revenue": 381743
        },
        "2008-02": {
            "month": "2008-02",
            "price": "12.62",
            "revenue": 314832
        },
        "2008-03": {
            "month": "2008-03",
            "price": "12.74",
            "revenue": 324977
        },
        "2008-04": {
            "month": "2008-04",
            "price": "13.94",
            "revenue": 313097
        },
        "2008-05": {
            "month": "2008-05",
            "price": "12.92",
            "revenue": 291559
        },
        "2008-06": {
            "month": "2008-06",
            "price": "10.05",
            "revenue": 260689
        },
        "2008-07": {
            "month": "2008-07",
            "price": "8.45",
            "revenue": 311812
        },
        "2008-08": {
            "month": "2008-08",
            "price": "7.96",
            "revenue": 300112
        },
        "2008-09": {
            "month": "2008-09",
            "price": "5.89",
            "revenue": 293403
        },
        "2008-10": {
            "month": "2008-10",
            "price": "4.91",
            "revenue": 276934
        },
        "2008-11": {
            "month": "2008-11",
            "price": "3.66",
            "revenue": 238734
        },
        "2008-12": {
            "month": "2008-12",
            "price": "3.39",
            "revenue": 223877
        },
        "2009-01": {
            "month": "2009-01",
            "price": "3.23",
            "revenue": 223042
        },
        "2009-02": {
            "month": "2009-02",
            "price": "3.45",
            "revenue": 241002
        },
        "2009-03": {
            "month": "2009-03",
            "price": "6.34",
            "revenue": 226437
        },
        "2009-04": {
            "month": "2009-04",
            "price": "6.87",
            "revenue": 203251
        },
        "2009-05": {
            "month": "2009-05",
            "price": "7.31",
            "revenue": 188860
        },
        "2009-06": {
            "month": "2009-06",
            "price": "8.00",
            "revenue": 167301
        },
        "2009-07": {
            "month": "2009-07",
            "price": "8.19",
            "revenue": 193115
        },
        "2009-08": {
            "month": "2009-08",
            "price": "8.11",
            "revenue": 236179
        },
        "2009-09": {
            "month": "2009-09",
            "price": "10.12",
            "revenue": 272686
        },
        "2009-10": {
            "month": "2009-10",
            "price": "13.31",
            "revenue": 264277
        },
        "2009-11": {
            "month": "2009-11",
            "price": "12.07",
            "revenue": 252456
        },
        "2009-12": {
            "month": "2009-12",
            "price": "13.02",
            "revenue": 267213
        },
        "2010-01": {
            "month": "2010-01",
            "price": "12.86",
            "revenue": 291763
        },
        "2010-02": {
            "month": "2010-02",
            "price": "10.88",
            "revenue": 235109
        },
        "2010-03": {
            "month": "2010-03",
            "price": "11.48",
            "revenue": 305760
        },
        "2010-04": {
            "month": "2010-04",
            "price": "12.46",
            "revenue": 305276
        },
        "2010-05": {
            "month": "2010-05",
            "price": "10.00",
            "revenue": 281875
        },
        "2010-06": {
            "month": "2010-06",
            "price": "10.09",
            "revenue": 333677
        },
        "2010-07": {
            "month": "2010-07",
            "price": "11.82",
            "revenue": 343815
        },
        "2010-08": {
            "month": "2010-08",
            "price": "14.15",
            "revenue": 382382
        },
        "2010-09": {
            "month": "2010-09",
            "price": "16.79",
            "revenue": 400490
        },
        "2010-10": {
            "month": "2010-10",
            "price": "16.33",
            "revenue": 401148
        },
        "2010-11": {
            "month": "2010-11",
            "price": "15.02",
            "revenue": 361380
        },
        "2010-12": {
            "month": "2010-12",
            "price": "15.70",
            "revenue": 321358
        },
        "2011-01": {
            "month": "2011-01",
            "price": "14.49",
            "revenue": 422369
        },
        "2011-02": {
            "month": "2011-02",
            "price": "14.66",
            "revenue": 362957
        },
        "2011-03": {
            "month": "2011-03",
            "price": "14.52",
            "revenue": 393873
        },
        "2011-04": {
            "month": "2011-04",
            "price": "13.86",
            "revenue": 350659
        },
        "2011-05": {
            "month": "2011-05",
            "price": "12.37",
            "revenue": 337302
        },
        "2011-06": {
            "month": "2011-06",
            "price": "10.38",
            "revenue": 342782
        },
        "2011-07": {
            "month": "2011-07",
            "price": "9.61",
            "revenue": 294540
        },
        "2011-08": {
            "month": "2011-08",
            "price": "7.28",
            "revenue": 270354
        },
        "2011-09": {
            "month": "2011-09",
            "price": "6.34",
            "revenue": 276644
        },
        "2011-10": {
            "month": "2011-10",
            "price": "5.86",
            "revenue": 270277
        },
        "2011-11": {
            "month": "2011-11",
            "price": "5.16",
            "revenue": 252298
        },
        "2011-12": {
            "month": "2011-12",
            "price": "4.81",
            "revenue": 255646
        },
        "2012-01": {
            "month": "2012-01",
            "price": "4.94",
            "revenue": 262576
        },
        "2012-02": {
            "month": "2012-02",
            "price": "6.87",
            "revenue": 300092
        },
        "2012-03": {
            "month": "2012-03",
            "price": "6.43",
            "revenue": 298210
        },
        "2012-04": {
            "month": "2012-04",
            "price": "5.29",
            "revenue": 288098
        },
        "2012-05": {
            "month": "2012-05",
            "price": "4.70",
            "revenue": 290727
        },
        "2012-06": {
            "month": "2012-06",
            "price": "4.45",
            "revenue": 275798
        },
        "2012-07": {
            "month": "2012-07",
            "price": "5.62",
            "revenue": 283961
        },
        "2012-08": {
            "month": "2012-08",
            "price": "6.64",
            "revenue": 350402
        },
        "2012-09": {
            "month": "2012-09",
            "price": "7.03",
            "revenue": 354989
        },
        "2012-10": {
            "month": "2012-10",
            "price": "5.82",
            "revenue": 351237
        },
        "2012-11": {
            "month": "2012-11",
            "price": "5.13",
            "revenue": 341463
        },
        "2012-12": {
            "month": "2012-12",
            "price": "5.51",
            "revenue": 247742
        },
        "2013-01": {
            "month": "2013-01",
            "price": "5.49",
            "revenue": 285680
        },
        "2013-02": {
            "month": "2013-02",
            "price": "5.08",
            "revenue": 227591
        },
        "2013-03": {
            "month": "2013-03",
            "price": "5.17",
            "revenue": 258713
        },
        "2013-04": {
            "month": "2013-04",
            "price": "5.06",
            "revenue": 293866
        },
        "2013-05": {
            "month": "2013-05",
            "price": "5.96",
            "revenue": 296063
        },
        "2013-06": {
            "month": "2013-06",
            "price": "5.84",
            "revenue": 289156
        },
        "2013-07": {
            "month": "2013-07",
            "price": "5.67",
            "revenue": 317300
        },
        "2013-08": {
            "month": "2013-08",
            "price": "5.22",
            "revenue": 262473
        },
        "2013-09": {
            "month": "2013-09",
            "price": "5.22",
            "revenue": 312093
        },
        "2013-10": {
            "month": "2013-10",
            "price": "5.21",
            "revenue": 358076
        },
        "2013-11": {
            "month": "2013-11",
            "price": "5.10",
            "revenue": 364609
        },
        "2013-12": {
            "month": "2013-12",
            "price": "5.67",
            "revenue": 369979
        },
        "2014-01": {
            "month": "2014-01",
            "price": "6.25",
            "revenue": 393982
        },
        "2014-02": {
            "month": "2014-02",
            "price": "8.04",
            "revenue": 313812
        },
        "2014-03": {
            "month": "2014-03",
            "price": "7.63",
            "revenue": 421546
        },
        "2014-04": {
            "month": "2014-04",
            "price": "8.11",
            "revenue": 322217
        },
        "2014-05": {
            "month": "2014-05",
            "price": "8.26",
            "revenue": 321610
        },
        "2014-06": {
            "month": "2014-06",
            "price": "8.28",
            "revenue": 350643
        },
        "2014-07": {
            "month": "2014-07",
            "price": "9.77",
            "revenue": 326613
        },
        "2014-08": {
            "month": "2014-08",
            "price": "9.95",
            "revenue": 339700
        },
        "2014-09": {
            "month": "2014-09",
            "price": "9.82",
            "revenue": 334267
        },
        "2014-10": {
            "month": "2014-10",
            "price": "8.11",
            "revenue": 306060
        },
        "2014-11": {
            "month": "2014-11",
            "price": "7.79",
            "revenue": 235058
        },
        "2014-12": {
            "month": "2014-12",
            "price": "8.01",
            "revenue": 254382
        },
        "2015-01": {
            "month": "2015-01",
            "price": "8.53",
            "revenue": 328851
        },
        "2015-02": {
            "month": "2015-02",
            "price": "8.10",
            "revenue": 299111
        },
        "2015-03": {
            "month": "2015-03",
            "price": "7.93",
            "revenue": 269735
        },
        "2015-04": {
            "month": "2015-04",
            "price": "7.76",
            "revenue": 297938
        },
        "2015-05": {
            "month": "2015-05",
            "price": "8.02",
            "revenue": 302006
        },
        "2015-06": {
            "month": "2015-06",
            "price": "7.54",
            "revenue": 306385
        },
        "2015-07": {
            "month": "2015-07",
            "price": "6.90",
            "revenue": 283341
        },
        "2015-08": {
            "month": "2015-08",
            "price": "6.78",
            "revenue": 294814
        },
        "2015-09": {
            "month": "2015-09",
            "price": "7.40",
            "revenue": 309846
        },
        "2015-10": {
            "month": "2015-10",
            "price": "8.17",
            "revenue": 254387
        },
        "2015-11": {
            "month": "2015-11",
            "price": "9.61",
            "revenue": 227045
        },
        "2015-12": {
            "month": "2015-12",
            "price": "9.99",
            "revenue": 303298
        },
        "2016-01": {
            "month": "2016-01",
            "price": "9.03",
            "revenue": 363156
        },
        "2016-02": {
            "month": "2016-02",
            "price": "10.30",
            "revenue": 249016
        },
        "2016-03": {
            "month": "2016-03",
            "price": "12.92",
            "revenue": 276117
        },
        "2016-04": {
            "month": "2016-04",
            "price": "12.65",
            "revenue": 294715
        },
        "2016-05": {
            "month": "2016-05",
            "price": "11.40",
            "revenue": 271248
        },
        "2016-06": {
            "month": "2016-06",
            "price": "11.51",
            "revenue": 256504
        },
        "2016-07": {
            "month": "2016-07",
            "price": "11.08",
            "revenue": 243297
        },
        "2016-08": {
            "month": "2016-08",
            "price": "11.07",
            "revenue": 263723
        },
        "2016-09": {
            "month": "2016-09",
            "price": "10.38",
            "revenue": 275045
        },
        "2016-10": {
            "month": "2016-10",
            "price": "9.85",
            "revenue": 242686
        },
        "2016-11": {
            "month": "2016-11",
            "price": "9.83",
            "revenue": 229017
        },
        "2016-12": {
            "month": "2016-12",
            "price": "9.93",
            "revenue": 214395
        },
        "2017-01": {
            "month": "2017-01",
            "price": "10.60",
            "revenue": 252020
        },
        "2017-02": {
            "month": "2017-02",
            "price": "10.81",
            "revenue": 216226
        },
        "2017-03": {
            "month": "2017-03",
            "price": "11.40",
            "revenue": 258617
        },
        "2017-04": {
            "month": "2017-04",
            "price": "10.51",
            "revenue": 226458
        },
        "2017-05": {
            "month": "2017-05",
            "price": "9.95",
            "revenue": 270908
        },
        "2017-06": {
            "month": "2017-06",
            "price": "9.74",
            "revenue": 249552
        },
        "2017-07": {
            "month": "2017-07",
            "price": "9.54",
            "revenue": 233749
        },
        "2017-08": {
            "month": "2017-08",
            "price": "9.34",
            "revenue": 269174
        },
        "2017-09": {
            "month": "2017-09",
            "price": "10.10",
            "revenue": 266198
        },
        "2017-10": {
            "month": "2017-10",
            "price": "9.69",
            "revenue": 262009
        },
        "2017-11": {
            "month": "2017-11",
            "price": "10.40",
            "revenue": 256227
        },
        "2017-12": {
            "month": "2017-12",
            "price": "9.80",
            "revenue": 243998
        },
        "2018-01": {
            "month": "2018-01",
            "price": "10.13",
            "revenue": 254177
        },
        "2018-02": {
            "month": "2018-02",
            "price": "9.41",
            "revenue": 214941
        },
        "2018-03": {
            "month": "2018-03",
            "price": "9.94",
            "revenue": 235561
        },
        "2018-04": {
            "month": "2018-04",
            "price": "9.76",
            "revenue": 215083
        },
        "2018-05": {
            "month": "2018-05",
            "price": "9.19",
            "revenue": 219604
        },
        "2018-06": {
            "month": "2018-06",
            "price": "9.32",
            "revenue": 225542
        },
        "2018-07": {
            "month": "2018-07",
            "price": "9.18",
            "revenue": 256910
        },
        "2018-08": {
            "month": "2018-08",
            "price": "9.70",
            "revenue": 241185
        },
        "2018-09": {
            "month": "2018-09",
            "price": "9.73",
            "revenue": 249464
        },
        "2018-10": {
            "month": "2018-10",
            "price": "9.05",
            "revenue": 258086
        },
        "2018-11": {
            "month": "2018-11",
            "price": "9.30",
            "revenue": 217357
        },
        "2018-12": {
            "month": "2018-12",
            "price": "9.41",
            "revenue": 230825
        },
        "2019-01": {
            "month": "2019-01",
            "price": "10.04",
            "revenue": 336583
        },
        "2019-02": {
            "month": "2019-02",
            "price": "12.00",
            "revenue": 237053
        },
        "2019-03": {
            "month": "2019-03",
            "price": "13.59",
            "revenue": 317345
        },
        "2019-04": {
            "month": "2019-04",
            "price": "15.24",
            "revenue": 309619
        },
        "2019-05": {
            "month": "2019-05",
            "price": "14.90",
            "revenue": 310684
        },
        "2019-06": {
            "month": "2019-06",
            "price": "15.27",
            "revenue": 392287
        },
        "2019-07": {
            "month": "2019-07",
            "price": "18.25",
            "revenue": 375676
        },
        "2019-08": {
            "month": "2019-08",
            "price": "18.28",
            "revenue": 419542
        },
        "2019-09": {
            "month": "2019-09",
            "price": "19.35",
            "revenue": 383884
        },
        "2019-10": {
            "month": "2019-10",
            "price": "17.84",
            "revenue": 372174
        },
        "2019-11": {
            "month": "2019-11",
            "price": "18.37",
            "revenue": 361070
        },
        "2019-12": {
            "month": "2019-12",
            "price": "17.84",
            "revenue": 291642
        },
        "2020-01": {
            "month": "2020-01",
            "price": "16.91",
            "revenue": 294475
        },
        "2020-02": {
            "month": "2020-02",
            "price": "15.50",
            "revenue": 244214
        },
        "2020-03": {
            "month": "2020-03",
            "price": "14.57",
            "revenue": 276275
        },
        "2020-04": {
            "month": "2020-04",
            "price": "17.82",
            "revenue": 286659
        },
        "2020-05": {
            "month": "2020-05",
            "price": "19.36",
            "revenue": 396728
        },
        "2020-06": {
            "month": "2020-06",
            "price": "20.70",
            "revenue": 375056
        },
        "2020-07": {
            "month": "2020-07",
            "price": "20.21",
            "revenue": 329031
        },
        "2020-08": {
            "month": "2020-08",
            "price": "18.63",
            "revenue": 329012
        },
        "2020-09": {
            "month": "2020-09",
            "price": "18.38",
            "revenue": 311844
        },
        "2020-10": {
            "month": "2020-10",
            "price": "17.43",
            "revenue": 277628
        },
        "2020-11": {
            "month": "2020-11",
            "price": "17.79",
            "revenue": 304527
        },
        "2020-12": {
            "month": "2020-12",
            "price": "19.00",
            "revenue": 311850
        },
        "2021-01": {
            "month": "2021-01",
            "price": "18.22",
            "revenue": 317738
        },
        "2021-02": {
            "month": "2021-02",
            "price": "18.56",
            "revenue": 271297
        },
        "2021-03": {
            "month": "2021-03",
            "price": "19.69",
            "revenue": 355727
        },
        "2021-04": {
            "month": "2021-04",
            "price": "21.77",
            "revenue": 337156
        },
        "2021-05": {
            "month": "2021-05",
            "price": "20.26",
            "revenue": 343205
        },
        "2021-06": {
            "month": "2021-06",
            "price": "21.15",
            "revenue": 361256
        },
        "2021-07": {
            "month": "2021-07",
            "price": "20.66",
            "revenue": 376495
        },
        "2021-08": {
            "month": "2021-08",
            "price": "18.33",
            "revenue": 378090
        },
        "2021-09": {
            "month": "2021-09",
            "price": "17.66",
            "revenue": 339649
        },
        "2021-10": {
            "month": "2021-10",
            "price": "17.69",
            "revenue": 363434
        },
        "2021-11": {
            "month": "2021-11",
            "price": "18.77",
            "revenue": 381153
        },
        "2021-12": {
            "month": "2021-12",
            "price": "19.14",
            "revenue": 358203
        },
        "2022-01": {
            "month": "2022-01",
            "price": "18.74",
            "revenue": 400274
        },
        "2022-02": {
            "month": "2022-02",
            "price": "19.03",
            "revenue": 287345
        },
        "2022-03": {
            "month": "2022-03",
            "price": "19.10",
            "revenue": 340280
        },
        "2022-04": {
            "month": "2022-04",
            "price": "18.61",
            "revenue": 375986
        },
        "2022-05": {
            "month": "2022-05",
            "price": "18.20",
            "revenue": 400756
        },
        "2022-06": {
            "month": "2022-06",
            "price": "19.95",
            "revenue": 420514
        },
        "2022-07": {
            "month": "2022-07",
            "price": "20.35",
            "revenue": 426868
        },
        "2022-08": {
            "month": "2022-08",
            "price": "22.19",
            "revenue": 428169
        },
        "2022-09": {
            "month": "2022-09",
            "price": "20.78",
            "revenue": 421087
        },
        "2022-10": {
            "month": "2022-10",
            "price": "20.18",
            "revenue": 416281
        },
        "2022-11": {
            "month": "2022-11",
            "price": "20.61",
            "revenue": 413930
        },
        "2022-12": {
            "month": "2022-12",
            "price": "20.80",
            "revenue": 361216
        },
        "2023-01": {
            "month": "2023-01",
            "price": "20.37",
            "revenue": 361707
        },
        "2023-02": {
            "month": "2023-02",
            "price": "21.25",
            "revenue": 367501
        },
        "2023-03": {
            "month": "2023-03",
            "price": "24.06",
            "revenue": 403045
        },
        "2023-04": {
            "month": "2023-04",
            "price": "27.95",
            "revenue": 397123
        }
    }
}
