{
    "summary": {
        "stock_name": "遠見",
        "stock_id": "3040",
        "category": "其他",
        "main_business": "租賃服務收入<br>教育相關電子產品及軟件",
        "website_url": "http://www.gv.com.tw",
        "ceo": "舒偉仁",
        "pe_ratio": 24,
        "report_year_from": 2001,
        "report_year_to": 2023,
        "age": 22,
        "eps_negative_percentage": 9,
        "eps_growth_avg": {
            "last_all": -6,
            "last_2y": 4.11,
            "last_4y": -14.26,
            "last_8y": 8.13,
            "last_12y": 5.95,
            "last_16y": 4.89,
            "last_20y": -6,
            "at_2006_last_3y": -75.64,
            "at_2007_last_3y": 0,
            "at_2008_last_3y": 30.79,
            "at_2009_last_3y": 0.3,
            "at_2010_last_3y": -7.93,
            "at_2011_last_3y": -36.15,
            "at_2012_last_3y": -4.33,
            "at_2013_last_3y": 1.04,
            "at_2014_last_3y": 34.19,
            "at_2015_last_3y": 21.05,
            "at_2016_last_3y": 1.32,
            "at_2017_last_3y": 36.12,
            "at_2018_last_3y": -10.94,
            "at_2019_last_3y": 6.58,
            "at_2020_last_3y": 29.09,
            "at_2021_last_3y": -13.13,
            "at_2022_last_3y": 4.24,
            "at_2023_last_3y": 4.24,
            "at_2006_last_all": -64.05,
            "at_2007_last_all": -23.04,
            "at_2008_last_all": -26.11,
            "at_2009_last_all": -31.88,
            "at_2010_last_all": -31.98,
            "at_2011_last_all": -29.6,
            "at_2012_last_all": -16.43,
            "at_2013_last_all": -18.71,
            "at_2014_last_all": -7.92,
            "at_2015_last_all": -12.71,
            "at_2016_last_all": -10.97,
            "at_2017_last_all": -3.04,
            "at_2018_last_all": -8.72,
            "at_2019_last_all": -7.89,
            "at_2020_last_all": -1.54,
            "at_2021_last_all": -5.28,
            "at_2022_last_all": -6,
            "at_2023_last_all": -6
        },
        "latest_eps": 1.36,
        "latest_price": 32.2,
        "latest_roe": 5.39,
        "latest_gross_margin": 70,
        "latest_equity": 1503508,
        "latest_revenue": 37326,
        "latest_gross_profit": 26130,
        "latest_net_income": 7360,
        "latest_debt_ratio": 7.57,
        "latest_current_ratio": 721.09,
        "latest_account_receivable_turnover_ratio": 15.03,
        "latest_inventory_turnover_ratio": 0.59,
        "latest_reinvestment_rate": 5.3,
        "latest_research_to_sale_ratio": 3.56
    },
    "eps_dividends": {
        "1999": {
            "cash": 0,
            "stock": 7,
            "eps": 0
        },
        "2000": {
            "cash": 0,
            "stock": 7,
            "eps": 0
        },
        "2001": {
            "cash": 1.5,
            "stock": 3.5,
            "eps": 6.63
        },
        "2002": {
            "cash": 1,
            "stock": 2.5,
            "eps": 3.92
        },
        "2003": {
            "cash": 1.2,
            "stock": 0.8,
            "eps": 1.91
        },
        "2004": {
            "cash": 0.8,
            "stock": 0.2,
            "eps": -0.48
        },
        "2005": {
            "cash": 0,
            "stock": 0,
            "eps": -3.48
        },
        "2006": {
            "cash": 0,
            "stock": 0,
            "eps": 0.07
        },
        "2007": {
            "cash": 0,
            "stock": 0,
            "eps": 1.9
        },
        "2008": {
            "cash": 1,
            "stock": 0,
            "eps": 1.17
        },
        "2009": {
            "cash": 0.31,
            "stock": 0,
            "eps": 0.46
        },
        "2010": {
            "cash": 0.3,
            "stock": 0,
            "eps": 0.31
        },
        "2011": {
            "cash": 0.8,
            "stock": 0,
            "eps": 0.27
        },
        "2012": {
            "cash": 0,
            "stock": 0,
            "eps": 0.51
        },
        "2013": {
            "cash": 0.2,
            "stock": 0,
            "eps": 0.31
        },
        "2014": {
            "cash": 1,
            "stock": 0,
            "eps": 6.4
        },
        "2015": {
            "cash": 3,
            "stock": 0,
            "eps": 2.21
        },
        "2016": {
            "cash": 3,
            "stock": 0,
            "eps": 2.43
        },
        "2017": {
            "cash": 5,
            "stock": 0,
            "eps": 11.07
        },
        "2018": {
            "cash": 9,
            "stock": 0,
            "eps": 1.3
        },
        "2019": {
            "cash": 2,
            "stock": 0,
            "eps": 1.36
        },
        "2020": {
            "cash": 1.5,
            "stock": 0,
            "eps": 6.33
        },
        "2021": {
            "cash": 5.7,
            "stock": 0,
            "eps": 1.97
        },
        "2022": {
            "cash": 2,
            "stock": 0,
            "eps": 1.6
        },
        "2023": {
            "cash": 2,
            "stock": 0,
            "eps": 0.12
        }
    },
    "dividends": {
        "1999-04-23": {
            "cash": 0,
            "stock": 7
        },
        "2000-04-27": {
            "cash": 0,
            "stock": 7
        },
        "2001-06-14": {
            "cash": 1.5,
            "stock": 3.5
        },
        "2002-05-21": {
            "cash": 1,
            "stock": 2.5
        },
        "2003-03-26": {
            "cash": 1.2,
            "stock": 0.8
        },
        "2004-04-30": {
            "cash": 0.8,
            "stock": 0.2
        },
        "2008-03-25": {
            "cash": 1,
            "stock": 0
        },
        "2009-04-27": {
            "cash": 0.31,
            "stock": 0
        },
        "2010-03-16": {
            "cash": 0.3,
            "stock": 0
        },
        "2011-01-01": {
            "cash": 0.4,
            "stock": 0
        },
        "2011-04-26": {
            "cash": 0.4,
            "stock": 0
        },
        "2013-04-29": {
            "cash": 0.2,
            "stock": 0
        },
        "2014-08-25": {
            "cash": 1,
            "stock": 0
        },
        "2015-09-23": {
            "cash": 3,
            "stock": 0
        },
        "2016-07-22": {
            "cash": 3,
            "stock": 0
        },
        "2017-07-10": {
            "cash": 5,
            "stock": 0
        },
        "2018-07-12": {
            "cash": 9,
            "stock": 0
        },
        "2019-08-02": {
            "cash": 2,
            "stock": 0
        },
        "2020-07-23": {
            "cash": 1.5,
            "stock": 0
        },
        "2021-08-20": {
            "cash": 5.7,
            "stock": 0
        },
        "2022-07-29": {
            "cash": 2,
            "stock": 0
        },
        "2023-07-28": {
            "cash": 2,
            "stock": 0
        }
    },
    "prices": {
        "200101": "無",
        "200102": "無",
        "200103": "無",
        "200104": "無",
        "200105": "無",
        "200106": "無",
        "200107": "無",
        "200108": "無",
        "200109": "無",
        "200110": "無",
        "200111": "無",
        "200112": "無",
        "200201": "無",
        "200202": "無",
        "200203": "無",
        "200204": "無",
        "200205": "無",
        "200206": "無",
        "200207": "無",
        "200208": "47.60",
        "200209": "43.70",
        "200210": "35.13",
        "200211": "41.13",
        "200212": "37.47",
        "200301": "36.72",
        "200302": "34.30",
        "200303": "29.55",
        "200304": "26.25",
        "200305": "25.44",
        "200306": "28.51",
        "200307": "26.15",
        "200308": "23.51",
        "200309": "21.78",
        "200310": "21.68",
        "200311": "22.94",
        "200312": "22.51",
        "200401": "22.98",
        "200402": "24.42",
        "200403": "25.49",
        "200404": "25.08",
        "200405": "19.61",
        "200406": "18.85",
        "200407": "17.88",
        "200408": "15.72",
        "200409": "15.13",
        "200410": "14.79",
        "200411": "13.46",
        "200412": "13.74",
        "200501": "13.94",
        "200502": "13.54",
        "200503": "15.41",
        "200504": "15.38",
        "200505": "14.39",
        "200506": "14.85",
        "200507": "14.81",
        "200508": "13.65",
        "200509": "12.64",
        "200510": "11.23",
        "200511": "10.03",
        "200512": "11.04",
        "200601": "12.38",
        "200602": "12.48",
        "200603": "11.49",
        "200604": "12.27",
        "200605": "12.89",
        "200606": "12.51",
        "200607": "12.05",
        "200608": "12.17",
        "200609": "12.00",
        "200610": "12.11",
        "200611": "12.52",
        "200612": "15.21",
        "200701": "16.57",
        "200702": "17.23",
        "200703": "17.04",
        "200704": "17.55",
        "200705": "17.55",
        "200706": "20.30",
        "200707": "25.24",
        "200708": "24.87",
        "200709": "24.87",
        "200710": "23.35",
        "200711": "20.54",
        "200712": "17.87",
        "200801": "15.24",
        "200802": "14.27",
        "200803": "14.80",
        "200804": "16.11",
        "200805": "17.79",
        "200806": "14.85",
        "200807": "12.00",
        "200808": "11.35",
        "200809": "10.64",
        "200810": "8.80",
        "200811": "8.25",
        "200812": "8.89",
        "200901": "8.53",
        "200902": "7.87",
        "200903": "9.14",
        "200904": "10.44",
        "200905": "10.16",
        "200906": "9.64",
        "200907": "10.20",
        "200908": "10.57",
        "200909": "11.07",
        "200910": "12.93",
        "200911": "13.25",
        "200912": "14.10",
        "201001": "14.04",
        "201002": "12.32",
        "201003": "13.13",
        "201004": "13.50",
        "201005": "12.05",
        "201006": "11.93",
        "201007": "12.58",
        "201008": "13.38",
        "201009": "13.52",
        "201010": "13.69",
        "201011": "13.70",
        "201012": "14.39",
        "201101": "14.74",
        "201102": "13.83",
        "201103": "14.22",
        "201104": "16.50",
        "201105": "16.19",
        "201106": "16.40",
        "201107": "15.45",
        "201108": "13.97",
        "201109": "14.38",
        "201110": "14.16",
        "201111": "13.91",
        "201112": "13.18",
        "201201": "12.63",
        "201202": "14.31",
        "201203": "17.15",
        "201204": "15.19",
        "201205": "14.42",
        "201206": "13.46",
        "201207": "14.13",
        "201208": "13.69",
        "201209": "14.30",
        "201210": "15.71",
        "201211": "14.06",
        "201212": "14.39",
        "201301": "14.50",
        "201302": "15.31",
        "201303": "14.94",
        "201304": "14.42",
        "201305": "15.89",
        "201306": "16.11",
        "201307": "16.25",
        "201308": "16.36",
        "201309": "15.97",
        "201310": "16.74",
        "201311": "16.93",
        "201312": "17.11",
        "201401": "22.12",
        "201402": "30.21",
        "201403": "30.44",
        "201404": "27.90",
        "201405": "28.41",
        "201406": "29.43",
        "201407": "32.89",
        "201408": "29.81",
        "201409": "31.30",
        "201410": "30.43",
        "201411": "30.78",
        "201412": "31.23",
        "201501": "40.08",
        "201502": "45.15",
        "201503": "45.05",
        "201504": "44.45",
        "201505": "43.25",
        "201506": "42.79",
        "201507": "41.69",
        "201508": "37.53",
        "201509": "30.38",
        "201510": "35.24",
        "201511": "35.62",
        "201512": "32.23",
        "201601": "29.91",
        "201602": "30.08",
        "201603": "32.41",
        "201604": "30.19",
        "201605": "29.81",
        "201606": "30.37",
        "201607": "29.38",
        "201608": "27.95",
        "201609": "27.59",
        "201610": "28.19",
        "201611": "32.79",
        "201612": "37.70",
        "201701": "39.88",
        "201702": "41.38",
        "201703": "41.47",
        "201704": "42.51",
        "201705": "43.13",
        "201706": "45.85",
        "201707": "39.72",
        "201708": "38.36",
        "201709": "38.89",
        "201710": "37.99",
        "201711": "42.29",
        "201712": "47.10",
        "201801": "49.53",
        "201802": "49.28",
        "201803": "58.87",
        "201804": "60.16",
        "201805": "56.85",
        "201806": "55.01",
        "201807": "38.81",
        "201808": "36.49",
        "201809": "37.15",
        "201810": "33.33",
        "201811": "31.50",
        "201812": "32.02",
        "201901": "31.35",
        "201902": "35.96",
        "201903": "36.58",
        "201904": "34.20",
        "201905": "32.47",
        "201906": "31.86",
        "201907": "30.59",
        "201908": "29.49",
        "201909": "29.15",
        "201910": "28.45",
        "201911": "28.32",
        "201912": "28.37",
        "202001": "28.73",
        "202002": "28.48",
        "202003": "26.67",
        "202004": "28.65",
        "202005": "37.21",
        "202006": "37.78",
        "202007": "35.91",
        "202008": "36.56",
        "202009": "34.05",
        "202010": "34.13",
        "202011": "36.77",
        "202012": "38.64",
        "202101": "38.69",
        "202102": "41.69",
        "202103": "49.26",
        "202104": "50.59",
        "202105": "48.51",
        "202106": "50.04",
        "202107": "50.65",
        "202108": "41.81",
        "202109": "40.57",
        "202110": "38.61",
        "202111": "38.69",
        "202112": "37.98",
        "202201": "37.93",
        "202202": "37.85",
        "202203": "36.98",
        "202204": "35.71",
        "202205": "32.97",
        "202206": "32.31",
        "202207": "28.75",
        "202208": "29.68",
        "202209": "30.42",
        "202210": "29.43",
        "202211": "29.82",
        "202212": "29.76",
        "202301": "29.58",
        "202302": "30.26",
        "202303": "31.83",
        "202304": "32.34",
        "202305": "31.78",
        "202306": "32.18"
    },
    "quarters": {
        "20011": {
            "year_quarter": 20011,
            "year": 2001,
            "quarter": 1,
            "eps": 5.05,
            "eps_growth_year": 236.67,
            "eps_4q": 12.97,
            "eps_4q_growth_year": null,
            "roe": 22.27,
            "roe_4q": 22.27,
            "gross_profit": 83416,
            "gross_margin": 24.61,
            "gross_margin_4q_avg": 24.61,
            "net_income": 333516,
            "revenue": 338991,
            "common_shares": 660000,
            "book_valuer_per_share": 25.19,
            "book_valuer_per_share_4q_avg": 25.19,
            "equity": 1662833,
            "current_ratio": 311.92,
            "debt_ratio": 28.24,
            "inventory_turnover_ratio": 0.41,
            "account_receivable_turnover_ratio": null,
            "reinvestment_rate": null,
            "research_to_sale_ratio": null,
            "price_fair": 0,
            "eps_avg_yearly": 0,
            "eps_latest_yearly": 0,
            "eps_growth_yearly": 0
        },
        "20012": {
            "year_quarter": 20012,
            "year": 2001,
            "quarter": 2,
            "eps": 0.68,
            "eps_growth_year": -44.26,
            "eps_4q": 12.96,
            "eps_4q_growth_year": null,
            "roe": 2.73,
            "roe_4q": 25,
            "gross_profit": 114718,
            "gross_margin": 32.8,
            "gross_margin_4q_avg": 28.71,
            "net_income": 44764,
            "revenue": 349771,
            "common_shares": 660000,
            "book_valuer_per_share": 24.44,
            "book_valuer_per_share_4q_avg": 24.82,
            "equity": 1613369,
            "current_ratio": 235.63,
            "debt_ratio": 29.19,
            "inventory_turnover_ratio": 0.83,
            "account_receivable_turnover_ratio": null,
            "reinvestment_rate": null,
            "research_to_sale_ratio": null,
            "price_fair": 0,
            "eps_avg_yearly": 0,
            "eps_latest_yearly": 0,
            "eps_growth_yearly": 0
        },
        "20013": {
            "year_quarter": 20013,
            "year": 2001,
            "quarter": 3,
            "eps": 0.39,
            "eps_growth_year": -69.77,
            "eps_4q": 8.73,
            "eps_4q_growth_year": null,
            "roe": 2.2,
            "roe_4q": 27.2,
            "gross_profit": 55823,
            "gross_margin": 18.7,
            "gross_margin_4q_avg": 25.37,
            "net_income": 35922,
            "revenue": 298575,
            "common_shares": 914000,
            "book_valuer_per_share": 18.06,
            "book_valuer_per_share_4q_avg": 22.56,
            "equity": 1650866,
            "current_ratio": 205.09,
            "debt_ratio": 26.32,
            "inventory_turnover_ratio": 0.93,
            "account_receivable_turnover_ratio": null,
            "reinvestment_rate": null,
            "research_to_sale_ratio": null,
            "price_fair": 0,
            "eps_avg_yearly": 0,
            "eps_latest_yearly": 0,
            "eps_growth_yearly": 0
        },
        "20014": {
            "year_quarter": 20014,
            "year": 2001,
            "quarter": 4,
            "eps": 0.51,
            "eps_growth_year": -91.36,
            "eps_4q": 5.01,
            "eps_4q_growth_year": -43.23,
            "roe": 2.8,
            "roe_4q": 30,
            "gross_profit": 109725,
            "gross_margin": 22.7,
            "gross_margin_4q_avg": 24.7,
            "net_income": 46959,
            "revenue": 483437,
            "common_shares": 914000,
            "book_valuer_per_share": 18.64,
            "book_valuer_per_share_4q_avg": 21.58,
            "equity": 1703977,
            "current_ratio": 144.47,
            "debt_ratio": 43.65,
            "inventory_turnover_ratio": 0.76,
            "account_receivable_turnover_ratio": null,
            "reinvestment_rate": null,
            "research_to_sale_ratio": null,
            "price_fair": 0,
            "eps_avg_yearly": 0,
            "eps_latest_yearly": 0,
            "eps_growth_yearly": 0
        },
        "20021": {
            "year_quarter": 20021,
            "year": 2002,
            "quarter": 1,
            "eps": 1.28,
            "eps_growth_year": -74.65,
            "eps_4q": 2.68,
            "eps_4q_growth_year": -79.36,
            "roe": 6.63,
            "roe_4q": 14.36,
            "gross_profit": 91775,
            "gross_margin": 18.21,
            "gross_margin_4q_avg": 23.1,
            "net_income": 116946,
            "revenue": 504041,
            "common_shares": 914000,
            "book_valuer_per_share": 19.94,
            "book_valuer_per_share_4q_avg": 20.27,
            "equity": 1822323,
            "current_ratio": 163.95,
            "debt_ratio": 24.99,
            "inventory_turnover_ratio": 0.8,
            "account_receivable_turnover_ratio": null,
            "reinvestment_rate": null,
            "research_to_sale_ratio": null,
            "price_fair": 179.2,
            "eps_avg_yearly": 5.12,
            "eps_latest_yearly": 5.12,
            "eps_growth_yearly": 603.92
        },
        "20022": {
            "year_quarter": 20022,
            "year": 2002,
            "quarter": 2,
            "eps": 0.97,
            "eps_growth_year": 42.65,
            "eps_4q": 3.15,
            "eps_4q_growth_year": -75.72,
            "roe": 4.94,
            "roe_4q": 16.57,
            "gross_profit": 69916,
            "gross_margin": 17.28,
            "gross_margin_4q_avg": 19.22,
            "net_income": 89089,
            "revenue": 404659,
            "common_shares": 914000,
            "book_valuer_per_share": 19.54,
            "book_valuer_per_share_4q_avg": 19.05,
            "equity": 1785885,
            "current_ratio": 167.34,
            "debt_ratio": 25.3,
            "inventory_turnover_ratio": 1.15,
            "account_receivable_turnover_ratio": null,
            "reinvestment_rate": null,
            "research_to_sale_ratio": null,
            "price_fair": 157.5,
            "eps_avg_yearly": 4.5,
            "eps_latest_yearly": 3.88,
            "eps_growth_yearly": 253.52
        },
        "20023": {
            "year_quarter": 20023,
            "year": 2002,
            "quarter": 3,
            "eps": 0.75,
            "eps_growth_year": 92.31,
            "eps_4q": 2.92,
            "eps_4q_growth_year": -66.54,
            "roe": 4.74,
            "roe_4q": 19.11,
            "gross_profit": 94037,
            "gross_margin": 19.63,
            "gross_margin_4q_avg": 19.46,
            "net_income": 87437,
            "revenue": 478994,
            "common_shares": 1168000,
            "book_valuer_per_share": 16.29,
            "book_valuer_per_share_4q_avg": 18.6,
            "equity": 1903210,
            "current_ratio": 208.36,
            "debt_ratio": 33.79,
            "inventory_turnover_ratio": 1.25,
            "account_receivable_turnover_ratio": null,
            "reinvestment_rate": null,
            "research_to_sale_ratio": null,
            "price_fair": 140,
            "eps_avg_yearly": 4,
            "eps_latest_yearly": 3,
            "eps_growth_yearly": 138.77
        },
        "20024": {
            "year_quarter": 20024,
            "year": 2002,
            "quarter": 4,
            "eps": 0.92,
            "eps_growth_year": 80.39,
            "eps_4q": 3.44,
            "eps_4q_growth_year": -31.4,
            "roe": 5.49,
            "roe_4q": 21.8,
            "gross_profit": 104765,
            "gross_margin": 21.63,
            "gross_margin_4q_avg": 19.19,
            "net_income": 107310,
            "revenue": 484277,
            "common_shares": 1168000,
            "book_valuer_per_share": 17.17,
            "book_valuer_per_share_4q_avg": 18.24,
            "equity": 2005312,
            "current_ratio": 214.17,
            "debt_ratio": 39.37,
            "inventory_turnover_ratio": 0.83,
            "account_receivable_turnover_ratio": null,
            "reinvestment_rate": null,
            "research_to_sale_ratio": null,
            "price_fair": 137.2,
            "eps_avg_yearly": 3.92,
            "eps_latest_yearly": 3.68,
            "eps_growth_yearly": 126.75
        },
        "20031": {
            "year_quarter": 20031,
            "year": 2003,
            "quarter": 1,
            "eps": 0.54,
            "eps_growth_year": -57.81,
            "eps_4q": 2.96,
            "eps_4q_growth_year": 10.48,
            "roe": 3.11,
            "roe_4q": 18.28,
            "gross_profit": 75532,
            "gross_margin": 18.42,
            "gross_margin_4q_avg": 19.24,
            "net_income": 63395,
            "revenue": 410129,
            "common_shares": 1168000,
            "book_valuer_per_share": 17.71,
            "book_valuer_per_share_4q_avg": 17.68,
            "equity": 2068503,
            "current_ratio": 267.36,
            "debt_ratio": 28.12,
            "inventory_turnover_ratio": 0.82,
            "account_receivable_turnover_ratio": null,
            "reinvestment_rate": null,
            "research_to_sale_ratio": null,
            "price_fair": 124.88,
            "eps_avg_yearly": 3.57,
            "eps_latest_yearly": 2.16,
            "eps_growth_yearly": 68.35
        },
        "20032": {
            "year_quarter": 20032,
            "year": 2003,
            "quarter": 2,
            "eps": 0.27,
            "eps_growth_year": -72.16,
            "eps_4q": 2.3,
            "eps_4q_growth_year": -26.74,
            "roe": 1.71,
            "roe_4q": 15.05,
            "gross_profit": 73936,
            "gross_margin": 18.92,
            "gross_margin_4q_avg": 19.65,
            "net_income": 34258,
            "revenue": 390876,
            "common_shares": 1168000,
            "book_valuer_per_share": 16.69,
            "book_valuer_per_share_4q_avg": 16.97,
            "equity": 1949254,
            "current_ratio": 199.62,
            "debt_ratio": 28.1,
            "inventory_turnover_ratio": 1.39,
            "account_receivable_turnover_ratio": null,
            "reinvestment_rate": null,
            "research_to_sale_ratio": null,
            "price_fair": 106.04,
            "eps_avg_yearly": 3.15,
            "eps_latest_yearly": 1.08,
            "eps_growth_yearly": 23.63
        },
        "20033": {
            "year_quarter": 20033,
            "year": 2003,
            "quarter": 3,
            "eps": 0.69,
            "eps_growth_year": -8,
            "eps_4q": 2.29,
            "eps_4q_growth_year": -21.51,
            "roe": 4.45,
            "roe_4q": 14.76,
            "gross_profit": 83017,
            "gross_margin": 17.83,
            "gross_margin_4q_avg": 19.2,
            "net_income": 88280,
            "revenue": 465630,
            "common_shares": 1271960,
            "book_valuer_per_share": 15.85,
            "book_valuer_per_share_4q_avg": 16.86,
            "equity": 2015486,
            "current_ratio": 232.46,
            "debt_ratio": 24.28,
            "inventory_turnover_ratio": 1.89,
            "account_receivable_turnover_ratio": null,
            "reinvestment_rate": null,
            "research_to_sale_ratio": null,
            "price_fair": 108.4,
            "eps_avg_yearly": 3.1,
            "eps_latest_yearly": 2.76,
            "eps_growth_yearly": 109.14
        },
        "20034": {
            "year_quarter": 20034,
            "year": 2003,
            "quarter": 4,
            "eps": 0.41,
            "eps_growth_year": -55.43,
            "eps_4q": 1.88,
            "eps_4q_growth_year": -45.35,
            "roe": 2.54,
            "roe_4q": 11.809999999999999,
            "gross_profit": 62895,
            "gross_margin": 17.02,
            "gross_margin_4q_avg": 18.05,
            "net_income": 51940,
            "revenue": 369514,
            "common_shares": 1271960,
            "book_valuer_per_share": 16.3,
            "book_valuer_per_share_4q_avg": 16.64,
            "equity": 2072996,
            "current_ratio": 273.36,
            "debt_ratio": 27.86,
            "inventory_turnover_ratio": 0.79,
            "account_receivable_turnover_ratio": null,
            "reinvestment_rate": 28.49,
            "research_to_sale_ratio": null,
            "price_fair": 102.03,
            "eps_avg_yearly": 2.92,
            "eps_latest_yearly": 1.64,
            "eps_growth_yearly": 75.21
        },
        "20041": {
            "year_quarter": 20041,
            "year": 2004,
            "quarter": 1,
            "eps": 0.12,
            "eps_growth_year": -77.78,
            "eps_4q": 1.48,
            "eps_4q_growth_year": -50.08,
            "roe": 0.75,
            "roe_4q": 9.45,
            "gross_profit": 59682,
            "gross_margin": 19.43,
            "gross_margin_4q_avg": 18.3,
            "net_income": 15434,
            "revenue": 307200,
            "common_shares": 1271960,
            "book_valuer_per_share": 16.2,
            "book_valuer_per_share_4q_avg": 16.26,
            "equity": 2060702,
            "current_ratio": 204.25,
            "debt_ratio": 21.14,
            "inventory_turnover_ratio": 0.62,
            "account_receivable_turnover_ratio": null,
            "reinvestment_rate": 11.37,
            "research_to_sale_ratio": null,
            "price_fair": 92.56,
            "eps_avg_yearly": 2.64,
            "eps_latest_yearly": 0.48,
            "eps_growth_yearly": 35.42
        },
        "20042": {
            "year_quarter": 20042,
            "year": 2004,
            "quarter": 2,
            "eps": -0.09,
            "eps_growth_year": -133.33,
            "eps_4q": 1.13,
            "eps_4q_growth_year": -50.76,
            "roe": -0.57,
            "roe_4q": 7.17,
            "gross_profit": 40023,
            "gross_margin": 17.65,
            "gross_margin_4q_avg": 17.98,
            "net_income": -11332,
            "revenue": 226777,
            "common_shares": 1271960,
            "book_valuer_per_share": 15.05,
            "book_valuer_per_share_4q_avg": 15.85,
            "equity": 1914050,
            "current_ratio": 142.7,
            "debt_ratio": 25.72,
            "inventory_turnover_ratio": 1.05,
            "account_receivable_turnover_ratio": null,
            "reinvestment_rate": 11.01,
            "research_to_sale_ratio": null,
            "price_fair": 92.56,
            "eps_avg_yearly": 2.64,
            "eps_latest_yearly": 0.48,
            "eps_growth_yearly": 35.42
        },
        "20043": {
            "year_quarter": 20043,
            "year": 2004,
            "quarter": 3,
            "eps": 0.39,
            "eps_growth_year": -43.48,
            "eps_4q": 0.83,
            "eps_4q_growth_year": -63.99,
            "roe": 2.62,
            "roe_4q": 5.34,
            "gross_profit": 38612,
            "gross_margin": 18.29,
            "gross_margin_4q_avg": 18.1,
            "net_income": 50213,
            "revenue": 211109,
            "common_shares": 1297399,
            "book_valuer_per_share": 14.79,
            "book_valuer_per_share_4q_avg": 15.59,
            "equity": 1918442,
            "current_ratio": 162.02,
            "debt_ratio": 26.66,
            "inventory_turnover_ratio": 1.1,
            "account_receivable_turnover_ratio": null,
            "reinvestment_rate": 7.52,
            "research_to_sale_ratio": null,
            "price_fair": 92.56,
            "eps_avg_yearly": 2.64,
            "eps_latest_yearly": 0.48,
            "eps_growth_yearly": 35.42
        },
        "20044": {
            "year_quarter": 20044,
            "year": 2004,
            "quarter": 4,
            "eps": -0.9,
            "eps_growth_year": -319.51,
            "eps_4q": -0.47,
            "eps_4q_growth_year": -125.03,
            "roe": -6.27,
            "roe_4q": -3.4699999999999998,
            "gross_profit": 21591,
            "gross_margin": 13.02,
            "gross_margin_4q_avg": 17.1,
            "net_income": -114341,
            "revenue": 165837,
            "common_shares": 1297399,
            "book_valuer_per_share": 13.34,
            "book_valuer_per_share_4q_avg": 14.85,
            "equity": 1731136,
            "current_ratio": 212.86,
            "debt_ratio": 32.84,
            "inventory_turnover_ratio": 0.42,
            "account_receivable_turnover_ratio": null,
            "reinvestment_rate": 0.05,
            "research_to_sale_ratio": null,
            "price_fair": 92.56,
            "eps_avg_yearly": 2.64,
            "eps_latest_yearly": 0.48,
            "eps_growth_yearly": 35.42
        },
        "20051": {
            "year_quarter": 20051,
            "year": 2005,
            "quarter": 1,
            "eps": -0.18,
            "eps_growth_year": -250,
            "eps_4q": -0.78,
            "eps_4q_growth_year": -153.15,
            "roe": -1.31,
            "roe_4q": -5.53,
            "gross_profit": 32509,
            "gross_margin": 21.32,
            "gross_margin_4q_avg": 17.57,
            "net_income": -22460,
            "revenue": 152458,
            "common_shares": 1297399,
            "book_valuer_per_share": 13.14,
            "book_valuer_per_share_4q_avg": 14.08,
            "equity": 1704325,
            "current_ratio": 171.91,
            "debt_ratio": 21.86,
            "inventory_turnover_ratio": 0.38,
            "account_receivable_turnover_ratio": null,
            "reinvestment_rate": -23.2,
            "research_to_sale_ratio": null,
            "price_fair": 92.56,
            "eps_avg_yearly": 2.64,
            "eps_latest_yearly": 0.48,
            "eps_growth_yearly": 35.42
        },
        "20052": {
            "year_quarter": 20052,
            "year": 2005,
            "quarter": 2,
            "eps": -1.23,
            "eps_growth_year": null,
            "eps_4q": -1.84,
            "eps_4q_growth_year": -261.79,
            "roe": -9.31,
            "roe_4q": -14.27,
            "gross_profit": 13838,
            "gross_margin": 13.71,
            "gross_margin_4q_avg": 16.59,
            "net_income": -151580,
            "revenue": 100901,
            "common_shares": 1297399,
            "book_valuer_per_share": 11.97,
            "book_valuer_per_share_4q_avg": 13.31,
            "equity": 1553301,
            "current_ratio": 109.16,
            "debt_ratio": 25.95,
            "inventory_turnover_ratio": 0.89,
            "account_receivable_turnover_ratio": null,
            "reinvestment_rate": 21.02,
            "research_to_sale_ratio": null,
            "price_fair": 92.56,
            "eps_avg_yearly": 2.64,
            "eps_latest_yearly": 0.48,
            "eps_growth_yearly": 35.42
        },
        "20053": {
            "year_quarter": 20053,
            "year": 2005,
            "quarter": 3,
            "eps": -0.48,
            "eps_growth_year": -223.08,
            "eps_4q": -2.68,
            "eps_4q_growth_year": -424.47,
            "roe": -3.82,
            "roe_4q": -20.71,
            "gross_profit": 33481,
            "gross_margin": 20.75,
            "gross_margin_4q_avg": 17.2,
            "net_income": -59032,
            "revenue": 161356,
            "common_shares": 1297399,
            "book_valuer_per_share": 11.82,
            "book_valuer_per_share_4q_avg": 12.57,
            "equity": 1533570,
            "current_ratio": 97.64,
            "debt_ratio": 25.92,
            "inventory_turnover_ratio": 1.49,
            "account_receivable_turnover_ratio": null,
            "reinvestment_rate": 11.36,
            "research_to_sale_ratio": null,
            "price_fair": 92.56,
            "eps_avg_yearly": 2.64,
            "eps_latest_yearly": 0.48,
            "eps_growth_yearly": 35.42
        },
        "20054": {
            "year_quarter": 20054,
            "year": 2005,
            "quarter": 4,
            "eps": -1.59,
            "eps_growth_year": null,
            "eps_4q": -3.47,
            "eps_4q_growth_year": null,
            "roe": -13.64,
            "roe_4q": -28.080000000000002,
            "gross_profit": 21684,
            "gross_margin": 22.61,
            "gross_margin_4q_avg": 19.6,
            "net_income": -196533,
            "revenue": 95903,
            "common_shares": 1297399,
            "book_valuer_per_share": 10.39,
            "book_valuer_per_share_4q_avg": 11.83,
            "equity": 1348769,
            "current_ratio": 110.31,
            "debt_ratio": 37.51,
            "inventory_turnover_ratio": 0.5,
            "account_receivable_turnover_ratio": null,
            "reinvestment_rate": -460.98,
            "research_to_sale_ratio": null,
            "price_fair": 92.56,
            "eps_avg_yearly": 2.64,
            "eps_latest_yearly": 0.48,
            "eps_growth_yearly": 35.42
        },
        "20061": {
            "year_quarter": 20061,
            "year": 2006,
            "quarter": 1,
            "eps": 0.01,
            "eps_growth_year": null,
            "eps_4q": -2.26,
            "eps_4q_growth_year": null,
            "roe": 0.09,
            "roe_4q": -26.68,
            "gross_profit": 26016,
            "gross_margin": 22.05,
            "gross_margin_4q_avg": 19.78,
            "net_income": 1794,
            "revenue": 117968,
            "common_shares": 1297399,
            "book_valuer_per_share": 19.15,
            "book_valuer_per_share_4q_avg": 13.33,
            "equity": 2484653,
            "current_ratio": 128.19,
            "debt_ratio": 16.04,
            "inventory_turnover_ratio": 0.59,
            "account_receivable_turnover_ratio": null,
            "reinvestment_rate": -1591.15,
            "research_to_sale_ratio": null,
            "price_fair": 7.01,
            "eps_avg_yearly": 2.34,
            "eps_latest_yearly": 0.48,
            "eps_growth_yearly": -35.65
        },
        "20062": {
            "year_quarter": 20062,
            "year": 2006,
            "quarter": 2,
            "eps": 0.09,
            "eps_growth_year": null,
            "eps_4q": -2.07,
            "eps_4q_growth_year": null,
            "roe": 0.45,
            "roe_4q": -16.92,
            "gross_profit": 18536,
            "gross_margin": 21.51,
            "gross_margin_4q_avg": 21.73,
            "net_income": 10581,
            "revenue": 86169,
            "common_shares": 1297399,
            "book_valuer_per_share": 17.09,
            "book_valuer_per_share_4q_avg": 14.61,
            "equity": 2216675,
            "current_ratio": 113.45,
            "debt_ratio": 17.74,
            "inventory_turnover_ratio": 0.65,
            "account_receivable_turnover_ratio": null,
            "reinvestment_rate": null,
            "research_to_sale_ratio": null,
            "price_fair": 66.33,
            "eps_avg_yearly": 1.9,
            "eps_latest_yearly": 0.36,
            "eps_growth_yearly": 376.46
        },
        "20063": {
            "year_quarter": 20063,
            "year": 2006,
            "quarter": 3,
            "eps": 0.44,
            "eps_growth_year": null,
            "eps_4q": -1.08,
            "eps_4q_growth_year": null,
            "roe": 2.41,
            "roe_4q": -10.690000000000001,
            "gross_profit": 43355,
            "gross_margin": 25.11,
            "gross_margin_4q_avg": 22.82,
            "net_income": 53355,
            "revenue": 172663,
            "common_shares": 1267399,
            "book_valuer_per_share": 17.39,
            "book_valuer_per_share_4q_avg": 16.01,
            "equity": 2203799,
            "current_ratio": 140.85,
            "debt_ratio": 16.96,
            "inventory_turnover_ratio": 1.27,
            "account_receivable_turnover_ratio": null,
            "reinvestment_rate": null,
            "research_to_sale_ratio": null,
            "price_fair": 60.9,
            "eps_avg_yearly": 1.74,
            "eps_latest_yearly": 1.76,
            "eps_growth_yearly": 582.25
        },
        "20064": {
            "year_quarter": 20064,
            "year": 2006,
            "quarter": 4,
            "eps": -0.47,
            "eps_growth_year": null,
            "eps_4q": 0.07,
            "eps_4q_growth_year": null,
            "roe": -2.54,
            "roe_4q": 0.41000000000000014,
            "gross_profit": 29238,
            "gross_margin": 32.88,
            "gross_margin_4q_avg": 25.39,
            "net_income": -57583,
            "revenue": 88916,
            "common_shares": 1267399,
            "book_valuer_per_share": 18.42,
            "book_valuer_per_share_4q_avg": 18.01,
            "equity": 2334941,
            "current_ratio": 146.43,
            "debt_ratio": 24.03,
            "inventory_turnover_ratio": 0.35,
            "account_receivable_turnover_ratio": null,
            "reinvestment_rate": null,
            "research_to_sale_ratio": null,
            "price_fair": 51.2,
            "eps_avg_yearly": 1.46,
            "eps_latest_yearly": 1.76,
            "eps_growth_yearly": 652.47
        },
        "20071": {
            "year_quarter": 20071,
            "year": 2007,
            "quarter": 1,
            "eps": 1.08,
            "eps_growth_year": 10700,
            "eps_4q": 1.13,
            "eps_4q_growth_year": null,
            "roe": 5.45,
            "roe_4q": 5.7700000000000005,
            "gross_profit": 26958,
            "gross_margin": 31.95,
            "gross_margin_4q_avg": 27.86,
            "net_income": 129851,
            "revenue": 84367,
            "common_shares": 1267399,
            "book_valuer_per_share": 19.15,
            "book_valuer_per_share_4q_avg": 18.01,
            "equity": 2426528,
            "current_ratio": 320.23,
            "debt_ratio": 9.26,
            "inventory_turnover_ratio": 0.35,
            "account_receivable_turnover_ratio": null,
            "reinvestment_rate": null,
            "research_to_sale_ratio": null,
            "price_fair": 47.13,
            "eps_avg_yearly": 1.35,
            "eps_latest_yearly": 1.76,
            "eps_growth_yearly": 788.76
        },
        "20072": {
            "year_quarter": 20072,
            "year": 2007,
            "quarter": 2,
            "eps": 0.31,
            "eps_growth_year": 244.44,
            "eps_4q": 1.36,
            "eps_4q_growth_year": null,
            "roe": 1.49,
            "roe_4q": 6.8100000000000005,
            "gross_profit": 21882,
            "gross_margin": 32.33,
            "gross_margin_4q_avg": 30.57,
            "net_income": 36972,
            "revenue": 67682,
            "common_shares": 1247399,
            "book_valuer_per_share": 20.29,
            "book_valuer_per_share_4q_avg": 18.81,
            "equity": 2531092,
            "current_ratio": 533.59,
            "debt_ratio": 5.23,
            "inventory_turnover_ratio": 0.71,
            "account_receivable_turnover_ratio": null,
            "reinvestment_rate": null,
            "research_to_sale_ratio": null,
            "price_fair": 48.07,
            "eps_avg_yearly": 1.37,
            "eps_latest_yearly": 1.24,
            "eps_growth_yearly": 774.56
        },
        "20073": {
            "year_quarter": 20073,
            "year": 2007,
            "quarter": 3,
            "eps": 0.6,
            "eps_growth_year": 36.36,
            "eps_4q": 1.5,
            "eps_4q_growth_year": null,
            "roe": 2.94,
            "roe_4q": 7.339999999999999,
            "gross_profit": 30938,
            "gross_margin": 26.42,
            "gross_margin_4q_avg": 30.9,
            "net_income": 72449,
            "revenue": 117084,
            "common_shares": 1217399,
            "book_valuer_per_share": 19.65,
            "book_valuer_per_share_4q_avg": 19.38,
            "equity": 2392694,
            "current_ratio": 533.62,
            "debt_ratio": 5.45,
            "inventory_turnover_ratio": 1.5,
            "account_receivable_turnover_ratio": null,
            "reinvestment_rate": null,
            "research_to_sale_ratio": null,
            "price_fair": 45.97,
            "eps_avg_yearly": 1.31,
            "eps_latest_yearly": 2.4,
            "eps_growth_yearly": 733.22
        },
        "20074": {
            "year_quarter": 20074,
            "year": 2007,
            "quarter": 4,
            "eps": -0.09,
            "eps_growth_year": null,
            "eps_4q": 1.9,
            "eps_4q_growth_year": 2578.21,
            "roe": -0.45,
            "roe_4q": 9.43,
            "gross_profit": 24792,
            "gross_margin": 34.02,
            "gross_margin_4q_avg": 31.18,
            "net_income": -10437,
            "revenue": 72875,
            "common_shares": 1205209,
            "book_valuer_per_share": 18.33,
            "book_valuer_per_share_4q_avg": 19.36,
            "equity": 2209485,
            "current_ratio": 223.55,
            "debt_ratio": 20.09,
            "inventory_turnover_ratio": 0.41,
            "account_receivable_turnover_ratio": null,
            "reinvestment_rate": null,
            "research_to_sale_ratio": null,
            "price_fair": 43.68,
            "eps_avg_yearly": 1.25,
            "eps_latest_yearly": 2.4,
            "eps_growth_yearly": 912.33
        },
        "20081": {
            "year_quarter": 20081,
            "year": 2008,
            "quarter": 1,
            "eps": 0.83,
            "eps_growth_year": -23.15,
            "eps_4q": 1.65,
            "eps_4q_growth_year": 45.57,
            "roe": 4.64,
            "roe_4q": 8.62,
            "gross_profit": 73016,
            "gross_margin": 31.26,
            "gross_margin_4q_avg": 31.01,
            "net_income": 100422,
            "revenue": 233605,
            "common_shares": 1205209,
            "book_valuer_per_share": 17.57,
            "book_valuer_per_share_4q_avg": 18.96,
            "equity": 2117099,
            "current_ratio": 261.12,
            "debt_ratio": 14.32,
            "inventory_turnover_ratio": 0.9,
            "account_receivable_turnover_ratio": null,
            "reinvestment_rate": null,
            "research_to_sale_ratio": null,
            "price_fair": 50.4,
            "eps_avg_yearly": 1.44,
            "eps_latest_yearly": 2.4,
            "eps_growth_yearly": 1211.14
        },
        "20082": {
            "year_quarter": 20082,
            "year": 2008,
            "quarter": 2,
            "eps": 0.3,
            "eps_growth_year": -3.23,
            "eps_4q": 1.67,
            "eps_4q_growth_year": 22.56,
            "roe": 1.76,
            "roe_4q": 8.889999999999999,
            "gross_profit": 44217,
            "gross_margin": 28.15,
            "gross_margin_4q_avg": 29.96,
            "net_income": 35573,
            "revenue": 157099,
            "common_shares": 1205209,
            "book_valuer_per_share": 15.9,
            "book_valuer_per_share_4q_avg": 17.86,
            "equity": 1916599,
            "current_ratio": 186.99,
            "debt_ratio": 20.34,
            "inventory_turnover_ratio": 0.72,
            "account_receivable_turnover_ratio": null,
            "reinvestment_rate": null,
            "research_to_sale_ratio": null,
            "price_fair": 48.72,
            "eps_avg_yearly": 1.39,
            "eps_latest_yearly": 1.2,
            "eps_growth_yearly": 917.83
        },
        "20083": {
            "year_quarter": 20083,
            "year": 2008,
            "quarter": 3,
            "eps": 0.34,
            "eps_growth_year": -43.33,
            "eps_4q": 1.39,
            "eps_4q_growth_year": -7.92,
            "roe": 2.19,
            "roe_4q": 8.14,
            "gross_profit": 104599,
            "gross_margin": 34.57,
            "gross_margin_4q_avg": 32,
            "net_income": 40869,
            "revenue": 302569,
            "common_shares": 1205209,
            "book_valuer_per_share": 15.01,
            "book_valuer_per_share_4q_avg": 16.7,
            "equity": 1808556,
            "current_ratio": 218.42,
            "debt_ratio": 16.88,
            "inventory_turnover_ratio": 1.44,
            "account_receivable_turnover_ratio": null,
            "reinvestment_rate": null,
            "research_to_sale_ratio": null,
            "price_fair": 48.53,
            "eps_avg_yearly": 1.39,
            "eps_latest_yearly": 1.36,
            "eps_growth_yearly": 773.75
        },
        "20084": {
            "year_quarter": 20084,
            "year": 2008,
            "quarter": 4,
            "eps": -0.3,
            "eps_growth_year": null,
            "eps_4q": 1.18,
            "eps_4q_growth_year": -37.84,
            "roe": -2.03,
            "roe_4q": 6.56,
            "gross_profit": 55744,
            "gross_margin": 27.09,
            "gross_margin_4q_avg": 30.27,
            "net_income": -35666,
            "revenue": 205805,
            "common_shares": 1205209,
            "book_valuer_per_share": 14.21,
            "book_valuer_per_share_4q_avg": 15.67,
            "equity": 1712811,
            "current_ratio": 241.36,
            "debt_ratio": 13.52,
            "inventory_turnover_ratio": 1.22,
            "account_receivable_turnover_ratio": 3.85,
            "reinvestment_rate": null,
            "research_to_sale_ratio": null,
            "price_fair": 48.53,
            "eps_avg_yearly": 1.39,
            "eps_latest_yearly": 1.36,
            "eps_growth_yearly": 773.75
        },
        "20091": {
            "year_quarter": 20091,
            "year": 2009,
            "quarter": 1,
            "eps": 0.08,
            "eps_growth_year": -90.36,
            "eps_4q": 0.46,
            "eps_4q_growth_year": -72.19,
            "roe": 0.49,
            "roe_4q": 2.41,
            "gross_profit": 79175,
            "gross_margin": 37.07,
            "gross_margin_4q_avg": 31.72,
            "net_income": 8617,
            "revenue": 213585,
            "common_shares": 1135209,
            "book_valuer_per_share": 15.65,
            "book_valuer_per_share_4q_avg": 15.19,
            "equity": 1776190,
            "current_ratio": 272.24,
            "debt_ratio": 12.2,
            "inventory_turnover_ratio": 1.25,
            "account_receivable_turnover_ratio": 2.05,
            "reinvestment_rate": null,
            "research_to_sale_ratio": null,
            "price_fair": 48.53,
            "eps_avg_yearly": 1.39,
            "eps_latest_yearly": 1.36,
            "eps_growth_yearly": 773.75
        },
        "20092": {
            "year_quarter": 20092,
            "year": 2009,
            "quarter": 2,
            "eps": 0.09,
            "eps_growth_year": -70,
            "eps_4q": 0.21,
            "eps_4q_growth_year": -87.22,
            "roe": 0.57,
            "roe_4q": 1.2200000000000002,
            "gross_profit": 72155,
            "gross_margin": 46.7,
            "gross_margin_4q_avg": 36.36,
            "net_income": 10025,
            "revenue": 154521,
            "common_shares": 1135209,
            "book_valuer_per_share": 15.13,
            "book_valuer_per_share_4q_avg": 15,
            "equity": 1717594,
            "current_ratio": 236.41,
            "debt_ratio": 13.35,
            "inventory_turnover_ratio": 0.84,
            "account_receivable_turnover_ratio": 1.5,
            "reinvestment_rate": 275.2,
            "research_to_sale_ratio": null,
            "price_fair": 43.4,
            "eps_avg_yearly": 1.24,
            "eps_latest_yearly": 0.36,
            "eps_growth_yearly": 670.35
        },
        "20093": {
            "year_quarter": 20093,
            "year": 2009,
            "quarter": 3,
            "eps": 0.21,
            "eps_growth_year": -38.24,
            "eps_4q": 0.06,
            "eps_4q_growth_year": -95.78,
            "roe": 1.35,
            "roe_4q": 0.38000000000000034,
            "gross_profit": 101166,
            "gross_margin": 37.97,
            "gross_margin_4q_avg": 37.21,
            "net_income": 23728,
            "revenue": 266454,
            "common_shares": 1095209,
            "book_valuer_per_share": 16.32,
            "book_valuer_per_share_4q_avg": 15.33,
            "equity": 1787089,
            "current_ratio": 237.08,
            "debt_ratio": 13.52,
            "inventory_turnover_ratio": 1.96,
            "account_receivable_turnover_ratio": 2.31,
            "reinvestment_rate": 169.4,
            "research_to_sale_ratio": null,
            "price_fair": 41.65,
            "eps_avg_yearly": 1.19,
            "eps_latest_yearly": 0.84,
            "eps_growth_yearly": 653.23
        },
        "20094": {
            "year_quarter": 20094,
            "year": 2009,
            "quarter": 4,
            "eps": 0.08,
            "eps_growth_year": null,
            "eps_4q": 0.46,
            "eps_4q_growth_year": -60.83,
            "roe": 0.46,
            "roe_4q": 2.87,
            "gross_profit": 71863,
            "gross_margin": 47.16,
            "gross_margin_4q_avg": 42.23,
            "net_income": 8420,
            "revenue": 152371,
            "common_shares": 1095209,
            "book_valuer_per_share": 17.46,
            "book_valuer_per_share_4q_avg": 16.14,
            "equity": 1912286,
            "current_ratio": 279.43,
            "debt_ratio": 11.4,
            "inventory_turnover_ratio": 1.03,
            "account_receivable_turnover_ratio": 2.8,
            "reinvestment_rate": 220.07,
            "research_to_sale_ratio": null,
            "price_fair": 38.27,
            "eps_avg_yearly": 1.09,
            "eps_latest_yearly": 0.32,
            "eps_growth_yearly": 553.13
        },
        "20101": {
            "year_quarter": 20101,
            "year": 2010,
            "quarter": 1,
            "eps": 0.05,
            "eps_growth_year": -37.5,
            "eps_4q": 0.43,
            "eps_4q_growth_year": -6.09,
            "roe": 0.27,
            "roe_4q": 2.65,
            "gross_profit": 59703,
            "gross_margin": 33.27,
            "gross_margin_4q_avg": 41.28,
            "net_income": 5152,
            "revenue": 179429,
            "common_shares": 1095209,
            "book_valuer_per_share": 16.86,
            "book_valuer_per_share_4q_avg": 16.44,
            "equity": 1847199,
            "current_ratio": 286.43,
            "debt_ratio": 10.54,
            "inventory_turnover_ratio": 1.52,
            "account_receivable_turnover_ratio": 1.59,
            "reinvestment_rate": 302,
            "research_to_sale_ratio": 6.38,
            "price_fair": 35.14,
            "eps_avg_yearly": 1,
            "eps_latest_yearly": 0.2,
            "eps_growth_yearly": 482.82
        },
        "20102": {
            "year_quarter": 20102,
            "year": 2010,
            "quarter": 2,
            "eps": 0.05,
            "eps_growth_year": -46.81,
            "eps_4q": 0.39,
            "eps_4q_growth_year": 81.54,
            "roe": 0.29,
            "roe_4q": 2.37,
            "gross_profit": 61225,
            "gross_margin": 55.29,
            "gross_margin_4q_avg": 43.42,
            "net_income": 5246,
            "revenue": 110735,
            "common_shares": 1095209,
            "book_valuer_per_share": 16.08,
            "book_valuer_per_share_4q_avg": 16.68,
            "equity": 1760605,
            "current_ratio": 231.86,
            "debt_ratio": 12.71,
            "inventory_turnover_ratio": 0.55,
            "account_receivable_turnover_ratio": 0.98,
            "reinvestment_rate": 175.23,
            "research_to_sale_ratio": 11.4,
            "price_fair": 34.58,
            "eps_avg_yearly": 0.99,
            "eps_latest_yearly": 0.2,
            "eps_growth_yearly": 162.82
        },
        "20103": {
            "year_quarter": 20103,
            "year": 2010,
            "quarter": 3,
            "eps": 0.14,
            "eps_growth_year": -34.52,
            "eps_4q": 0.31,
            "eps_4q_growth_year": 428.72,
            "roe": 0.84,
            "roe_4q": 1.8599999999999999,
            "gross_profit": 79973,
            "gross_margin": 36.43,
            "gross_margin_4q_avg": 43.04,
            "net_income": 15026,
            "revenue": 219498,
            "common_shares": 1095209,
            "book_valuer_per_share": 16.4,
            "book_valuer_per_share_4q_avg": 16.7,
            "equity": 1796544,
            "current_ratio": 256.85,
            "debt_ratio": 12.02,
            "inventory_turnover_ratio": 1.5,
            "account_receivable_turnover_ratio": 1.73,
            "reinvestment_rate": 192.64,
            "research_to_sale_ratio": 6.05,
            "price_fair": 30.38,
            "eps_avg_yearly": 0.87,
            "eps_latest_yearly": 0.56,
            "eps_growth_yearly": 79.26
        },
        "20104": {
            "year_quarter": 20104,
            "year": 2010,
            "quarter": 4,
            "eps": 0.07,
            "eps_growth_year": -17.2,
            "eps_4q": 0.3,
            "eps_4q_growth_year": -34.08,
            "roe": 0.4,
            "roe_4q": 1.8,
            "gross_profit": 58423,
            "gross_margin": 44.56,
            "gross_margin_4q_avg": 42.39,
            "net_income": 7056,
            "revenue": 131109,
            "common_shares": 1065209,
            "book_valuer_per_share": 15.89,
            "book_valuer_per_share_4q_avg": 16.31,
            "equity": 1692819,
            "current_ratio": 243.89,
            "debt_ratio": 12.09,
            "inventory_turnover_ratio": 0.8,
            "account_receivable_turnover_ratio": 1.24,
            "reinvestment_rate": 46.19,
            "research_to_sale_ratio": 11.08,
            "price_fair": 28.51,
            "eps_avg_yearly": 0.81,
            "eps_latest_yearly": 0.28,
            "eps_growth_yearly": 53.88
        },
        "20111": {
            "year_quarter": 20111,
            "year": 2011,
            "quarter": 1,
            "eps": -0.02,
            "eps_growth_year": -140,
            "eps_4q": 0.24,
            "eps_4q_growth_year": -44.48,
            "roe": -0.12,
            "roe_4q": 1.4100000000000001,
            "gross_profit": 43229,
            "gross_margin": 36.21,
            "gross_margin_4q_avg": 43.12,
            "net_income": -1953,
            "revenue": 119386,
            "common_shares": 1065209,
            "book_valuer_per_share": 15.69,
            "book_valuer_per_share_4q_avg": 16.02,
            "equity": 1667075,
            "current_ratio": 249.39,
            "debt_ratio": 11.76,
            "inventory_turnover_ratio": 0.83,
            "account_receivable_turnover_ratio": 1.91,
            "reinvestment_rate": 209.46,
            "research_to_sale_ratio": 7.33,
            "price_fair": 28.51,
            "eps_avg_yearly": 0.81,
            "eps_latest_yearly": 0.28,
            "eps_growth_yearly": 53.88
        },
        "20112": {
            "year_quarter": 20112,
            "year": 2011,
            "quarter": 2,
            "eps": 0.04,
            "eps_growth_year": -11.6,
            "eps_4q": 0.23,
            "eps_4q_growth_year": -39.94,
            "roe": 0.28,
            "roe_4q": 1.4,
            "gross_profit": 39331,
            "gross_margin": 45.15,
            "gross_margin_4q_avg": 40.59,
            "net_income": 4480,
            "revenue": 87117,
            "common_shares": 1058659,
            "book_valuer_per_share": 14.93,
            "book_valuer_per_share_4q_avg": 15.73,
            "equity": 1580560,
            "current_ratio": 199.86,
            "debt_ratio": 13.96,
            "inventory_turnover_ratio": 0.59,
            "account_receivable_turnover_ratio": 1.55,
            "reinvestment_rate": 221.51,
            "research_to_sale_ratio": -3.47,
            "price_fair": 27.02,
            "eps_avg_yearly": 0.77,
            "eps_latest_yearly": 0.28,
            "eps_growth_yearly": 87.78
        },
        "20113": {
            "year_quarter": 20113,
            "year": 2011,
            "quarter": 3,
            "eps": 0.18,
            "eps_growth_year": 34.12,
            "eps_4q": 0.28,
            "eps_4q_growth_year": -10.56,
            "roe": 1.22,
            "roe_4q": 1.7799999999999998,
            "gross_profit": 43054,
            "gross_margin": 46.96,
            "gross_margin_4q_avg": 43.22,
            "net_income": 19262,
            "revenue": 91674,
            "common_shares": 1058659,
            "book_valuer_per_share": 15.1,
            "book_valuer_per_share_4q_avg": 15.4,
            "equity": 1577192,
            "current_ratio": 208.26,
            "debt_ratio": 13.73,
            "inventory_turnover_ratio": 0.69,
            "account_receivable_turnover_ratio": 1.46,
            "reinvestment_rate": 267.97,
            "research_to_sale_ratio": 0.25,
            "price_fair": 21.14,
            "eps_avg_yearly": 0.6,
            "eps_latest_yearly": 0.72,
            "eps_growth_yearly": 190.36
        },
        "20114": {
            "year_quarter": 20114,
            "year": 2011,
            "quarter": 4,
            "eps": 0.07,
            "eps_growth_year": -0.87,
            "eps_4q": 0.28,
            "eps_4q_growth_year": -9.67,
            "roe": 0.44,
            "roe_4q": 1.8199999999999998,
            "gross_profit": 43276,
            "gross_margin": 51.49,
            "gross_margin_4q_avg": 44.95,
            "net_income": 6820,
            "revenue": 84040,
            "common_shares": 1038659,
            "book_valuer_per_share": 14.91,
            "book_valuer_per_share_4q_avg": 15.16,
            "equity": 1548418,
            "current_ratio": 204.76,
            "debt_ratio": 14.42,
            "inventory_turnover_ratio": 0.7,
            "account_receivable_turnover_ratio": 1.38,
            "reinvestment_rate": 58.09,
            "research_to_sale_ratio": 2.33,
            "price_fair": 20.11,
            "eps_avg_yearly": 0.57,
            "eps_latest_yearly": 0.28,
            "eps_growth_yearly": 150.83
        },
        "20121": {
            "year_quarter": 20121,
            "year": 2012,
            "quarter": 1,
            "eps": 0.05,
            "eps_growth_year": null,
            "eps_4q": 0.35,
            "eps_4q_growth_year": 45.08,
            "roe": 0.35,
            "roe_4q": 2.29,
            "gross_profit": 33022,
            "gross_margin": 49.45,
            "gross_margin_4q_avg": 48.26,
            "net_income": 5464,
            "revenue": 66782,
            "common_shares": 1038659,
            "book_valuer_per_share": 14.87,
            "book_valuer_per_share_4q_avg": 14.95,
            "equity": 1544788,
            "current_ratio": 219.79,
            "debt_ratio": 13.27,
            "inventory_turnover_ratio": 0.68,
            "account_receivable_turnover_ratio": 1.5,
            "reinvestment_rate": 81.33,
            "research_to_sale_ratio": 4.7,
            "price_fair": 19.02,
            "eps_avg_yearly": 0.54,
            "eps_latest_yearly": 0.2,
            "eps_growth_yearly": 128.74
        },
        "20122": {
            "year_quarter": 20122,
            "year": 2012,
            "quarter": 2,
            "eps": 0.08,
            "eps_growth_year": 96.82,
            "eps_4q": 0.39,
            "eps_4q_growth_year": 66.25,
            "roe": 0.57,
            "roe_4q": 2.58,
            "gross_profit": 31826,
            "gross_margin": 52.09,
            "gross_margin_4q_avg": 50,
            "net_income": 8651,
            "revenue": 61097,
            "common_shares": 1038659,
            "book_valuer_per_share": 14.47,
            "book_valuer_per_share_4q_avg": 14.84,
            "equity": 1502661,
            "current_ratio": 193.1,
            "debt_ratio": 15.64,
            "inventory_turnover_ratio": 0.65,
            "account_receivable_turnover_ratio": 1.63,
            "reinvestment_rate": 83.48,
            "research_to_sale_ratio": 5.35,
            "price_fair": 16.45,
            "eps_avg_yearly": 0.47,
            "eps_latest_yearly": 0.32,
            "eps_growth_yearly": 170.03
        },
        "20123": {
            "year_quarter": 20123,
            "year": 2012,
            "quarter": 3,
            "eps": 0.14,
            "eps_growth_year": -24.2,
            "eps_4q": 0.34,
            "eps_4q_growth_year": 23.59,
            "roe": 0.96,
            "roe_4q": 2.32,
            "gross_profit": 38624,
            "gross_margin": 50.44,
            "gross_margin_4q_avg": 50.87,
            "net_income": 14521,
            "revenue": 76575,
            "common_shares": 1038659,
            "book_valuer_per_share": 14.6,
            "book_valuer_per_share_4q_avg": 14.71,
            "equity": 1516538,
            "current_ratio": 266.52,
            "debt_ratio": 9.57,
            "inventory_turnover_ratio": 1.04,
            "account_receivable_turnover_ratio": 1.85,
            "reinvestment_rate": 129.91,
            "research_to_sale_ratio": 4.32,
            "price_fair": 14.12,
            "eps_avg_yearly": 0.4,
            "eps_latest_yearly": 0.56,
            "eps_growth_yearly": 190.58
        },
        "20124": {
            "year_quarter": 20124,
            "year": 2012,
            "quarter": 4,
            "eps": 0.24,
            "eps_growth_year": 265.52,
            "eps_4q": 0.52,
            "eps_4q_growth_year": 87.23,
            "roe": 1.64,
            "roe_4q": 3.5199999999999996,
            "gross_profit": 26507,
            "gross_margin": 47.19,
            "gross_margin_4q_avg": 49.79,
            "net_income": 24929,
            "revenue": 56166,
            "common_shares": 1038659,
            "book_valuer_per_share": 14.74,
            "book_valuer_per_share_4q_avg": 14.67,
            "equity": 1530839,
            "current_ratio": 292.31,
            "debt_ratio": 10.36,
            "inventory_turnover_ratio": 1.1,
            "account_receivable_turnover_ratio": 1.36,
            "reinvestment_rate": -16.05,
            "research_to_sale_ratio": 6.37,
            "price_fair": 15.62,
            "eps_avg_yearly": 0.45,
            "eps_latest_yearly": 0.96,
            "eps_growth_yearly": 197.9
        },
        "20131": {
            "year_quarter": 20131,
            "year": 2013,
            "quarter": 1,
            "eps": 0.12,
            "eps_growth_year": 140,
            "eps_4q": 0.58,
            "eps_4q_growth_year": 67.95,
            "roe": 0.8,
            "roe_4q": 3.9699999999999998,
            "gross_profit": 26996,
            "gross_margin": 54.92,
            "gross_margin_4q_avg": 51.16,
            "net_income": 12406,
            "revenue": 49157,
            "common_shares": 1038659,
            "book_valuer_per_share": 14.98,
            "book_valuer_per_share_4q_avg": 14.7,
            "equity": 1556267,
            "current_ratio": 300.04,
            "debt_ratio": 10.7,
            "inventory_turnover_ratio": 1.06,
            "account_receivable_turnover_ratio": 2.07,
            "reinvestment_rate": -504.38,
            "research_to_sale_ratio": 9.77,
            "price_fair": 15.7,
            "eps_avg_yearly": 0.45,
            "eps_latest_yearly": 0.48,
            "eps_growth_yearly": 169.48
        },
        "20132": {
            "year_quarter": 20132,
            "year": 2013,
            "quarter": 2,
            "eps": 0.1,
            "eps_growth_year": 20.06,
            "eps_4q": 0.6,
            "eps_4q_growth_year": 55.35,
            "roe": 0.68,
            "roe_4q": 4.08,
            "gross_profit": 31128,
            "gross_margin": 59.01,
            "gross_margin_4q_avg": 52.89,
            "net_income": 10589,
            "revenue": 52753,
            "common_shares": 1038659,
            "book_valuer_per_share": 15.12,
            "book_valuer_per_share_4q_avg": 14.86,
            "equity": 1570625,
            "current_ratio": 284.15,
            "debt_ratio": 11.8,
            "inventory_turnover_ratio": 1.26,
            "account_receivable_turnover_ratio": 3.97,
            "reinvestment_rate": -487.6,
            "research_to_sale_ratio": 9,
            "price_fair": 15.8,
            "eps_avg_yearly": 0.45,
            "eps_latest_yearly": 0.4,
            "eps_growth_yearly": 161.15
        },
        "20133": {
            "year_quarter": 20133,
            "year": 2013,
            "quarter": 3,
            "eps": 0.06,
            "eps_growth_year": -57.08,
            "eps_4q": 0.59,
            "eps_4q_growth_year": 74.07,
            "roe": 0.37,
            "roe_4q": 3.49,
            "gross_profit": 29673,
            "gross_margin": 58.3,
            "gross_margin_4q_avg": 54.86,
            "net_income": 5555,
            "revenue": 50893,
            "common_shares": 900000,
            "book_valuer_per_share": 16.08,
            "book_valuer_per_share_4q_avg": 15.23,
            "equity": 1446653,
            "current_ratio": 156,
            "debt_ratio": 18.53,
            "inventory_turnover_ratio": 1.18,
            "account_receivable_turnover_ratio": 4.95,
            "reinvestment_rate": -502.69,
            "research_to_sale_ratio": 9.02,
            "price_fair": 14.3,
            "eps_avg_yearly": 0.41,
            "eps_latest_yearly": 0.24,
            "eps_growth_yearly": 111.62
        },
        "20134": {
            "year_quarter": 20134,
            "year": 2013,
            "quarter": 4,
            "eps": 0.03,
            "eps_growth_year": -87.95,
            "eps_4q": 0.35,
            "eps_4q_growth_year": -32.88,
            "roe": 0.09,
            "roe_4q": 1.9400000000000002,
            "gross_profit": 27812,
            "gross_margin": 51.98,
            "gross_margin_4q_avg": 56.05,
            "net_income": 1263,
            "revenue": 53505,
            "common_shares": 900000,
            "book_valuer_per_share": 16.19,
            "book_valuer_per_share_4q_avg": 15.59,
            "equity": 1455165,
            "current_ratio": 210.76,
            "debt_ratio": 12.07,
            "inventory_turnover_ratio": 1.1,
            "account_receivable_turnover_ratio": 5.22,
            "reinvestment_rate": -819.02,
            "research_to_sale_ratio": 8.38,
            "price_fair": 13.8,
            "eps_avg_yearly": 0.39,
            "eps_latest_yearly": 0.12,
            "eps_growth_yearly": 115.02
        },
        "20141": {
            "year_quarter": 20141,
            "year": 2014,
            "quarter": 1,
            "eps": 0.06,
            "eps_growth_year": -50,
            "eps_4q": 0.27,
            "eps_4q_growth_year": -53.32,
            "roe": 0.34,
            "roe_4q": 1.48,
            "gross_profit": 32082,
            "gross_margin": 58.92,
            "gross_margin_4q_avg": 57.05,
            "net_income": 5007,
            "revenue": 54446,
            "common_shares": 900000,
            "book_valuer_per_share": 16.53,
            "book_valuer_per_share_4q_avg": 15.98,
            "equity": 1484229,
            "current_ratio": 226.57,
            "debt_ratio": 11.91,
            "inventory_turnover_ratio": 0.85,
            "account_receivable_turnover_ratio": 4.51,
            "reinvestment_rate": -786.1,
            "research_to_sale_ratio": 10.39,
            "price_fair": 13.9,
            "eps_avg_yearly": 0.4,
            "eps_latest_yearly": 0.24,
            "eps_growth_yearly": 154.31
        },
        "20142": {
            "year_quarter": 20142,
            "year": 2014,
            "quarter": 2,
            "eps": 0.36,
            "eps_growth_year": 260,
            "eps_4q": 0.52,
            "eps_4q_growth_year": -13.97,
            "roe": 2.19,
            "roe_4q": 2.9899999999999998,
            "gross_profit": 32672,
            "gross_margin": 58.37,
            "gross_margin_4q_avg": 56.89,
            "net_income": 31655,
            "revenue": 55975,
            "common_shares": 900000,
            "book_valuer_per_share": 15.62,
            "book_valuer_per_share_4q_avg": 16.11,
            "equity": 1402124,
            "current_ratio": 218.79,
            "debt_ratio": 18.55,
            "inventory_turnover_ratio": 1.01,
            "account_receivable_turnover_ratio": 4.74,
            "reinvestment_rate": -645.32,
            "research_to_sale_ratio": 16.39,
            "price_fair": 17,
            "eps_avg_yearly": 0.49,
            "eps_latest_yearly": 1.44,
            "eps_growth_yearly": 297.17
        },
        "20143": {
            "year_quarter": 20143,
            "year": 2014,
            "quarter": 3,
            "eps": 5.51,
            "eps_growth_year": 9083.33,
            "eps_4q": 5.96,
            "eps_4q_growth_year": 903.56,
            "roe": 29.91,
            "roe_4q": 32.53000000000001,
            "gross_profit": 32762,
            "gross_margin": 53.71,
            "gross_margin_4q_avg": 55.75,
            "net_income": 496822,
            "revenue": 60996,
            "common_shares": 900000,
            "book_valuer_per_share": 21.37,
            "book_valuer_per_share_4q_avg": 17.43,
            "equity": 1920418,
            "current_ratio": 1109.31,
            "debt_ratio": 6.08,
            "inventory_turnover_ratio": 1.73,
            "account_receivable_turnover_ratio": 7.34,
            "reinvestment_rate": -168.55,
            "research_to_sale_ratio": 6.59,
            "price_fair": 70.7,
            "eps_avg_yearly": 2.02,
            "eps_latest_yearly": 22.04,
            "eps_growth_yearly": 654.47
        },
        "20144": {
            "year_quarter": 20144,
            "year": 2014,
            "quarter": 4,
            "eps": 0.47,
            "eps_growth_year": 1523.81,
            "eps_4q": 8.95,
            "eps_4q_growth_year": 2484.87,
            "roe": 1.67,
            "roe_4q": 34.11,
            "gross_profit": 41807,
            "gross_margin": 59.63,
            "gross_margin_4q_avg": 57.66,
            "net_income": 30360,
            "revenue": 70111,
            "common_shares": 630000,
            "book_valuer_per_share": 27.18,
            "book_valuer_per_share_4q_avg": 20.18,
            "equity": 1710116,
            "current_ratio": 393.26,
            "debt_ratio": 18.69,
            "inventory_turnover_ratio": 2.62,
            "account_receivable_turnover_ratio": 17.26,
            "reinvestment_rate": -149.64,
            "research_to_sale_ratio": 5.91,
            "price_fair": 74.7,
            "eps_avg_yearly": 2.13,
            "eps_latest_yearly": 1.88,
            "eps_growth_yearly": 642.62
        },
        "20151": {
            "year_quarter": 20151,
            "year": 2015,
            "quarter": 1,
            "eps": 0.25,
            "eps_growth_year": 316.67,
            "eps_4q": 9.1,
            "eps_4q_growth_year": 3248.13,
            "roe": 0.84,
            "roe_4q": 34.61,
            "gross_profit": 37994,
            "gross_margin": 66.1,
            "gross_margin_4q_avg": 59.45,
            "net_income": 14450,
            "revenue": 57482,
            "common_shares": 630000,
            "book_valuer_per_share": 27.31,
            "book_valuer_per_share_4q_avg": 22.87,
            "equity": 1720001,
            "current_ratio": 1429.34,
            "debt_ratio": 6.91,
            "inventory_turnover_ratio": 2.1,
            "account_receivable_turnover_ratio": 14.66,
            "reinvestment_rate": -141.7,
            "research_to_sale_ratio": 9.48,
            "price_fair": 72.05,
            "eps_avg_yearly": 2.06,
            "eps_latest_yearly": 1,
            "eps_growth_yearly": 587.3
        },
        "20152": {
            "year_quarter": 20152,
            "year": 2015,
            "quarter": 2,
            "eps": 0.86,
            "eps_growth_year": 138.89,
            "eps_4q": 9.45,
            "eps_4q_growth_year": 1726.21,
            "roe": 3.18,
            "roe_4q": 35.6,
            "gross_profit": 37399,
            "gross_margin": 67.45,
            "gross_margin_4q_avg": 61.72,
            "net_income": 52978,
            "revenue": 55444,
            "common_shares": 630000,
            "book_valuer_per_share": 25.57,
            "book_valuer_per_share_4q_avg": 25.36,
            "equity": 1610634,
            "current_ratio": 413.52,
            "debt_ratio": 17.96,
            "inventory_turnover_ratio": 1.8,
            "account_receivable_turnover_ratio": 14.96,
            "reinvestment_rate": -122.74,
            "research_to_sale_ratio": 8.29,
            "price_fair": 75.08,
            "eps_avg_yearly": 2.15,
            "eps_latest_yearly": 3.44,
            "eps_growth_yearly": 611.59
        },
        "20153": {
            "year_quarter": 20153,
            "year": 2015,
            "quarter": 3,
            "eps": 0.86,
            "eps_growth_year": -84.39,
            "eps_4q": 2.43,
            "eps_4q_growth_year": -59.18,
            "roe": 3.31,
            "roe_4q": 9,
            "gross_profit": 32403,
            "gross_margin": 62.14,
            "gross_margin_4q_avg": 63.83,
            "net_income": 53955,
            "revenue": 52147,
            "common_shares": 630000,
            "book_valuer_per_share": 26.14,
            "book_valuer_per_share_4q_avg": 26.55,
            "equity": 1646996,
            "current_ratio": 965.44,
            "debt_ratio": 9.26,
            "inventory_turnover_ratio": 1.68,
            "account_receivable_turnover_ratio": 28.5,
            "reinvestment_rate": -123.09,
            "research_to_sale_ratio": 5.94,
            "price_fair": 81.03,
            "eps_avg_yearly": 2.32,
            "eps_latest_yearly": 3.44,
            "eps_growth_yearly": 524.09
        },
        "20154": {
            "year_quarter": 20154,
            "year": 2015,
            "quarter": 4,
            "eps": 0.24,
            "eps_growth_year": -48.85,
            "eps_4q": 2.2,
            "eps_4q_growth_year": -75.36,
            "roe": 0.92,
            "roe_4q": 8.25,
            "gross_profit": 28925,
            "gross_margin": 53.85,
            "gross_margin_4q_avg": 62.39,
            "net_income": 15129,
            "revenue": 53716,
            "common_shares": 630000,
            "book_valuer_per_share": 25.78,
            "book_valuer_per_share_4q_avg": 26.2,
            "equity": 1624272,
            "current_ratio": 766.21,
            "debt_ratio": 8.73,
            "inventory_turnover_ratio": 1.88,
            "account_receivable_turnover_ratio": 44.03,
            "reinvestment_rate": -118.99,
            "research_to_sale_ratio": 5.36,
            "price_fair": 82.51,
            "eps_avg_yearly": 2.36,
            "eps_latest_yearly": 0.96,
            "eps_growth_yearly": 521.34
        },
        "20161": {
            "year_quarter": 20161,
            "year": 2016,
            "quarter": 1,
            "eps": 0.94,
            "eps_growth_year": 276,
            "eps_4q": 2.9,
            "eps_4q_growth_year": -68.16,
            "roe": 3.59,
            "roe_4q": 11,
            "gross_profit": 33046,
            "gross_margin": 57.42,
            "gross_margin_4q_avg": 60.22,
            "net_income": 59326,
            "revenue": 57552,
            "common_shares": 630000,
            "book_valuer_per_share": 26.73,
            "book_valuer_per_share_4q_avg": 26.06,
            "equity": 1683806,
            "current_ratio": 850.16,
            "debt_ratio": 8.64,
            "inventory_turnover_ratio": 1.98,
            "account_receivable_turnover_ratio": 19.34,
            "reinvestment_rate": -108.34,
            "research_to_sale_ratio": 7.9,
            "price_fair": 90.3,
            "eps_avg_yearly": 2.58,
            "eps_latest_yearly": 3.76,
            "eps_growth_yearly": 601.4
        },
        "20162": {
            "year_quarter": 20162,
            "year": 2016,
            "quarter": 2,
            "eps": 0.33,
            "eps_growth_year": -61.63,
            "eps_4q": 2.37,
            "eps_4q_growth_year": -74.91,
            "roe": 1.32,
            "roe_4q": 9.14,
            "gross_profit": 33322,
            "gross_margin": 66.59,
            "gross_margin_4q_avg": 60,
            "net_income": 20926,
            "revenue": 50043,
            "common_shares": 630000,
            "book_valuer_per_share": 23.54,
            "book_valuer_per_share_4q_avg": 25.55,
            "equity": 1482815,
            "current_ratio": 301.96,
            "debt_ratio": 19.3,
            "inventory_turnover_ratio": 1.35,
            "account_receivable_turnover_ratio": 13.47,
            "reinvestment_rate": -106.94,
            "research_to_sale_ratio": 4.77,
            "price_fair": 92.49,
            "eps_avg_yearly": 2.64,
            "eps_latest_yearly": 1.32,
            "eps_growth_yearly": 570.18
        },
        "20163": {
            "year_quarter": 20163,
            "year": 2016,
            "quarter": 3,
            "eps": 0.96,
            "eps_growth_year": 11.63,
            "eps_4q": 2.48,
            "eps_4q_growth_year": 1.81,
            "roe": 4.06,
            "roe_4q": 9.889999999999999,
            "gross_profit": 40927,
            "gross_margin": 69.3,
            "gross_margin_4q_avg": 61.79,
            "net_income": 60754,
            "revenue": 59057,
            "common_shares": 630000,
            "book_valuer_per_share": 23.92,
            "book_valuer_per_share_4q_avg": 24.99,
            "equity": 1507151,
            "current_ratio": 868.97,
            "debt_ratio": 8.63,
            "inventory_turnover_ratio": 1.44,
            "account_receivable_turnover_ratio": 11.52,
            "reinvestment_rate": -105.44,
            "research_to_sale_ratio": 10.03,
            "price_fair": 99.66,
            "eps_avg_yearly": 2.85,
            "eps_latest_yearly": 3.84,
            "eps_growth_yearly": 599.16
        },
        "20164": {
            "year_quarter": 20164,
            "year": 2016,
            "quarter": 4,
            "eps": 0.2,
            "eps_growth_year": -16.54,
            "eps_4q": 2.44,
            "eps_4q_growth_year": 10.6,
            "roe": 0.84,
            "roe_4q": 9.809999999999999,
            "gross_profit": 28736,
            "gross_margin": 54.26,
            "gross_margin_4q_avg": 61.89,
            "net_income": 12627,
            "revenue": 52961,
            "common_shares": 630000,
            "book_valuer_per_share": 23.95,
            "book_valuer_per_share_4q_avg": 24.54,
            "equity": 1508588,
            "current_ratio": 1207.12,
            "debt_ratio": 8.07,
            "inventory_turnover_ratio": 2.25,
            "account_receivable_turnover_ratio": 9.14,
            "reinvestment_rate": -69.11,
            "research_to_sale_ratio": 3.3,
            "price_fair": 99.31,
            "eps_avg_yearly": 2.84,
            "eps_latest_yearly": 0.8,
            "eps_growth_yearly": 561.51
        },
        "20171": {
            "year_quarter": 20171,
            "year": 2017,
            "quarter": 1,
            "eps": 10.43,
            "eps_growth_year": 1009.57,
            "eps_4q": 11.93,
            "eps_4q_growth_year": 311.54,
            "roe": 36.21,
            "roe_4q": 42.43000000000001,
            "gross_profit": 24534,
            "gross_margin": 59.45,
            "gross_margin_4q_avg": 62.4,
            "net_income": 657175,
            "revenue": 41266,
            "common_shares": 630000,
            "book_valuer_per_share": 33.67,
            "book_valuer_per_share_4q_avg": 26.27,
            "equity": 2121335,
            "current_ratio": 1652.12,
            "debt_ratio": 6.89,
            "inventory_turnover_ratio": 1.5,
            "account_receivable_turnover_ratio": 14.27,
            "reinvestment_rate": 20.57,
            "research_to_sale_ratio": 2.68,
            "price_fair": 189.53,
            "eps_avg_yearly": 5.42,
            "eps_latest_yearly": 41.72,
            "eps_growth_yearly": 1852.76
        },
        "20172": {
            "year_quarter": 20172,
            "year": 2017,
            "quarter": 2,
            "eps": 0.39,
            "eps_growth_year": 18.18,
            "eps_4q": 11.98,
            "eps_4q_growth_year": 405.46,
            "roe": 1.22,
            "roe_4q": 42.330000000000005,
            "gross_profit": 31722,
            "gross_margin": 69.17,
            "gross_margin_4q_avg": 63.05,
            "net_income": 24277,
            "revenue": 45858,
            "common_shares": 630000,
            "book_valuer_per_share": 29.71,
            "book_valuer_per_share_4q_avg": 27.81,
            "equity": 1871932,
            "current_ratio": 389.58,
            "debt_ratio": 19.69,
            "inventory_turnover_ratio": 1.11,
            "account_receivable_turnover_ratio": 29.35,
            "reinvestment_rate": 22.24,
            "research_to_sale_ratio": 1.66,
            "price_fair": 192.06,
            "eps_avg_yearly": 5.49,
            "eps_latest_yearly": 1.56,
            "eps_growth_yearly": 1832.86
        },
        "20173": {
            "year_quarter": 20173,
            "year": 2017,
            "quarter": 3,
            "eps": 0.12,
            "eps_growth_year": -87.5,
            "eps_4q": 11.14,
            "eps_4q_growth_year": 349.32,
            "roe": 0.39,
            "roe_4q": 38.660000000000004,
            "gross_profit": 25290,
            "gross_margin": 56.66,
            "gross_margin_4q_avg": 59.89,
            "net_income": 7472,
            "revenue": 44631,
            "common_shares": 630000,
            "book_valuer_per_share": 30.37,
            "book_valuer_per_share_4q_avg": 29.43,
            "equity": 1913423,
            "current_ratio": 1590.97,
            "debt_ratio": 7.09,
            "inventory_turnover_ratio": 1.46,
            "account_receivable_turnover_ratio": 29.83,
            "reinvestment_rate": 20.76,
            "research_to_sale_ratio": 3.57,
            "price_fair": 192.59,
            "eps_avg_yearly": 5.5,
            "eps_latest_yearly": 0.48,
            "eps_growth_yearly": 1825.55
        },
        "20174": {
            "year_quarter": 20174,
            "year": 2017,
            "quarter": 4,
            "eps": 0.13,
            "eps_growth_year": -36.18,
            "eps_4q": 11.06,
            "eps_4q_growth_year": 353.67,
            "roe": 0.42,
            "roe_4q": 38.24,
            "gross_profit": 37489,
            "gross_margin": 66.11,
            "gross_margin_4q_avg": 62.85,
            "net_income": 8059,
            "revenue": 56706,
            "common_shares": 630000,
            "book_valuer_per_share": 30.68,
            "book_valuer_per_share_4q_avg": 31.11,
            "equity": 1933003,
            "current_ratio": 1490.16,
            "debt_ratio": 6.29,
            "inventory_turnover_ratio": 1.42,
            "account_receivable_turnover_ratio": 31.14,
            "reinvestment_rate": 25.43,
            "research_to_sale_ratio": 2.99,
            "price_fair": 193.46,
            "eps_avg_yearly": 5.53,
            "eps_latest_yearly": 0.52,
            "eps_growth_yearly": 1840.14
        },
        "20181": {
            "year_quarter": 20181,
            "year": 2018,
            "quarter": 1,
            "eps": 0.12,
            "eps_growth_year": -98.85,
            "eps_4q": 0.76,
            "eps_4q_growth_year": -93.66,
            "roe": 0.4,
            "roe_4q": 2.4299999999999997,
            "gross_profit": 26633,
            "gross_margin": 60.24,
            "gross_margin_4q_avg": 63.05,
            "net_income": 7830,
            "revenue": 44208,
            "common_shares": 630000,
            "book_valuer_per_share": 30.94,
            "book_valuer_per_share_4q_avg": 30.43,
            "equity": 1948927,
            "current_ratio": 1465.21,
            "debt_ratio": 6.2,
            "inventory_turnover_ratio": 1.11,
            "account_receivable_turnover_ratio": 21.59,
            "reinvestment_rate": -7.03,
            "research_to_sale_ratio": 2.55,
            "price_fair": 193.99,
            "eps_avg_yearly": 5.54,
            "eps_latest_yearly": 0.48,
            "eps_growth_yearly": 1813.21
        },
        "20182": {
            "year_quarter": 20182,
            "year": 2018,
            "quarter": 2,
            "eps": 0.4,
            "eps_growth_year": 2.56,
            "eps_4q": 0.77,
            "eps_4q_growth_year": -93.58,
            "roe": 1.5,
            "roe_4q": 2.71,
            "gross_profit": 28038,
            "gross_margin": 59.55,
            "gross_margin_4q_avg": 60.64,
            "net_income": 25109,
            "revenue": 47084,
            "common_shares": 630000,
            "book_valuer_per_share": 22.21,
            "book_valuer_per_share_4q_avg": 28.55,
            "equity": 1399500,
            "current_ratio": 172.52,
            "debt_ratio": 33.43,
            "inventory_turnover_ratio": 0.9,
            "account_receivable_turnover_ratio": 24.43,
            "reinvestment_rate": -6.3,
            "research_to_sale_ratio": 0.95,
            "price_fair": 194.34,
            "eps_avg_yearly": 5.55,
            "eps_latest_yearly": 1.6,
            "eps_growth_yearly": 1746.55
        },
        "20183": {
            "year_quarter": 20183,
            "year": 2018,
            "quarter": 3,
            "eps": 0.44,
            "eps_growth_year": 266.67,
            "eps_4q": 1.09,
            "eps_4q_growth_year": -90.18,
            "roe": 2.01,
            "roe_4q": 4.33,
            "gross_profit": 29933,
            "gross_margin": 60.24,
            "gross_margin_4q_avg": 61.54,
            "net_income": 27901,
            "revenue": 49689,
            "common_shares": 630000,
            "book_valuer_per_share": 21.76,
            "book_valuer_per_share_4q_avg": 26.4,
            "equity": 1371142,
            "current_ratio": 627.91,
            "debt_ratio": 11.55,
            "inventory_turnover_ratio": 0.87,
            "account_receivable_turnover_ratio": 20.11,
            "reinvestment_rate": -10.2,
            "research_to_sale_ratio": 0.51,
            "price_fair": 149.98,
            "eps_avg_yearly": 4.29,
            "eps_latest_yearly": 1.76,
            "eps_growth_yearly": 1391.41
        },
        "20184": {
            "year_quarter": 20184,
            "year": 2018,
            "quarter": 4,
            "eps": 0.34,
            "eps_growth_year": 168.66,
            "eps_4q": 1.31,
            "eps_4q_growth_year": -88.16,
            "roe": 1.57,
            "roe_4q": 5.48,
            "gross_profit": 29291,
            "gross_margin": 60.2,
            "gross_margin_4q_avg": 60.06,
            "net_income": 21651,
            "revenue": 48653,
            "common_shares": 630000,
            "book_valuer_per_share": 21.91,
            "book_valuer_per_share_4q_avg": 24.21,
            "equity": 1380459,
            "current_ratio": 810.64,
            "debt_ratio": 10.6,
            "inventory_turnover_ratio": 0.94,
            "account_receivable_turnover_ratio": 14.77,
            "reinvestment_rate": -13.14,
            "research_to_sale_ratio": 0.88,
            "price_fair": 148.84,
            "eps_avg_yearly": 4.25,
            "eps_latest_yearly": 1.36,
            "eps_growth_yearly": 1408.59
        },
        "20191": {
            "year_quarter": 20191,
            "year": 2019,
            "quarter": 1,
            "eps": 0.31,
            "eps_growth_year": 158.33,
            "eps_4q": 1.5,
            "eps_4q_growth_year": 98.08,
            "roe": 1.4,
            "roe_4q": 6.4799999999999995,
            "gross_profit": 29011,
            "gross_margin": 61.8,
            "gross_margin_4q_avg": 60.45,
            "net_income": 19699,
            "revenue": 46943,
            "common_shares": 630000,
            "book_valuer_per_share": 22.86,
            "book_valuer_per_share_4q_avg": 22.19,
            "equity": 1440374,
            "current_ratio": 957.77,
            "debt_ratio": 10.52,
            "inventory_turnover_ratio": 0.88,
            "account_receivable_turnover_ratio": 16.86,
            "reinvestment_rate": -13.73,
            "research_to_sale_ratio": 0.65,
            "price_fair": 149.36,
            "eps_avg_yearly": 4.27,
            "eps_latest_yearly": 1.24,
            "eps_growth_yearly": 1418.09
        },
        "20192": {
            "year_quarter": 20192,
            "year": 2019,
            "quarter": 2,
            "eps": 0.3,
            "eps_growth_year": -25,
            "eps_4q": 1.4,
            "eps_4q_growth_year": 82.08,
            "roe": 1.38,
            "roe_4q": 6.359999999999999,
            "gross_profit": 28535,
            "gross_margin": 58.7,
            "gross_margin_4q_avg": 60.24,
            "net_income": 19002,
            "revenue": 48614,
            "common_shares": 630000,
            "book_valuer_per_share": 20.8,
            "book_valuer_per_share_4q_avg": 21.83,
            "equity": 1310511,
            "current_ratio": 356.71,
            "debt_ratio": 18.47,
            "inventory_turnover_ratio": 0.89,
            "account_receivable_turnover_ratio": 28.44,
            "reinvestment_rate": -11.22,
            "research_to_sale_ratio": 0.87,
            "price_fair": 144.46,
            "eps_avg_yearly": 4.13,
            "eps_latest_yearly": 1.2,
            "eps_growth_yearly": 1356.28
        },
        "20193": {
            "year_quarter": 20193,
            "year": 2019,
            "quarter": 3,
            "eps": 0.44,
            "eps_growth_year": 0,
            "eps_4q": 1.39,
            "eps_4q_growth_year": 27.38,
            "roe": 2.08,
            "roe_4q": 6.43,
            "gross_profit": 32739,
            "gross_margin": 62.08,
            "gross_margin_4q_avg": 60.7,
            "net_income": 27412,
            "revenue": 52741,
            "common_shares": 630000,
            "book_valuer_per_share": 21.12,
            "book_valuer_per_share_4q_avg": 21.67,
            "equity": 1330592,
            "current_ratio": 856.08,
            "debt_ratio": 10.99,
            "inventory_turnover_ratio": 0.83,
            "account_receivable_turnover_ratio": 15.58,
            "reinvestment_rate": -5.95,
            "research_to_sale_ratio": 1.97,
            "price_fair": 140.79,
            "eps_avg_yearly": 4.02,
            "eps_latest_yearly": 1.76,
            "eps_growth_yearly": 1367.95
        },
        "20194": {
            "year_quarter": 20194,
            "year": 2019,
            "quarter": 4,
            "eps": 0.31,
            "eps_growth_year": -8.45,
            "eps_4q": 1.36,
            "eps_4q_growth_year": 4.17,
            "roe": 1.5,
            "roe_4q": 6.359999999999999,
            "gross_profit": 33046,
            "gross_margin": 62.16,
            "gross_margin_4q_avg": 61.19,
            "net_income": 19821,
            "revenue": 53164,
            "common_shares": 630000,
            "book_valuer_per_share": 20.75,
            "book_valuer_per_share_4q_avg": 21.38,
            "equity": 1307461,
            "current_ratio": 1081.85,
            "debt_ratio": 10.45,
            "inventory_turnover_ratio": 0.9,
            "account_receivable_turnover_ratio": 13.46,
            "reinvestment_rate": -3.1,
            "research_to_sale_ratio": 1.82,
            "price_fair": 141.4,
            "eps_avg_yearly": 4.04,
            "eps_latest_yearly": 1.24,
            "eps_growth_yearly": 1378.59
        },
        "20201": {
            "year_quarter": 20201,
            "year": 2020,
            "quarter": 1,
            "eps": 0.78,
            "eps_growth_year": 151.61,
            "eps_4q": 1.83,
            "eps_4q_growth_year": 22.02,
            "roe": 3.75,
            "roe_4q": 8.71,
            "gross_profit": 19457,
            "gross_margin": 55.08,
            "gross_margin_4q_avg": 59.51,
            "net_income": 48899,
            "revenue": 35324,
            "common_shares": 630000,
            "book_valuer_per_share": 20.64,
            "book_valuer_per_share_4q_avg": 20.83,
            "equity": 1300162,
            "current_ratio": 699.98,
            "debt_ratio": 10.08,
            "inventory_turnover_ratio": 0.77,
            "account_receivable_turnover_ratio": 15.51,
            "reinvestment_rate": 0.17,
            "research_to_sale_ratio": 5.38,
            "price_fair": 140,
            "eps_avg_yearly": 4,
            "eps_latest_yearly": 3.12,
            "eps_growth_yearly": 1343.57
        },
        "20202": {
            "year_quarter": 20202,
            "year": 2020,
            "quarter": 2,
            "eps": 2.44,
            "eps_growth_year": 713.33,
            "eps_4q": 3.97,
            "eps_4q_growth_year": 183.44,
            "roe": 11.48,
            "roe_4q": 18.810000000000002,
            "gross_profit": 19442,
            "gross_margin": 57.89,
            "gross_margin_4q_avg": 59.3,
            "net_income": 154009,
            "revenue": 33586,
            "common_shares": 630000,
            "book_valuer_per_share": 21.95,
            "book_valuer_per_share_4q_avg": 21.12,
            "equity": 1383039,
            "current_ratio": 302.59,
            "debt_ratio": 15,
            "inventory_turnover_ratio": 0.7,
            "account_receivable_turnover_ratio": 27.2,
            "reinvestment_rate": 5.85,
            "research_to_sale_ratio": 0.74,
            "price_fair": 158.46,
            "eps_avg_yearly": 4.53,
            "eps_latest_yearly": 9.76,
            "eps_growth_yearly": 1413
        },
        "20203": {
            "year_quarter": 20203,
            "year": 2020,
            "quarter": 3,
            "eps": 2.5,
            "eps_growth_year": 468.18,
            "eps_4q": 6.04,
            "eps_4q_growth_year": 333.49,
            "roe": 10.64,
            "roe_4q": 27.37,
            "gross_profit": 24021,
            "gross_margin": 58.35,
            "gross_margin_4q_avg": 58.37,
            "net_income": 157715,
            "revenue": 41170,
            "common_shares": 630000,
            "book_valuer_per_share": 25.08,
            "book_valuer_per_share_4q_avg": 22.11,
            "equity": 1580352,
            "current_ratio": 692.08,
            "debt_ratio": 6.9,
            "inventory_turnover_ratio": 0.96,
            "account_receivable_turnover_ratio": 52.02,
            "reinvestment_rate": 7.21,
            "research_to_sale_ratio": 0.72,
            "price_fair": 171.94,
            "eps_avg_yearly": 4.91,
            "eps_latest_yearly": 10,
            "eps_growth_yearly": 1365.89
        },
        "20204": {
            "year_quarter": 20204,
            "year": 2020,
            "quarter": 4,
            "eps": 0.61,
            "eps_growth_year": 94.81,
            "eps_4q": 6.34,
            "eps_4q_growth_year": 364.58,
            "roe": 2.37,
            "roe_4q": 28.240000000000002,
            "gross_profit": 22863,
            "gross_margin": 51.07,
            "gross_margin_4q_avg": 55.6,
            "net_income": 38613,
            "revenue": 44772,
            "common_shares": 630000,
            "book_valuer_per_share": 26.63,
            "book_valuer_per_share_4q_avg": 23.58,
            "equity": 1677766,
            "current_ratio": 853.72,
            "debt_ratio": 6.86,
            "inventory_turnover_ratio": 1.55,
            "account_receivable_turnover_ratio": 31.34,
            "reinvestment_rate": -8.81,
            "research_to_sale_ratio": 0.74,
            "price_fair": 175.53,
            "eps_avg_yearly": 5.02,
            "eps_latest_yearly": 2.44,
            "eps_growth_yearly": 1366.78
        },
        "20211": {
            "year_quarter": 20211,
            "year": 2021,
            "quarter": 1,
            "eps": 0.64,
            "eps_growth_year": -17.95,
            "eps_4q": 6.2,
            "eps_4q_growth_year": 239.14,
            "roe": 2.27,
            "roe_4q": 26.76,
            "gross_profit": 26771,
            "gross_margin": 61.62,
            "gross_margin_4q_avg": 57.23,
            "net_income": 40128,
            "revenue": 43444,
            "common_shares": 630000,
            "book_valuer_per_share": 29.39,
            "book_valuer_per_share_4q_avg": 25.76,
            "equity": 1851257,
            "current_ratio": 880.53,
            "debt_ratio": 6.82,
            "inventory_turnover_ratio": 1.2,
            "account_receivable_turnover_ratio": 33.97,
            "reinvestment_rate": -30.57,
            "research_to_sale_ratio": 3.34,
            "price_fair": 89.86,
            "eps_avg_yearly": 2.57,
            "eps_latest_yearly": 2.56,
            "eps_growth_yearly": 89.26
        },
        "20212": {
            "year_quarter": 20212,
            "year": 2021,
            "quarter": 2,
            "eps": 0.66,
            "eps_growth_year": -72.95,
            "eps_4q": 4.42,
            "eps_4q_growth_year": 11.23,
            "roe": 2.23,
            "roe_4q": 17.51,
            "gross_profit": 28424,
            "gross_margin": 65.96,
            "gross_margin_4q_avg": 59.25,
            "net_income": 41787,
            "revenue": 43096,
            "common_shares": 630000,
            "book_valuer_per_share": 30.08,
            "book_valuer_per_share_4q_avg": 27.8,
            "equity": 1895089,
            "current_ratio": 1083.52,
            "debt_ratio": 6.22,
            "inventory_turnover_ratio": 1,
            "account_receivable_turnover_ratio": 24.34,
            "reinvestment_rate": -37.69,
            "research_to_sale_ratio": 7.96,
            "price_fair": 92.23,
            "eps_avg_yearly": 2.64,
            "eps_latest_yearly": 2.64,
            "eps_growth_yearly": 114.11
        },
        "20213": {
            "year_quarter": 20213,
            "year": 2021,
            "quarter": 3,
            "eps": 0.48,
            "eps_growth_year": -80.8,
            "eps_4q": 2.39,
            "eps_4q_growth_year": -60.39,
            "roe": 1.72,
            "roe_4q": 8.59,
            "gross_profit": 26779,
            "gross_margin": 62.16,
            "gross_margin_4q_avg": 60.2,
            "net_income": 30148,
            "revenue": 43082,
            "common_shares": 630000,
            "book_valuer_per_share": 25.46,
            "book_valuer_per_share_4q_avg": 27.89,
            "equity": 1604173,
            "current_ratio": 843.36,
            "debt_ratio": 6.94,
            "inventory_turnover_ratio": 1.16,
            "account_receivable_turnover_ratio": 13.78,
            "reinvestment_rate": -53.55,
            "research_to_sale_ratio": 1.73,
            "price_fair": 95.38,
            "eps_avg_yearly": 2.73,
            "eps_latest_yearly": 1.92,
            "eps_growth_yearly": 124.6
        },
        "20214": {
            "year_quarter": 20214,
            "year": 2021,
            "quarter": 4,
            "eps": 0.19,
            "eps_growth_year": -69.03,
            "eps_4q": 1.97,
            "eps_4q_growth_year": -68.94,
            "roe": 0.73,
            "roe_4q": 6.949999999999999,
            "gross_profit": 28860,
            "gross_margin": 68.87,
            "gross_margin_4q_avg": 64.65,
            "net_income": 11957,
            "revenue": 41907,
            "common_shares": 630000,
            "book_valuer_per_share": 26.23,
            "book_valuer_per_share_4q_avg": 27.79,
            "equity": 1652739,
            "current_ratio": 746.15,
            "debt_ratio": 7.04,
            "inventory_turnover_ratio": 0.85,
            "account_receivable_turnover_ratio": 19.48,
            "reinvestment_rate": -63.48,
            "research_to_sale_ratio": 1.41,
            "price_fair": 95.9,
            "eps_avg_yearly": 2.74,
            "eps_latest_yearly": 0.76,
            "eps_growth_yearly": 107.41
        },
        "20221": {
            "year_quarter": 20221,
            "year": 2022,
            "quarter": 1,
            "eps": 0.35,
            "eps_growth_year": -45.31,
            "eps_4q": 1.69,
            "eps_4q_growth_year": -72.8,
            "roe": 1.34,
            "roe_4q": 6.02,
            "gross_profit": 26503,
            "gross_margin": 70.53,
            "gross_margin_4q_avg": 66.88,
            "net_income": 22334,
            "revenue": 37575,
            "common_shares": 630000,
            "book_valuer_per_share": 26.72,
            "book_valuer_per_share_4q_avg": 27.12,
            "equity": 1683237,
            "current_ratio": 766.62,
            "debt_ratio": 7.13,
            "inventory_turnover_ratio": 0.65,
            "account_receivable_turnover_ratio": 99.67,
            "reinvestment_rate": 7.51,
            "research_to_sale_ratio": 3.49,
            "price_fair": 97.91,
            "eps_avg_yearly": 2.8,
            "eps_latest_yearly": 1.4,
            "eps_growth_yearly": 130.38
        },
        "20222": {
            "year_quarter": 20222,
            "year": 2022,
            "quarter": 2,
            "eps": 0.32,
            "eps_growth_year": -51.52,
            "eps_4q": 1.34,
            "eps_4q_growth_year": -69.62,
            "roe": 1.26,
            "roe_4q": 5.05,
            "gross_profit": 26815,
            "gross_margin": 73.08,
            "gross_margin_4q_avg": 68.66,
            "net_income": 20084,
            "revenue": 36692,
            "common_shares": 630000,
            "book_valuer_per_share": 23.85,
            "book_valuer_per_share_4q_avg": 25.57,
            "equity": 1502349,
            "current_ratio": 314.3,
            "debt_ratio": 14.58,
            "inventory_turnover_ratio": 0.52,
            "account_receivable_turnover_ratio": 316.31,
            "reinvestment_rate": 6.14,
            "research_to_sale_ratio": 2.53,
            "price_fair": 97.21,
            "eps_avg_yearly": 2.78,
            "eps_latest_yearly": 1.28,
            "eps_growth_yearly": 69.91
        },
        "20223": {
            "year_quarter": 20223,
            "year": 2022,
            "quarter": 3,
            "eps": 0.77,
            "eps_growth_year": 60.42,
            "eps_4q": 1.63,
            "eps_4q_growth_year": -31.68,
            "roe": 3.26,
            "roe_4q": 6.59,
            "gross_profit": 29089,
            "gross_margin": 69.66,
            "gross_margin_4q_avg": 70.54,
            "net_income": 48561,
            "revenue": 41757,
            "common_shares": 630000,
            "book_valuer_per_share": 23.38,
            "book_valuer_per_share_4q_avg": 25.05,
            "equity": 1473230,
            "current_ratio": 887.18,
            "debt_ratio": 7.38,
            "inventory_turnover_ratio": 0.63,
            "account_receivable_turnover_ratio": 25.86,
            "reinvestment_rate": 6.63,
            "research_to_sale_ratio": 1.72,
            "price_fair": 100.1,
            "eps_avg_yearly": 2.86,
            "eps_latest_yearly": 3.08,
            "eps_growth_yearly": 102.56
        },
        "20224": {
            "year_quarter": 20224,
            "year": 2022,
            "quarter": 4,
            "eps": 0.16,
            "eps_growth_year": -17.04,
            "eps_4q": 1.6,
            "eps_4q_growth_year": -18.64,
            "roe": 0.67,
            "roe_4q": 6.529999999999999,
            "gross_profit": 28066,
            "gross_margin": 70.51,
            "gross_margin_4q_avg": 70.95,
            "net_income": 9919,
            "revenue": 39804,
            "common_shares": 630000,
            "book_valuer_per_share": 23.35,
            "book_valuer_per_share_4q_avg": 24.33,
            "equity": 1470745,
            "current_ratio": 899.55,
            "debt_ratio": 7.06,
            "inventory_turnover_ratio": 0.6,
            "account_receivable_turnover_ratio": 15.38,
            "reinvestment_rate": 6.37,
            "research_to_sale_ratio": 1.72,
            "price_fair": 98.53,
            "eps_avg_yearly": 2.82,
            "eps_latest_yearly": 0.64,
            "eps_growth_yearly": 88.44
        },
        "20231": {
            "year_quarter": 20231,
            "year": 2023,
            "quarter": 1,
            "eps": 0.12,
            "eps_growth_year": -65.71,
            "eps_4q": 1.36,
            "eps_4q_growth_year": -19.11,
            "roe": 0.49,
            "roe_4q": 5.68,
            "gross_profit": 26130,
            "gross_margin": 70,
            "gross_margin_4q_avg": 70.81,
            "net_income": 7360,
            "revenue": 37326,
            "common_shares": 630000,
            "book_valuer_per_share": 23.87,
            "book_valuer_per_share_4q_avg": 23.61,
            "equity": 1503508,
            "current_ratio": 721.09,
            "debt_ratio": 7.57,
            "inventory_turnover_ratio": 0.59,
            "account_receivable_turnover_ratio": 15.03,
            "reinvestment_rate": 5.3,
            "research_to_sale_ratio": 3.56,
            "price_fair": 96.86,
            "eps_avg_yearly": 2.77,
            "eps_latest_yearly": 0.48,
            "eps_growth_yearly": 84.4
        }
    },
    "months": {
        "2002-08": {
            "month": "2002-08",
            "price": "47.60",
            "revenue": 196892
        },
        "2002-09": {
            "month": "2002-09",
            "price": "43.70",
            "revenue": 146912
        },
        "2002-10": {
            "month": "2002-10",
            "price": "35.13",
            "revenue": 168986
        },
        "2002-11": {
            "month": "2002-11",
            "price": "41.13",
            "revenue": 120142
        },
        "2002-12": {
            "month": "2002-12",
            "price": "37.47",
            "revenue": 195149
        },
        "2003-01": {
            "month": "2003-01",
            "price": "36.72",
            "revenue": 148374
        },
        "2003-02": {
            "month": "2003-02",
            "price": "34.30",
            "revenue": 123981
        },
        "2003-03": {
            "month": "2003-03",
            "price": "29.55",
            "revenue": 137773
        },
        "2003-04": {
            "month": "2003-04",
            "price": "26.25",
            "revenue": 119386
        },
        "2003-05": {
            "month": "2003-05",
            "price": "25.44",
            "revenue": 155391
        },
        "2003-06": {
            "month": "2003-06",
            "price": "28.51",
            "revenue": 116099
        },
        "2003-07": {
            "month": "2003-07",
            "price": "26.15",
            "revenue": 119292
        },
        "2003-08": {
            "month": "2003-08",
            "price": "23.51",
            "revenue": 164980
        },
        "2003-09": {
            "month": "2003-09",
            "price": "21.78",
            "revenue": 181358
        },
        "2003-10": {
            "month": "2003-10",
            "price": "21.68",
            "revenue": 122163
        },
        "2003-11": {
            "month": "2003-11",
            "price": "22.94",
            "revenue": 130066
        },
        "2003-12": {
            "month": "2003-12",
            "price": "22.51",
            "revenue": 117285
        },
        "2004-01": {
            "month": "2004-01",
            "price": "22.98",
            "revenue": 96707
        },
        "2004-02": {
            "month": "2004-02",
            "price": "24.42",
            "revenue": 102634
        },
        "2004-03": {
            "month": "2004-03",
            "price": "25.49",
            "revenue": 107860
        },
        "2004-04": {
            "month": "2004-04",
            "price": "25.08",
            "revenue": 78926
        },
        "2004-05": {
            "month": "2004-05",
            "price": "19.61",
            "revenue": 87946
        },
        "2004-06": {
            "month": "2004-06",
            "price": "18.85",
            "revenue": 59905
        },
        "2004-07": {
            "month": "2004-07",
            "price": "17.88",
            "revenue": 64288
        },
        "2004-08": {
            "month": "2004-08",
            "price": "15.72",
            "revenue": 68671
        },
        "2004-09": {
            "month": "2004-09",
            "price": "15.13",
            "revenue": 78151
        },
        "2004-10": {
            "month": "2004-10",
            "price": "14.79",
            "revenue": 61888
        },
        "2004-11": {
            "month": "2004-11",
            "price": "13.46",
            "revenue": 56962
        },
        "2004-12": {
            "month": "2004-12",
            "price": "13.74",
            "revenue": 46985
        },
        "2005-01": {
            "month": "2005-01",
            "price": "13.94",
            "revenue": 88074
        },
        "2005-02": {
            "month": "2005-02",
            "price": "13.54",
            "revenue": 26903
        },
        "2005-03": {
            "month": "2005-03",
            "price": "15.41",
            "revenue": 37482
        },
        "2005-04": {
            "month": "2005-04",
            "price": "15.38",
            "revenue": 25778
        },
        "2005-05": {
            "month": "2005-05",
            "price": "14.39",
            "revenue": 29768
        },
        "2005-06": {
            "month": "2005-06",
            "price": "14.85",
            "revenue": 40662
        },
        "2005-07": {
            "month": "2005-07",
            "price": "14.81",
            "revenue": 48007
        },
        "2005-08": {
            "month": "2005-08",
            "price": "13.65",
            "revenue": 172464
        },
        "2005-09": {
            "month": "2005-09",
            "price": "12.64",
            "revenue": 156590
        },
        "2005-10": {
            "month": "2005-10",
            "price": "11.23",
            "revenue": 88984
        },
        "2005-11": {
            "month": "2005-11",
            "price": "10.03",
            "revenue": 56326
        },
        "2005-12": {
            "month": "2005-12",
            "price": "11.04",
            "revenue": 82208
        },
        "2006-01": {
            "month": "2006-01",
            "price": "12.38",
            "revenue": 70976
        },
        "2006-02": {
            "month": "2006-02",
            "price": "12.48",
            "revenue": 74185
        },
        "2006-03": {
            "month": "2006-03",
            "price": "11.49",
            "revenue": 89889
        },
        "2006-04": {
            "month": "2006-04",
            "price": "12.27",
            "revenue": 21193
        },
        "2006-05": {
            "month": "2006-05",
            "price": "12.89",
            "revenue": 52702
        },
        "2006-06": {
            "month": "2006-06",
            "price": "12.51",
            "revenue": 39675
        },
        "2006-07": {
            "month": "2006-07",
            "price": "12.05",
            "revenue": 114944
        },
        "2006-08": {
            "month": "2006-08",
            "price": "12.17",
            "revenue": 102943
        },
        "2006-09": {
            "month": "2006-09",
            "price": "12.00",
            "revenue": 105144
        },
        "2006-10": {
            "month": "2006-10",
            "price": "12.11",
            "revenue": 50654
        },
        "2006-11": {
            "month": "2006-11",
            "price": "12.52",
            "revenue": 34948
        },
        "2006-12": {
            "month": "2006-12",
            "price": "15.21",
            "revenue": 29507
        },
        "2007-01": {
            "month": "2007-01",
            "price": "16.57",
            "revenue": 78263
        },
        "2007-02": {
            "month": "2007-02",
            "price": "17.23",
            "revenue": 24835
        },
        "2007-03": {
            "month": "2007-03",
            "price": "17.04",
            "revenue": 102711
        },
        "2007-04": {
            "month": "2007-04",
            "price": "17.55",
            "revenue": 52563
        },
        "2007-05": {
            "month": "2007-05",
            "price": "17.55",
            "revenue": 40013
        },
        "2007-06": {
            "month": "2007-06",
            "price": "20.30",
            "revenue": 45353
        },
        "2007-07": {
            "month": "2007-07",
            "price": "25.24",
            "revenue": 72586
        },
        "2007-08": {
            "month": "2007-08",
            "price": "24.87",
            "revenue": 118044
        },
        "2007-09": {
            "month": "2007-09",
            "price": "24.87",
            "revenue": 109700
        },
        "2007-10": {
            "month": "2007-10",
            "price": "23.35",
            "revenue": 77723
        },
        "2007-11": {
            "month": "2007-11",
            "price": "20.54",
            "revenue": 48491
        },
        "2007-12": {
            "month": "2007-12",
            "price": "17.87",
            "revenue": 41842
        },
        "2008-01": {
            "month": "2008-01",
            "price": "15.24",
            "revenue": 22699
        },
        "2008-02": {
            "month": "2008-02",
            "price": "14.27",
            "revenue": 67214
        },
        "2008-03": {
            "month": "2008-03",
            "price": "14.80",
            "revenue": 72809
        },
        "2008-04": {
            "month": "2008-04",
            "price": "16.11",
            "revenue": 52903
        },
        "2008-05": {
            "month": "2008-05",
            "price": "17.79",
            "revenue": 44806
        },
        "2008-06": {
            "month": "2008-06",
            "price": "14.85",
            "revenue": 28854
        },
        "2008-07": {
            "month": "2008-07",
            "price": "12.00",
            "revenue": 89116
        },
        "2008-08": {
            "month": "2008-08",
            "price": "11.35",
            "revenue": 87032
        },
        "2008-09": {
            "month": "2008-09",
            "price": "10.64",
            "revenue": 112337
        },
        "2008-10": {
            "month": "2008-10",
            "price": "8.80",
            "revenue": 55174
        },
        "2008-11": {
            "month": "2008-11",
            "price": "8.25",
            "revenue": 42399
        },
        "2008-12": {
            "month": "2008-12",
            "price": "8.89",
            "revenue": 45204
        },
        "2009-01": {
            "month": "2009-01",
            "price": "8.53",
            "revenue": 53551
        },
        "2009-02": {
            "month": "2009-02",
            "price": "7.87",
            "revenue": 65634
        },
        "2009-03": {
            "month": "2009-03",
            "price": "9.14",
            "revenue": 54051
        },
        "2009-04": {
            "month": "2009-04",
            "price": "10.44",
            "revenue": 34306
        },
        "2009-05": {
            "month": "2009-05",
            "price": "10.16",
            "revenue": 27797
        },
        "2009-06": {
            "month": "2009-06",
            "price": "9.64",
            "revenue": 40405
        },
        "2009-07": {
            "month": "2009-07",
            "price": "10.20",
            "revenue": 65272
        },
        "2009-08": {
            "month": "2009-08",
            "price": "10.57",
            "revenue": 55591
        },
        "2009-09": {
            "month": "2009-09",
            "price": "11.07",
            "revenue": 97819
        },
        "2009-10": {
            "month": "2009-10",
            "price": "12.93",
            "revenue": 34620
        },
        "2009-11": {
            "month": "2009-11",
            "price": "13.25",
            "revenue": 26084
        },
        "2009-12": {
            "month": "2009-12",
            "price": "14.10",
            "revenue": 42226
        },
        "2010-01": {
            "month": "2010-01",
            "price": "14.04",
            "revenue": 41041
        },
        "2010-02": {
            "month": "2010-02",
            "price": "12.32",
            "revenue": 36651
        },
        "2010-03": {
            "month": "2010-03",
            "price": "13.13",
            "revenue": 42805
        },
        "2010-04": {
            "month": "2010-04",
            "price": "13.50",
            "revenue": 35437
        },
        "2010-05": {
            "month": "2010-05",
            "price": "12.05",
            "revenue": 26793
        },
        "2010-06": {
            "month": "2010-06",
            "price": "11.93",
            "revenue": 27662
        },
        "2010-07": {
            "month": "2010-07",
            "price": "12.58",
            "revenue": 45571
        },
        "2010-08": {
            "month": "2010-08",
            "price": "13.38",
            "revenue": 48383
        },
        "2010-09": {
            "month": "2010-09",
            "price": "13.52",
            "revenue": 40444
        },
        "2010-10": {
            "month": "2010-10",
            "price": "13.69",
            "revenue": 37853
        },
        "2010-11": {
            "month": "2010-11",
            "price": "13.70",
            "revenue": 31158
        },
        "2010-12": {
            "month": "2010-12",
            "price": "14.39",
            "revenue": 30422
        },
        "2011-01": {
            "month": "2011-01",
            "price": "14.74",
            "revenue": 12073
        },
        "2011-02": {
            "month": "2011-02",
            "price": "13.83",
            "revenue": 12478
        },
        "2011-03": {
            "month": "2011-03",
            "price": "14.22",
            "revenue": 17893
        },
        "2011-04": {
            "month": "2011-04",
            "price": "16.50",
            "revenue": 12136
        },
        "2011-05": {
            "month": "2011-05",
            "price": "16.19",
            "revenue": 13998
        },
        "2011-06": {
            "month": "2011-06",
            "price": "16.40",
            "revenue": 12869
        },
        "2011-07": {
            "month": "2011-07",
            "price": "15.45",
            "revenue": 11750
        },
        "2011-08": {
            "month": "2011-08",
            "price": "13.97",
            "revenue": 15009
        },
        "2011-09": {
            "month": "2011-09",
            "price": "14.38",
            "revenue": 17298
        },
        "2011-10": {
            "month": "2011-10",
            "price": "14.16",
            "revenue": 14413
        },
        "2011-11": {
            "month": "2011-11",
            "price": "13.91",
            "revenue": 11128
        },
        "2011-12": {
            "month": "2011-12",
            "price": "13.18",
            "revenue": 11041
        },
        "2012-01": {
            "month": "2012-01",
            "price": "12.63",
            "revenue": 7704
        },
        "2012-02": {
            "month": "2012-02",
            "price": "14.31",
            "revenue": 6648
        },
        "2012-03": {
            "month": "2012-03",
            "price": "17.15",
            "revenue": 7191
        },
        "2012-04": {
            "month": "2012-04",
            "price": "15.19",
            "revenue": 6972
        },
        "2012-05": {
            "month": "2012-05",
            "price": "14.42",
            "revenue": 9636
        },
        "2012-06": {
            "month": "2012-06",
            "price": "13.46",
            "revenue": 6081
        },
        "2012-07": {
            "month": "2012-07",
            "price": "14.13",
            "revenue": 6840
        },
        "2012-08": {
            "month": "2012-08",
            "price": "13.69",
            "revenue": 8396
        },
        "2012-09": {
            "month": "2012-09",
            "price": "14.30",
            "revenue": 9930
        },
        "2012-10": {
            "month": "2012-10",
            "price": "15.71",
            "revenue": 7226
        },
        "2012-11": {
            "month": "2012-11",
            "price": "14.06",
            "revenue": 3342
        },
        "2012-12": {
            "month": "2012-12",
            "price": "14.39",
            "revenue": 4285
        },
        "2013-01": {
            "month": "2013-01",
            "price": "14.50",
            "revenue": 17038
        },
        "2013-02": {
            "month": "2013-02",
            "price": "15.31",
            "revenue": 14444
        },
        "2013-03": {
            "month": "2013-03",
            "price": "14.94",
            "revenue": 17695
        },
        "2013-04": {
            "month": "2013-04",
            "price": "14.42",
            "revenue": 17745
        },
        "2013-05": {
            "month": "2013-05",
            "price": "15.89",
            "revenue": 17692
        },
        "2013-06": {
            "month": "2013-06",
            "price": "16.11",
            "revenue": 17296
        },
        "2013-07": {
            "month": "2013-07",
            "price": "16.25",
            "revenue": 15915
        },
        "2013-08": {
            "month": "2013-08",
            "price": "16.36",
            "revenue": 16196
        },
        "2013-09": {
            "month": "2013-09",
            "price": "15.97",
            "revenue": 18782
        },
        "2013-10": {
            "month": "2013-10",
            "price": "16.74",
            "revenue": 17373
        },
        "2013-11": {
            "month": "2013-11",
            "price": "16.93",
            "revenue": 17955
        },
        "2013-12": {
            "month": "2013-12",
            "price": "17.11",
            "revenue": 18178
        },
        "2014-01": {
            "month": "2014-01",
            "price": "22.12",
            "revenue": 15738
        },
        "2014-02": {
            "month": "2014-02",
            "price": "30.21",
            "revenue": 21297
        },
        "2014-03": {
            "month": "2014-03",
            "price": "30.44",
            "revenue": 17410
        },
        "2014-04": {
            "month": "2014-04",
            "price": "27.90",
            "revenue": 18185
        },
        "2014-05": {
            "month": "2014-05",
            "price": "28.41",
            "revenue": 20622
        },
        "2014-06": {
            "month": "2014-06",
            "price": "29.43",
            "revenue": 16865
        },
        "2014-07": {
            "month": "2014-07",
            "price": "32.89",
            "revenue": 23192
        },
        "2014-08": {
            "month": "2014-08",
            "price": "29.81",
            "revenue": 21383
        },
        "2014-09": {
            "month": "2014-09",
            "price": "31.30",
            "revenue": 16730
        },
        "2014-10": {
            "month": "2014-10",
            "price": "30.43",
            "revenue": 21401
        },
        "2014-11": {
            "month": "2014-11",
            "price": "30.78",
            "revenue": 19042
        },
        "2014-12": {
            "month": "2014-12",
            "price": "31.23",
            "revenue": 29663
        },
        "2015-01": {
            "month": "2015-01",
            "price": "40.08",
            "revenue": 17739
        },
        "2015-02": {
            "month": "2015-02",
            "price": "45.15",
            "revenue": 19195
        },
        "2015-03": {
            "month": "2015-03",
            "price": "45.05",
            "revenue": 20549
        },
        "2015-04": {
            "month": "2015-04",
            "price": "44.45",
            "revenue": 21479
        },
        "2015-05": {
            "month": "2015-05",
            "price": "43.25",
            "revenue": 16810
        },
        "2015-06": {
            "month": "2015-06",
            "price": "42.79",
            "revenue": 17155
        },
        "2015-07": {
            "month": "2015-07",
            "price": "41.69",
            "revenue": 16493
        },
        "2015-08": {
            "month": "2015-08",
            "price": "37.53",
            "revenue": 19625
        },
        "2015-09": {
            "month": "2015-09",
            "price": "30.38",
            "revenue": 16041
        },
        "2015-10": {
            "month": "2015-10",
            "price": "35.24",
            "revenue": 18052
        },
        "2015-11": {
            "month": "2015-11",
            "price": "35.62",
            "revenue": 16422
        },
        "2015-12": {
            "month": "2015-12",
            "price": "32.23",
            "revenue": 23763
        },
        "2016-01": {
            "month": "2016-01",
            "price": "29.91",
            "revenue": 16986
        },
        "2016-02": {
            "month": "2016-02",
            "price": "30.08",
            "revenue": 18818
        },
        "2016-03": {
            "month": "2016-03",
            "price": "32.41",
            "revenue": 21839
        },
        "2016-04": {
            "month": "2016-04",
            "price": "30.19",
            "revenue": 16039
        },
        "2016-05": {
            "month": "2016-05",
            "price": "29.81",
            "revenue": 16731
        },
        "2016-06": {
            "month": "2016-06",
            "price": "30.37",
            "revenue": 17122
        },
        "2016-07": {
            "month": "2016-07",
            "price": "29.38",
            "revenue": 19608
        },
        "2016-08": {
            "month": "2016-08",
            "price": "27.95",
            "revenue": 17182
        },
        "2016-09": {
            "month": "2016-09",
            "price": "27.59",
            "revenue": 22327
        },
        "2016-10": {
            "month": "2016-10",
            "price": "28.19",
            "revenue": 15819
        },
        "2016-11": {
            "month": "2016-11",
            "price": "32.79",
            "revenue": 17090
        },
        "2016-12": {
            "month": "2016-12",
            "price": "37.70",
            "revenue": 19900
        },
        "2017-01": {
            "month": "2017-01",
            "price": "39.88",
            "revenue": 13197
        },
        "2017-02": {
            "month": "2017-02",
            "price": "41.38",
            "revenue": 14656
        },
        "2017-03": {
            "month": "2017-03",
            "price": "41.47",
            "revenue": 13452
        },
        "2017-04": {
            "month": "2017-04",
            "price": "42.51",
            "revenue": 19702
        },
        "2017-05": {
            "month": "2017-05",
            "price": "43.13",
            "revenue": 12107
        },
        "2017-06": {
            "month": "2017-06",
            "price": "45.85",
            "revenue": 14011
        },
        "2017-07": {
            "month": "2017-07",
            "price": "39.72",
            "revenue": 13484
        },
        "2017-08": {
            "month": "2017-08",
            "price": "38.36",
            "revenue": 14263
        },
        "2017-09": {
            "month": "2017-09",
            "price": "38.89",
            "revenue": 16885
        },
        "2017-10": {
            "month": "2017-10",
            "price": "37.99",
            "revenue": 14241
        },
        "2017-11": {
            "month": "2017-11",
            "price": "42.29",
            "revenue": 24853
        },
        "2017-12": {
            "month": "2017-12",
            "price": "47.10",
            "revenue": 17612
        },
        "2018-01": {
            "month": "2018-01",
            "price": "49.53",
            "revenue": 13505
        },
        "2018-02": {
            "month": "2018-02",
            "price": "49.28",
            "revenue": 12582
        },
        "2018-03": {
            "month": "2018-03",
            "price": "58.87",
            "revenue": 18121
        },
        "2018-04": {
            "month": "2018-04",
            "price": "60.16",
            "revenue": 14792
        },
        "2018-05": {
            "month": "2018-05",
            "price": "56.85",
            "revenue": 16260
        },
        "2018-06": {
            "month": "2018-06",
            "price": "55.01",
            "revenue": 16032
        },
        "2018-07": {
            "month": "2018-07",
            "price": "38.81",
            "revenue": 14738
        },
        "2018-08": {
            "month": "2018-08",
            "price": "36.49",
            "revenue": 15992
        },
        "2018-09": {
            "month": "2018-09",
            "price": "37.15",
            "revenue": 18959
        },
        "2018-10": {
            "month": "2018-10",
            "price": "33.33",
            "revenue": 16311
        },
        "2018-11": {
            "month": "2018-11",
            "price": "31.50",
            "revenue": 19018
        },
        "2018-12": {
            "month": "2018-12",
            "price": "32.02",
            "revenue": 13324
        },
        "2019-01": {
            "month": "2019-01",
            "price": "31.35",
            "revenue": 20105
        },
        "2019-02": {
            "month": "2019-02",
            "price": "35.96",
            "revenue": 14418
        },
        "2019-03": {
            "month": "2019-03",
            "price": "36.58",
            "revenue": 15320
        },
        "2019-04": {
            "month": "2019-04",
            "price": "34.20",
            "revenue": 14615
        },
        "2019-05": {
            "month": "2019-05",
            "price": "32.47",
            "revenue": 15845
        },
        "2019-06": {
            "month": "2019-06",
            "price": "31.86",
            "revenue": 18154
        },
        "2019-07": {
            "month": "2019-07",
            "price": "30.59",
            "revenue": 16511
        },
        "2019-08": {
            "month": "2019-08",
            "price": "29.49",
            "revenue": 15168
        },
        "2019-09": {
            "month": "2019-09",
            "price": "29.15",
            "revenue": 21062
        },
        "2019-10": {
            "month": "2019-10",
            "price": "28.45",
            "revenue": 16200
        },
        "2019-11": {
            "month": "2019-11",
            "price": "28.32",
            "revenue": 19105
        },
        "2019-12": {
            "month": "2019-12",
            "price": "28.37",
            "revenue": 17858
        },
        "2020-01": {
            "month": "2020-01",
            "price": "28.73",
            "revenue": 12169
        },
        "2020-02": {
            "month": "2020-02",
            "price": "28.48",
            "revenue": 8847
        },
        "2020-03": {
            "month": "2020-03",
            "price": "26.67",
            "revenue": 14308
        },
        "2020-04": {
            "month": "2020-04",
            "price": "28.65",
            "revenue": 10789
        },
        "2020-05": {
            "month": "2020-05",
            "price": "37.21",
            "revenue": 12006
        },
        "2020-06": {
            "month": "2020-06",
            "price": "37.78",
            "revenue": 10791
        },
        "2020-07": {
            "month": "2020-07",
            "price": "35.91",
            "revenue": 12905
        },
        "2020-08": {
            "month": "2020-08",
            "price": "36.56",
            "revenue": 13949
        },
        "2020-09": {
            "month": "2020-09",
            "price": "34.05",
            "revenue": 14316
        },
        "2020-10": {
            "month": "2020-10",
            "price": "34.13",
            "revenue": 13640
        },
        "2020-11": {
            "month": "2020-11",
            "price": "36.77",
            "revenue": 16005
        },
        "2020-12": {
            "month": "2020-12",
            "price": "38.64",
            "revenue": 15126
        },
        "2021-01": {
            "month": "2021-01",
            "price": "38.69",
            "revenue": 15469
        },
        "2021-02": {
            "month": "2021-02",
            "price": "41.69",
            "revenue": 11739
        },
        "2021-03": {
            "month": "2021-03",
            "price": "49.26",
            "revenue": 16236
        },
        "2021-04": {
            "month": "2021-04",
            "price": "50.59",
            "revenue": 12623
        },
        "2021-05": {
            "month": "2021-05",
            "price": "48.51",
            "revenue": 14210
        },
        "2021-06": {
            "month": "2021-06",
            "price": "50.04",
            "revenue": 16264
        },
        "2021-07": {
            "month": "2021-07",
            "price": "50.65",
            "revenue": 13595
        },
        "2021-08": {
            "month": "2021-08",
            "price": "41.81",
            "revenue": 13708
        },
        "2021-09": {
            "month": "2021-09",
            "price": "40.57",
            "revenue": 15778
        },
        "2021-10": {
            "month": "2021-10",
            "price": "38.61",
            "revenue": 14589
        },
        "2021-11": {
            "month": "2021-11",
            "price": "38.69",
            "revenue": 14920
        },
        "2021-12": {
            "month": "2021-12",
            "price": "37.98",
            "revenue": 12399
        },
        "2022-01": {
            "month": "2022-01",
            "price": "37.93",
            "revenue": 12777
        },
        "2022-02": {
            "month": "2022-02",
            "price": "37.85",
            "revenue": 11987
        },
        "2022-03": {
            "month": "2022-03",
            "price": "36.98",
            "revenue": 12811
        },
        "2022-04": {
            "month": "2022-04",
            "price": "35.71",
            "revenue": 11442
        },
        "2022-05": {
            "month": "2022-05",
            "price": "32.97",
            "revenue": 12354
        },
        "2022-06": {
            "month": "2022-06",
            "price": "32.31",
            "revenue": 12896
        },
        "2022-07": {
            "month": "2022-07",
            "price": "28.75",
            "revenue": 13205
        },
        "2022-08": {
            "month": "2022-08",
            "price": "29.68",
            "revenue": 14195
        },
        "2022-09": {
            "month": "2022-09",
            "price": "30.42",
            "revenue": 14357
        },
        "2022-10": {
            "month": "2022-10",
            "price": "29.43",
            "revenue": 13105
        },
        "2022-11": {
            "month": "2022-11",
            "price": "29.82",
            "revenue": 12914
        },
        "2022-12": {
            "month": "2022-12",
            "price": "29.76",
            "revenue": 13785
        },
        "2023-01": {
            "month": "2023-01",
            "price": "29.58",
            "revenue": 13590
        },
        "2023-02": {
            "month": "2023-02",
            "price": "30.26",
            "revenue": 11883
        },
        "2023-03": {
            "month": "2023-03",
            "price": "31.83",
            "revenue": 11852
        },
        "2023-04": {
            "month": "2023-04",
            "price": "32.34",
            "revenue": 11860
        },
        "2023-05": {
            "month": "2023-05",
            "price": "31.78",
            "revenue": 12755
        }
    }
}
