{
    "summary": {
        "stock_name": "揚智",
        "stock_id": "3041",
        "category": "半導體",
        "main_business": "數位機上盒晶片等相關晶片設計業務",
        "website_url": "http://www.alitech.com",
        "ceo": "程心璿",
        "pe_ratio": -12,
        "report_year_from": 2001,
        "report_year_to": 2023,
        "age": 22,
        "eps_negative_percentage": 39,
        "eps_growth_avg": {
            "last_all": -18.41,
            "last_2y": null,
            "last_4y": null,
            "last_8y": -85.2,
            "last_12y": -28.19,
            "last_16y": -14.9,
            "last_20y": -18.41,
            "at_2006_last_3y": -60.25,
            "at_2007_last_3y": -36.6,
            "at_2008_last_3y": -26.62,
            "at_2009_last_3y": 5.04,
            "at_2010_last_3y": 2.25,
            "at_2011_last_3y": -0.18,
            "at_2012_last_3y": 21.31,
            "at_2013_last_3y": 0.32,
            "at_2014_last_3y": -16.9,
            "at_2015_last_3y": -34.61,
            "at_2016_last_3y": -51.45,
            "at_2017_last_3y": -85.2,
            "at_2018_last_3y": -100,
            "at_2019_last_3y": null,
            "at_2020_last_3y": null,
            "at_2021_last_3y": null,
            "at_2022_last_3y": null,
            "at_2023_last_3y": null,
            "at_2006_last_all": -20.19,
            "at_2007_last_all": -20.04,
            "at_2008_last_all": -28.37,
            "at_2009_last_all": -10.03,
            "at_2010_last_all": -8.97,
            "at_2011_last_all": -11.21,
            "at_2012_last_all": -8.5,
            "at_2013_last_all": -6.27,
            "at_2014_last_all": -11.61,
            "at_2015_last_all": -18.41,
            "at_2016_last_all": -18.41,
            "at_2017_last_all": -18.41,
            "at_2018_last_all": -18.41,
            "at_2019_last_all": -18.41,
            "at_2020_last_all": -18.41,
            "at_2021_last_all": -18.41,
            "at_2022_last_all": -18.41,
            "at_2023_last_all": -18.41
        },
        "latest_eps": -2.25,
        "latest_price": 26.85,
        "latest_roe": -14.19,
        "latest_gross_margin": 22.08,
        "latest_equity": 2854786,
        "latest_revenue": 328159,
        "latest_gross_profit": 72449,
        "latest_net_income": -280359,
        "latest_debt_ratio": 17.18,
        "latest_current_ratio": 314.85,
        "latest_account_receivable_turnover_ratio": 1.84,
        "latest_inventory_turnover_ratio": 0.48,
        "latest_reinvestment_rate": null,
        "latest_research_to_sale_ratio": 85.2
    },
    "eps_dividends": {
        "1999": {
            "cash": 0,
            "stock": 1,
            "eps": 0
        },
        "2000": {
            "cash": 0,
            "stock": 3,
            "eps": 0
        },
        "2001": {
            "cash": 0,
            "stock": 0,
            "eps": 0.07
        },
        "2002": {
            "cash": 0,
            "stock": 0,
            "eps": 3.64
        },
        "2003": {
            "cash": 0.5,
            "stock": 1.49,
            "eps": 0.35
        },
        "2004": {
            "cash": 0,
            "stock": 0.5,
            "eps": -7.94
        },
        "2005": {
            "cash": 0,
            "stock": 0,
            "eps": 2.91
        },
        "2006": {
            "cash": 0.4,
            "stock": 0.4,
            "eps": 3.19
        },
        "2007": {
            "cash": 0.99,
            "stock": 0.5,
            "eps": 2.57
        },
        "2008": {
            "cash": 1.2,
            "stock": 0.3,
            "eps": 0.77
        },
        "2009": {
            "cash": 0.45,
            "stock": 0.01,
            "eps": 3.24
        },
        "2010": {
            "cash": 1.93,
            "stock": 0,
            "eps": 3.19
        },
        "2011": {
            "cash": 4.28,
            "stock": 0,
            "eps": 2.26
        },
        "2012": {
            "cash": 0,
            "stock": 0,
            "eps": 2.62
        },
        "2013": {
            "cash": 2,
            "stock": 0,
            "eps": 3.04
        },
        "2014": {
            "cash": 2.3,
            "stock": 0,
            "eps": 0.9
        },
        "2015": {
            "cash": 0.79,
            "stock": 0,
            "eps": -0.29
        },
        "2016": {
            "cash": 0,
            "stock": 0,
            "eps": -1.93
        },
        "2017": {
            "cash": 0,
            "stock": 0,
            "eps": -1.6
        },
        "2018": {
            "cash": 0,
            "stock": 0,
            "eps": -2.58
        },
        "2019": {
            "cash": 0,
            "stock": 0,
            "eps": -1.3
        },
        "2020": {
            "cash": 0,
            "stock": 0,
            "eps": -1.26
        },
        "2021": {
            "cash": 0,
            "stock": 0,
            "eps": -0.48
        },
        "2022": {
            "cash": 0,
            "stock": 0,
            "eps": 0.07
        },
        "2023": {
            "cash": 0,
            "stock": 0,
            "eps": -2.09
        }
    },
    "dividends": {
        "1999-04-22": {
            "cash": 0,
            "stock": 1
        },
        "2000-04-27": {
            "cash": 0,
            "stock": 3
        },
        "2003-04-01": {
            "cash": 0.5,
            "stock": 1.49
        },
        "2004-06-02": {
            "cash": 0,
            "stock": 0.5
        },
        "2006-04-27": {
            "cash": 0.4,
            "stock": 0.4
        },
        "2007-04-26": {
            "cash": 0.99,
            "stock": 0.5
        },
        "2008-04-29": {
            "cash": 1.2,
            "stock": 0.3
        },
        "2009-04-28": {
            "cash": 0.45,
            "stock": 0.01
        },
        "2010-04-22": {
            "cash": 1.93,
            "stock": 0
        },
        "2011-01-01": {
            "cash": 1.78,
            "stock": 0
        },
        "2011-04-18": {
            "cash": 2.5,
            "stock": 0
        },
        "2013-05-13": {
            "cash": 2,
            "stock": 0
        },
        "2014-08-26": {
            "cash": 2.3,
            "stock": 0
        },
        "2015-08-27": {
            "cash": 0.79,
            "stock": 0
        }
    },
    "prices": {
        "200101": "無",
        "200102": "無",
        "200103": "無",
        "200104": "無",
        "200105": "無",
        "200106": "無",
        "200107": "無",
        "200108": "無",
        "200109": "無",
        "200110": "無",
        "200111": "無",
        "200112": "無",
        "200201": "無",
        "200202": "無",
        "200203": "無",
        "200204": "無",
        "200205": "無",
        "200206": "無",
        "200207": "無",
        "200208": "52.30",
        "200209": "48.39",
        "200210": "47.75",
        "200211": "51.25",
        "200212": "44.64",
        "200301": "43.08",
        "200302": "39.20",
        "200303": "38.34",
        "200304": "36.85",
        "200305": "30.51",
        "200306": "43.79",
        "200307": "45.86",
        "200308": "38.25",
        "200309": "32.60",
        "200310": "29.66",
        "200311": "26.55",
        "200312": "27.53",
        "200401": "30.15",
        "200402": "33.62",
        "200403": "36.07",
        "200404": "30.12",
        "200405": "19.81",
        "200406": "17.66",
        "200407": "21.73",
        "200408": "23.55",
        "200409": "22.46",
        "200410": "19.92",
        "200411": "18.76",
        "200412": "20.10",
        "200501": "19.35",
        "200502": "19.53",
        "200503": "21.93",
        "200504": "20.00",
        "200505": "22.90",
        "200506": "30.02",
        "200507": "31.38",
        "200508": "34.45",
        "200509": "29.64",
        "200510": "29.19",
        "200511": "31.90",
        "200512": "36.91",
        "200601": "39.85",
        "200602": "38.58",
        "200603": "42.64",
        "200604": "42.44",
        "200605": "39.49",
        "200606": "34.16",
        "200607": "30.17",
        "200608": "31.54",
        "200609": "30.68",
        "200610": "35.16",
        "200611": "42.94",
        "200612": "46.35",
        "200701": "56.07",
        "200702": "52.03",
        "200703": "56.88",
        "200704": "59.12",
        "200705": "69.82",
        "200706": "81.54",
        "200707": "104.32",
        "200708": "116.83",
        "200709": "129.97",
        "200710": "112.11",
        "200711": "84.03",
        "200712": "63.00",
        "200801": "53.05",
        "200802": "46.98",
        "200803": "52.38",
        "200804": "56.80",
        "200805": "61.76",
        "200806": "46.40",
        "200807": "43.48",
        "200808": "44.06",
        "200809": "33.87",
        "200810": "23.73",
        "200811": "18.79",
        "200812": "18.70",
        "200901": "21.55",
        "200902": "22.61",
        "200903": "28.17",
        "200904": "38.19",
        "200905": "60.87",
        "200906": "57.05",
        "200907": "64.20",
        "200908": "62.09",
        "200909": "66.90",
        "200910": "68.76",
        "200911": "71.82",
        "200912": "77.08",
        "201001": "69.52",
        "201002": "65.38",
        "201003": "71.09",
        "201004": "71.44",
        "201005": "58.05",
        "201006": "52.57",
        "201007": "53.65",
        "201008": "52.24",
        "201009": "49.43",
        "201010": "47.27",
        "201011": "43.73",
        "201012": "45.58",
        "201101": "44.65",
        "201102": "40.41",
        "201103": "36.58",
        "201104": "37.40",
        "201105": "42.89",
        "201106": "42.36",
        "201107": "38.19",
        "201108": "30.40",
        "201109": "32.32",
        "201110": "35.93",
        "201111": "31.78",
        "201112": "28.94",
        "201201": "33.00",
        "201202": "46.24",
        "201203": "50.05",
        "201204": "47.02",
        "201205": "35.91",
        "201206": "32.86",
        "201207": "33.92",
        "201208": "30.80",
        "201209": "36.49",
        "201210": "36.26",
        "201211": "32.76",
        "201212": "33.72",
        "201301": "33.30",
        "201302": "33.59",
        "201303": "34.14",
        "201304": "31.22",
        "201305": "31.65",
        "201306": "30.80",
        "201307": "29.88",
        "201308": "31.19",
        "201309": "33.03",
        "201310": "32.64",
        "201311": "30.23",
        "201312": "30.02",
        "201401": "31.86",
        "201402": "32.17",
        "201403": "32.80",
        "201404": "33.20",
        "201405": "32.33",
        "201406": "33.21",
        "201407": "31.79",
        "201408": "28.58",
        "201409": "27.47",
        "201410": "25.61",
        "201411": "23.82",
        "201412": "25.11",
        "201501": "25.74",
        "201502": "25.49",
        "201503": "26.24",
        "201504": "23.36",
        "201505": "21.22",
        "201506": "16.82",
        "201507": "15.40",
        "201508": "12.73",
        "201509": "14.79",
        "201510": "15.66",
        "201511": "17.52",
        "201512": "18.05",
        "201601": "20.02",
        "201602": "25.87",
        "201603": "24.80",
        "201604": "21.26",
        "201605": "17.64",
        "201606": "17.25",
        "201607": "17.54",
        "201608": "17.46",
        "201609": "16.69",
        "201610": "15.58",
        "201611": "16.28",
        "201612": "16.22",
        "201701": "15.94",
        "201702": "16.69",
        "201703": "16.54",
        "201704": "15.69",
        "201705": "15.10",
        "201706": "15.88",
        "201707": "18.37",
        "201708": "20.93",
        "201709": "20.81",
        "201710": "19.44",
        "201711": "18.40",
        "201712": "16.64",
        "201801": "17.68",
        "201802": "16.51",
        "201803": "16.05",
        "201804": "14.31",
        "201805": "14.21",
        "201806": "15.71",
        "201807": "14.68",
        "201808": "13.58",
        "201809": "12.36",
        "201810": "10.79",
        "201811": "10.43",
        "201812": "11.68",
        "201901": "11.62",
        "201902": "12.20",
        "201903": "12.83",
        "201904": "12.76",
        "201905": "9.48",
        "201906": "9.43",
        "201907": "10.72",
        "201908": "11.25",
        "201909": "12.27",
        "201910": "13.59",
        "201911": "18.59",
        "201912": "18.20",
        "202001": "17.68",
        "202002": "16.74",
        "202003": "14.71",
        "202004": "14.31",
        "202005": "16.67",
        "202006": "19.39",
        "202007": "29.10",
        "202008": "26.33",
        "202009": "24.38",
        "202010": "26.08",
        "202011": "29.89",
        "202012": "31.05",
        "202101": "28.68",
        "202102": "28.00",
        "202103": "29.11",
        "202104": "31.23",
        "202105": "25.49",
        "202106": "27.19",
        "202107": "29.45",
        "202108": "28.56",
        "202109": "28.14",
        "202110": "25.57",
        "202111": "32.07",
        "202112": "36.21",
        "202201": "37.85",
        "202202": "35.18",
        "202203": "33.12",
        "202204": "29.76",
        "202205": "28.35",
        "202206": "26.50",
        "202207": "23.60",
        "202208": "24.85",
        "202209": "22.09",
        "202210": "18.51",
        "202211": "19.84",
        "202212": "21.27",
        "202301": "20.64",
        "202302": "22.24",
        "202303": "21.35",
        "202304": "20.54",
        "202305": "19.22",
        "202306": "19.64",
        "202307": "18.75",
        "202308": "17.87",
        "202309": "18.27",
        "202310": "21.22"
    },
    "quarters": {
        "20011": {
            "year_quarter": 20011,
            "year": 2001,
            "quarter": 1,
            "eps": -0.95,
            "eps_growth_year": null,
            "eps_4q": -4.76,
            "eps_4q_growth_year": -358.23,
            "roe": -5.88,
            "roe_4q": -5.88,
            "gross_profit": 256476,
            "gross_margin": 28.73,
            "gross_margin_4q_avg": 28.73,
            "net_income": -134547,
            "net_income_4q": null,
            "revenue": 892598,
            "revenue_4q": null,
            "common_shares": 1415000,
            "book_valuer_per_share": 15.55,
            "book_valuer_per_share_4q_avg": 15.55,
            "equity": 2200234,
            "current_ratio": 119.85,
            "debt_ratio": 62.21,
            "inventory_turnover_ratio": 0.56,
            "account_receivable_turnover_ratio": null,
            "reinvestment_rate": null,
            "research_to_sale_ratio": null,
            "price_fair": 0,
            "eps_avg_yearly": 0,
            "eps_latest_yearly": 0,
            "eps_growth_yearly": 0
        },
        "20012": {
            "year_quarter": 20012,
            "year": 2001,
            "quarter": 2,
            "eps": -0.45,
            "eps_growth_year": null,
            "eps_4q": -4.78,
            "eps_4q_growth_year": -809.58,
            "roe": -2.95,
            "roe_4q": -8.83,
            "gross_profit": 380081,
            "gross_margin": 33.36,
            "gross_margin_4q_avg": 31.05,
            "net_income": -64264,
            "net_income_4q": null,
            "revenue": 1139292,
            "revenue_4q": null,
            "common_shares": 1415000,
            "book_valuer_per_share": 15.28,
            "book_valuer_per_share_4q_avg": 15.42,
            "equity": 2161850,
            "current_ratio": 118.67,
            "debt_ratio": 60.38,
            "inventory_turnover_ratio": 0.73,
            "account_receivable_turnover_ratio": null,
            "reinvestment_rate": null,
            "research_to_sale_ratio": null,
            "price_fair": 0,
            "eps_avg_yearly": 0,
            "eps_latest_yearly": 0,
            "eps_growth_yearly": 0
        },
        "20013": {
            "year_quarter": 20013,
            "year": 2001,
            "quarter": 3,
            "eps": 0.48,
            "eps_growth_year": null,
            "eps_4q": -2.57,
            "eps_4q_growth_year": null,
            "roe": 3.35,
            "roe_4q": -5.48,
            "gross_profit": 558515,
            "gross_margin": 35.5,
            "gross_margin_4q_avg": 32.53,
            "net_income": 73686,
            "net_income_4q": null,
            "revenue": 1573158,
            "revenue_4q": null,
            "common_shares": 1415000,
            "book_valuer_per_share": 15.8,
            "book_valuer_per_share_4q_avg": 15.54,
            "equity": 2236018,
            "current_ratio": 106.29,
            "debt_ratio": 60.23,
            "inventory_turnover_ratio": 1.03,
            "account_receivable_turnover_ratio": null,
            "reinvestment_rate": null,
            "research_to_sale_ratio": null,
            "price_fair": 0,
            "eps_avg_yearly": 0,
            "eps_latest_yearly": 0,
            "eps_growth_yearly": 0
        },
        "20014": {
            "year_quarter": 20014,
            "year": 2001,
            "quarter": 4,
            "eps": 0.99,
            "eps_growth_year": null,
            "eps_4q": 0.11,
            "eps_4q_growth_year": null,
            "roe": 6.04,
            "roe_4q": 0.5600000000000005,
            "gross_profit": 565483,
            "gross_margin": 31.7,
            "gross_margin_4q_avg": 32.32,
            "net_income": 140790,
            "net_income_4q": null,
            "revenue": 1783596,
            "revenue_4q": null,
            "common_shares": 1415000,
            "book_valuer_per_share": 16.84,
            "book_valuer_per_share_4q_avg": 15.87,
            "equity": 2427255,
            "current_ratio": 128.8,
            "debt_ratio": 54.55,
            "inventory_turnover_ratio": 1.32,
            "account_receivable_turnover_ratio": null,
            "reinvestment_rate": null,
            "research_to_sale_ratio": null,
            "price_fair": 0,
            "eps_avg_yearly": 0,
            "eps_latest_yearly": 0,
            "eps_growth_yearly": 0
        },
        "20021": {
            "year_quarter": 20021,
            "year": 2002,
            "quarter": 1,
            "eps": 0.67,
            "eps_growth_year": null,
            "eps_4q": 1.73,
            "eps_4q_growth_year": null,
            "roe": 3.89,
            "roe_4q": 10.329999999999998,
            "gross_profit": 554647,
            "gross_margin": 37.8,
            "gross_margin_4q_avg": 34.59,
            "net_income": 95314,
            "net_income_4q": null,
            "revenue": 1467275,
            "revenue_4q": null,
            "common_shares": 1415000,
            "book_valuer_per_share": 17.52,
            "book_valuer_per_share_4q_avg": 16.36,
            "equity": 2478603,
            "current_ratio": 135.02,
            "debt_ratio": 50.2,
            "inventory_turnover_ratio": 1.12,
            "account_receivable_turnover_ratio": null,
            "reinvestment_rate": null,
            "research_to_sale_ratio": null,
            "price_fair": 8.04,
            "eps_avg_yearly": 2.68,
            "eps_latest_yearly": 2.68,
            "eps_growth_yearly": -129.29
        },
        "20022": {
            "year_quarter": 20022,
            "year": 2002,
            "quarter": 2,
            "eps": 0.79,
            "eps_growth_year": null,
            "eps_4q": 2.98,
            "eps_4q_growth_year": null,
            "roe": 4.43,
            "roe_4q": 17.71,
            "gross_profit": 699301,
            "gross_margin": 40.71,
            "gross_margin_4q_avg": 36.43,
            "net_income": 111885,
            "net_income_4q": null,
            "revenue": 1717717,
            "revenue_4q": null,
            "common_shares": 1415000,
            "book_valuer_per_share": 18.16,
            "book_valuer_per_share_4q_avg": 17.08,
            "equity": 2569982,
            "current_ratio": 82.48,
            "debt_ratio": 51.82,
            "inventory_turnover_ratio": 1.38,
            "account_receivable_turnover_ratio": null,
            "reinvestment_rate": null,
            "research_to_sale_ratio": null,
            "price_fair": 8.76,
            "eps_avg_yearly": 2.92,
            "eps_latest_yearly": 3.16,
            "eps_growth_yearly": -28.83
        },
        "20023": {
            "year_quarter": 20023,
            "year": 2002,
            "quarter": 3,
            "eps": 1.82,
            "eps_growth_year": 279.17,
            "eps_4q": 4.28,
            "eps_4q_growth_year": null,
            "roe": 9.52,
            "roe_4q": 23.88,
            "gross_profit": 596727,
            "gross_margin": 39.34,
            "gross_margin_4q_avg": 37.39,
            "net_income": 257850,
            "net_income_4q": null,
            "revenue": 1516884,
            "revenue_4q": null,
            "common_shares": 1415000,
            "book_valuer_per_share": 20.12,
            "book_valuer_per_share_4q_avg": 18.16,
            "equity": 2846724,
            "current_ratio": 90.93,
            "debt_ratio": 39.59,
            "inventory_turnover_ratio": 1.12,
            "account_receivable_turnover_ratio": null,
            "reinvestment_rate": null,
            "research_to_sale_ratio": null,
            "price_fair": 153.07,
            "eps_avg_yearly": 4.37,
            "eps_latest_yearly": 7.28,
            "eps_growth_yearly": 154.62
        },
        "20024": {
            "year_quarter": 20024,
            "year": 2002,
            "quarter": 4,
            "eps": 0.36,
            "eps_growth_year": -63.64,
            "eps_4q": 3.68,
            "eps_4q_growth_year": 3242.27,
            "roe": 1.74,
            "roe_4q": 19.58,
            "gross_profit": 515647,
            "gross_margin": 37.2,
            "gross_margin_4q_avg": 38.76,
            "net_income": 50403,
            "net_income_4q": null,
            "revenue": 1386076,
            "revenue_4q": null,
            "common_shares": 1415000,
            "book_valuer_per_share": 20.46,
            "book_valuer_per_share_4q_avg": 19.07,
            "equity": 2947027,
            "current_ratio": 224.76,
            "debt_ratio": 36.52,
            "inventory_turnover_ratio": 1.11,
            "account_receivable_turnover_ratio": null,
            "reinvestment_rate": 373.8,
            "research_to_sale_ratio": null,
            "price_fair": 127.4,
            "eps_avg_yearly": 3.64,
            "eps_latest_yearly": 1.44,
            "eps_growth_yearly": 35.75
        },
        "20031": {
            "year_quarter": 20031,
            "year": 2003,
            "quarter": 1,
            "eps": -0.62,
            "eps_growth_year": -192.54,
            "eps_4q": 2.37,
            "eps_4q_growth_year": 37.09,
            "roe": -3.03,
            "roe_4q": 12.66,
            "gross_profit": 432146,
            "gross_margin": 36.31,
            "gross_margin_4q_avg": 38.39,
            "net_income": -87233,
            "net_income_4q": null,
            "revenue": 1190270,
            "revenue_4q": null,
            "common_shares": 1415000,
            "book_valuer_per_share": 19.84,
            "book_valuer_per_share_4q_avg": 19.65,
            "equity": 2808028,
            "current_ratio": 94.42,
            "debt_ratio": 47.54,
            "inventory_turnover_ratio": 1.13,
            "account_receivable_turnover_ratio": null,
            "reinvestment_rate": 1083.05,
            "research_to_sale_ratio": null,
            "price_fair": 127.4,
            "eps_avg_yearly": 3.64,
            "eps_latest_yearly": 1.44,
            "eps_growth_yearly": 35.75
        },
        "20032": {
            "year_quarter": 20032,
            "year": 2003,
            "quarter": 2,
            "eps": 2.54,
            "eps_growth_year": 221.52,
            "eps_4q": 4.1,
            "eps_4q_growth_year": 37.67,
            "roe": 12.16,
            "roe_4q": 20.39,
            "gross_profit": 596395,
            "gross_margin": 31.14,
            "gross_margin_4q_avg": 36,
            "net_income": 360112,
            "net_income_4q": null,
            "revenue": 1915498,
            "revenue_4q": null,
            "common_shares": 1421248,
            "book_valuer_per_share": 21.9,
            "book_valuer_per_share_4q_avg": 20.58,
            "equity": 3112755,
            "current_ratio": 125.72,
            "debt_ratio": 49.77,
            "inventory_turnover_ratio": 1.34,
            "account_receivable_turnover_ratio": null,
            "reinvestment_rate": 256.67,
            "research_to_sale_ratio": null,
            "price_fair": 127.4,
            "eps_avg_yearly": 3.64,
            "eps_latest_yearly": 1.44,
            "eps_growth_yearly": 35.75
        },
        "20033": {
            "year_quarter": 20033,
            "year": 2003,
            "quarter": 3,
            "eps": -0.57,
            "eps_growth_year": -131.32,
            "eps_4q": 1.32,
            "eps_4q_growth_year": -69.14,
            "roe": -3.16,
            "roe_4q": 7.710000000000001,
            "gross_profit": 283898,
            "gross_margin": 16.48,
            "gross_margin_4q_avg": 30.28,
            "net_income": -97235,
            "net_income_4q": null,
            "revenue": 1722326,
            "revenue_4q": null,
            "common_shares": 1712918,
            "book_valuer_per_share": 17.7,
            "book_valuer_per_share_4q_avg": 19.98,
            "equity": 3032089,
            "current_ratio": 113.54,
            "debt_ratio": 47.88,
            "inventory_turnover_ratio": 1.35,
            "account_receivable_turnover_ratio": null,
            "reinvestment_rate": 356.97,
            "research_to_sale_ratio": null,
            "price_fair": 127.4,
            "eps_avg_yearly": 3.64,
            "eps_latest_yearly": 1.44,
            "eps_growth_yearly": 35.75
        },
        "20034": {
            "year_quarter": 20034,
            "year": 2003,
            "quarter": 4,
            "eps": -1,
            "eps_growth_year": -377.78,
            "eps_4q": 0,
            "eps_4q_growth_year": -99.96,
            "roe": -5.39,
            "roe_4q": 0.5799999999999996,
            "gross_profit": 279942,
            "gross_margin": 17.04,
            "gross_margin_4q_avg": 25.24,
            "net_income": -170623,
            "net_income_4q": null,
            "revenue": 1642560,
            "revenue_4q": null,
            "common_shares": 1713324,
            "book_valuer_per_share": 16.72,
            "book_valuer_per_share_4q_avg": 19.04,
            "equity": 3298676,
            "current_ratio": 171.88,
            "debt_ratio": 47.87,
            "inventory_turnover_ratio": 1.43,
            "account_receivable_turnover_ratio": null,
            "reinvestment_rate": null,
            "research_to_sale_ratio": null,
            "price_fair": 127.4,
            "eps_avg_yearly": 3.64,
            "eps_latest_yearly": 1.44,
            "eps_growth_yearly": 35.75
        },
        "20041": {
            "year_quarter": 20041,
            "year": 2004,
            "quarter": 1,
            "eps": -0.57,
            "eps_growth_year": null,
            "eps_4q": -0.03,
            "eps_4q_growth_year": -101.31,
            "roe": -3.2,
            "roe_4q": 0.41000000000000014,
            "gross_profit": 304981,
            "gross_margin": 17.12,
            "gross_margin_4q_avg": 20.45,
            "net_income": -97575,
            "net_income_4q": null,
            "revenue": 1781641,
            "revenue_4q": null,
            "common_shares": 1729616,
            "book_valuer_per_share": 16.2,
            "book_valuer_per_share_4q_avg": 18.13,
            "equity": 2802153,
            "current_ratio": 107.51,
            "debt_ratio": 55.38,
            "inventory_turnover_ratio": 1.3,
            "account_receivable_turnover_ratio": null,
            "reinvestment_rate": null,
            "research_to_sale_ratio": null,
            "price_fair": 127.4,
            "eps_avg_yearly": 3.64,
            "eps_latest_yearly": 1.44,
            "eps_growth_yearly": 35.75
        },
        "20042": {
            "year_quarter": 20042,
            "year": 2004,
            "quarter": 2,
            "eps": -2.14,
            "eps_growth_year": -184.25,
            "eps_4q": -4.24,
            "eps_4q_growth_year": -203.45,
            "roe": -14.03,
            "roe_4q": -25.78,
            "gross_profit": 183273,
            "gross_margin": 13.81,
            "gross_margin_4q_avg": 16.11,
            "net_income": -367964,
            "net_income_4q": null,
            "revenue": 1327560,
            "revenue_4q": null,
            "common_shares": 1729616,
            "book_valuer_per_share": 14.12,
            "book_valuer_per_share_4q_avg": 16.19,
            "equity": 2442881,
            "current_ratio": 93.06,
            "debt_ratio": 57.81,
            "inventory_turnover_ratio": 0.87,
            "account_receivable_turnover_ratio": null,
            "reinvestment_rate": null,
            "research_to_sale_ratio": null,
            "price_fair": 127.4,
            "eps_avg_yearly": 3.64,
            "eps_latest_yearly": 1.44,
            "eps_growth_yearly": 35.75
        },
        "20043": {
            "year_quarter": 20043,
            "year": 2004,
            "quarter": 3,
            "eps": -2.68,
            "eps_growth_year": null,
            "eps_4q": -6.35,
            "eps_4q_growth_year": -581.34,
            "roe": -20.89,
            "roe_4q": -43.510000000000005,
            "gross_profit": 98320,
            "gross_margin": 6.95,
            "gross_margin_4q_avg": 13.73,
            "net_income": -462492,
            "net_income_4q": null,
            "revenue": 1415008,
            "revenue_4q": null,
            "common_shares": 1729616,
            "book_valuer_per_share": 11.47,
            "book_valuer_per_share_4q_avg": 14.63,
            "equity": 1983954,
            "current_ratio": 77.63,
            "debt_ratio": 65.9,
            "inventory_turnover_ratio": 0.92,
            "account_receivable_turnover_ratio": null,
            "reinvestment_rate": null,
            "research_to_sale_ratio": null,
            "price_fair": 127.4,
            "eps_avg_yearly": 3.64,
            "eps_latest_yearly": 1.44,
            "eps_growth_yearly": 35.75
        },
        "20044": {
            "year_quarter": 20044,
            "year": 2004,
            "quarter": 4,
            "eps": -2.55,
            "eps_growth_year": null,
            "eps_4q": -7.98,
            "eps_4q_growth_year": -549765.84,
            "roe": -23.77,
            "roe_4q": -61.89,
            "gross_profit": 300162,
            "gross_margin": 19.22,
            "gross_margin_4q_avg": 14.28,
            "net_income": -462832,
            "net_income_4q": null,
            "revenue": 1561660,
            "revenue_4q": null,
            "common_shares": 1820607,
            "book_valuer_per_share": 8.25,
            "book_valuer_per_share_4q_avg": 12.51,
            "equity": 1910627,
            "current_ratio": 89.09,
            "debt_ratio": 62.88,
            "inventory_turnover_ratio": 1.21,
            "account_receivable_turnover_ratio": null,
            "reinvestment_rate": null,
            "research_to_sale_ratio": null,
            "price_fair": 127.4,
            "eps_avg_yearly": 3.64,
            "eps_latest_yearly": 1.44,
            "eps_growth_yearly": 35.75
        },
        "20051": {
            "year_quarter": 20051,
            "year": 2005,
            "quarter": 1,
            "eps": 0.54,
            "eps_growth_year": null,
            "eps_4q": -6.59,
            "eps_4q_growth_year": null,
            "roe": 5.58,
            "roe_4q": -53.11,
            "gross_profit": 170990,
            "gross_margin": 18.6,
            "gross_margin_4q_avg": 14.65,
            "net_income": 97883,
            "net_income_4q": null,
            "revenue": 919299,
            "revenue_4q": null,
            "common_shares": 1820607,
            "book_valuer_per_share": 8.77,
            "book_valuer_per_share_4q_avg": 10.65,
            "equity": 1597379,
            "current_ratio": 40.08,
            "debt_ratio": 53.96,
            "inventory_turnover_ratio": 1.77,
            "account_receivable_turnover_ratio": null,
            "reinvestment_rate": null,
            "research_to_sale_ratio": null,
            "price_fair": 127.4,
            "eps_avg_yearly": 3.64,
            "eps_latest_yearly": 1.44,
            "eps_growth_yearly": 35.75
        },
        "20052": {
            "year_quarter": 20052,
            "year": 2005,
            "quarter": 2,
            "eps": 0.23,
            "eps_growth_year": null,
            "eps_4q": -3.88,
            "eps_4q_growth_year": null,
            "roe": 2.43,
            "roe_4q": -36.65,
            "gross_profit": 205055,
            "gross_margin": 20.25,
            "gross_margin_4q_avg": 16.26,
            "net_income": 46265,
            "net_income_4q": null,
            "revenue": 1012788,
            "revenue_4q": null,
            "common_shares": 2220607,
            "book_valuer_per_share": 9.96,
            "book_valuer_per_share_4q_avg": 9.61,
            "equity": 2211112,
            "current_ratio": 78.23,
            "debt_ratio": 42.89,
            "inventory_turnover_ratio": 2.97,
            "account_receivable_turnover_ratio": null,
            "reinvestment_rate": null,
            "research_to_sale_ratio": null,
            "price_fair": 9.29,
            "eps_avg_yearly": 3.1,
            "eps_latest_yearly": 0.92,
            "eps_growth_yearly": -17.33
        },
        "20053": {
            "year_quarter": 20053,
            "year": 2005,
            "quarter": 3,
            "eps": 0.77,
            "eps_growth_year": null,
            "eps_4q": -0.75,
            "eps_4q_growth_year": null,
            "roe": 6.97,
            "roe_4q": -8.79,
            "gross_profit": 250202,
            "gross_margin": 23.27,
            "gross_margin_4q_avg": 20.34,
            "net_income": 161379,
            "net_income_4q": null,
            "revenue": 1075073,
            "revenue_4q": null,
            "common_shares": 2256704,
            "book_valuer_per_share": 10.72,
            "book_valuer_per_share_4q_avg": 9.43,
            "equity": 2418972,
            "current_ratio": 90.75,
            "debt_ratio": 38.75,
            "inventory_turnover_ratio": 2.62,
            "account_receivable_turnover_ratio": null,
            "reinvestment_rate": null,
            "research_to_sale_ratio": null,
            "price_fair": 108.27,
            "eps_avg_yearly": 3.09,
            "eps_latest_yearly": 3.08,
            "eps_growth_yearly": 142.08
        },
        "20054": {
            "year_quarter": 20054,
            "year": 2005,
            "quarter": 4,
            "eps": 1.37,
            "eps_growth_year": null,
            "eps_4q": 2.81,
            "eps_4q_growth_year": null,
            "roe": 10.01,
            "roe_4q": 24.990000000000002,
            "gross_profit": 390088,
            "gross_margin": 34.8,
            "gross_margin_4q_avg": 24.23,
            "net_income": 290612,
            "net_income_4q": null,
            "revenue": 1120911,
            "revenue_4q": null,
            "common_shares": 2256704,
            "book_valuer_per_share": 12.08,
            "book_valuer_per_share_4q_avg": 10.38,
            "equity": 3389389,
            "current_ratio": 290.75,
            "debt_ratio": 38.98,
            "inventory_turnover_ratio": 2.32,
            "account_receivable_turnover_ratio": null,
            "reinvestment_rate": null,
            "research_to_sale_ratio": null,
            "price_fair": 120.2,
            "eps_avg_yearly": 3.43,
            "eps_latest_yearly": 5.48,
            "eps_growth_yearly": 166.31
        },
        "20061": {
            "year_quarter": 20061,
            "year": 2006,
            "quarter": 1,
            "eps": 1.44,
            "eps_growth_year": 166.67,
            "eps_4q": 3.56,
            "eps_4q_growth_year": null,
            "roe": 9.75,
            "roe_4q": 29.159999999999997,
            "gross_profit": 271016,
            "gross_margin": 28.07,
            "gross_margin_4q_avg": 26.6,
            "net_income": 338212,
            "net_income_4q": null,
            "revenue": 965515,
            "revenue_4q": null,
            "common_shares": 2262760,
            "book_valuer_per_share": 15.67,
            "book_valuer_per_share_4q_avg": 12.11,
            "equity": 3545669,
            "current_ratio": 412.15,
            "debt_ratio": 23.38,
            "inventory_turnover_ratio": 1.65,
            "account_receivable_turnover_ratio": null,
            "reinvestment_rate": null,
            "research_to_sale_ratio": null,
            "price_fair": 135.6,
            "eps_avg_yearly": 3.87,
            "eps_latest_yearly": 5.76,
            "eps_growth_yearly": 187.7
        },
        "20062": {
            "year_quarter": 20062,
            "year": 2006,
            "quarter": 2,
            "eps": 0.12,
            "eps_growth_year": -47.83,
            "eps_4q": 3.38,
            "eps_4q_growth_year": null,
            "roe": 0.82,
            "roe_4q": 27.549999999999997,
            "gross_profit": 202288,
            "gross_margin": 27.51,
            "gross_margin_4q_avg": 28.41,
            "net_income": 29087,
            "net_income_4q": null,
            "revenue": 735319,
            "revenue_4q": null,
            "common_shares": 2359467,
            "book_valuer_per_share": 14.98,
            "book_valuer_per_share_4q_avg": 13.36,
            "equity": 3534032,
            "current_ratio": 435.67,
            "debt_ratio": 21.78,
            "inventory_turnover_ratio": 1.34,
            "account_receivable_turnover_ratio": null,
            "reinvestment_rate": null,
            "research_to_sale_ratio": null,
            "price_fair": 122.2,
            "eps_avg_yearly": 3.49,
            "eps_latest_yearly": 0.48,
            "eps_growth_yearly": 125.09
        },
        "20063": {
            "year_quarter": 20063,
            "year": 2006,
            "quarter": 3,
            "eps": 0.77,
            "eps_growth_year": 0,
            "eps_4q": 3.4,
            "eps_4q_growth_year": null,
            "roe": 5.29,
            "roe_4q": 25.869999999999997,
            "gross_profit": 304050,
            "gross_margin": 43.6,
            "gross_margin_4q_avg": 33.5,
            "net_income": 192525,
            "net_income_4q": null,
            "revenue": 697310,
            "revenue_4q": null,
            "common_shares": 2541347,
            "book_valuer_per_share": 14.73,
            "book_valuer_per_share_4q_avg": 14.37,
            "equity": 3742614,
            "current_ratio": 460.28,
            "debt_ratio": 21.49,
            "inventory_turnover_ratio": 1.24,
            "account_receivable_turnover_ratio": null,
            "reinvestment_rate": null,
            "research_to_sale_ratio": null,
            "price_fair": 101.2,
            "eps_avg_yearly": 2.89,
            "eps_latest_yearly": 3.08,
            "eps_growth_yearly": 360.11
        },
        "20064": {
            "year_quarter": 20064,
            "year": 2006,
            "quarter": 4,
            "eps": 0.86,
            "eps_growth_year": -37.23,
            "eps_4q": 3.07,
            "eps_4q_growth_year": 9.27,
            "roe": 5.5,
            "roe_4q": 21.36,
            "gross_profit": 358216,
            "gross_margin": 41.59,
            "gross_margin_4q_avg": 35.19,
            "net_income": 217780,
            "net_income_4q": null,
            "revenue": 861320,
            "revenue_4q": null,
            "common_shares": 2541347,
            "book_valuer_per_share": 16.46,
            "book_valuer_per_share_4q_avg": 15.46,
            "equity": 4182600,
            "current_ratio": 373.16,
            "debt_ratio": 17.66,
            "inventory_turnover_ratio": 1.43,
            "account_receivable_turnover_ratio": null,
            "reinvestment_rate": null,
            "research_to_sale_ratio": null,
            "price_fair": 111.2,
            "eps_avg_yearly": 3.18,
            "eps_latest_yearly": 3.44,
            "eps_growth_yearly": 412.63
        },
        "20071": {
            "year_quarter": 20071,
            "year": 2007,
            "quarter": 1,
            "eps": 0.73,
            "eps_growth_year": -49.31,
            "eps_4q": 2.39,
            "eps_4q_growth_year": -32.92,
            "roe": 4.44,
            "roe_4q": 16.05,
            "gross_profit": 285390,
            "gross_margin": 41.61,
            "gross_margin_4q_avg": 38.58,
            "net_income": 193340,
            "net_income_4q": null,
            "revenue": 685814,
            "revenue_4q": null,
            "common_shares": 2591114,
            "book_valuer_per_share": 17.47,
            "book_valuer_per_share_4q_avg": 15.91,
            "equity": 4527705,
            "current_ratio": 702.67,
            "debt_ratio": 8.95,
            "inventory_turnover_ratio": 1.24,
            "account_receivable_turnover_ratio": null,
            "reinvestment_rate": -358.73,
            "research_to_sale_ratio": null,
            "price_fair": 110.08,
            "eps_avg_yearly": 3.15,
            "eps_latest_yearly": 2.92,
            "eps_growth_yearly": 353.49
        },
        "20072": {
            "year_quarter": 20072,
            "year": 2007,
            "quarter": 2,
            "eps": 0.9,
            "eps_growth_year": 650,
            "eps_4q": 3.17,
            "eps_4q_growth_year": -6.1,
            "roe": 5.26,
            "roe_4q": 20.49,
            "gross_profit": 416136,
            "gross_margin": 47.28,
            "gross_margin_4q_avg": 43.52,
            "net_income": 238940,
            "net_income_4q": null,
            "revenue": 880100,
            "revenue_4q": null,
            "common_shares": 2656677,
            "book_valuer_per_share": 17.16,
            "book_valuer_per_share_4q_avg": 16.46,
            "equity": 4558452,
            "current_ratio": 398.17,
            "debt_ratio": 16.93,
            "inventory_turnover_ratio": 1.72,
            "account_receivable_turnover_ratio": null,
            "reinvestment_rate": -655.74,
            "research_to_sale_ratio": null,
            "price_fair": 111.84,
            "eps_avg_yearly": 3.2,
            "eps_latest_yearly": 3.6,
            "eps_growth_yearly": 324.56
        },
        "20073": {
            "year_quarter": 20073,
            "year": 2007,
            "quarter": 3,
            "eps": 1.3,
            "eps_growth_year": 68.83,
            "eps_4q": 3.57,
            "eps_4q_growth_year": 4.98,
            "roe": 7.82,
            "roe_4q": 23.02,
            "gross_profit": 553028,
            "gross_margin": 46.29,
            "gross_margin_4q_avg": 44.19,
            "net_income": 372156,
            "net_income_4q": null,
            "revenue": 1194620,
            "revenue_4q": null,
            "common_shares": 2893489,
            "book_valuer_per_share": 17.13,
            "book_valuer_per_share_4q_avg": 17.06,
            "equity": 4955575,
            "current_ratio": 314.5,
            "debt_ratio": 22.34,
            "inventory_turnover_ratio": 1.65,
            "account_receivable_turnover_ratio": null,
            "reinvestment_rate": -147.07,
            "research_to_sale_ratio": null,
            "price_fair": 118.86,
            "eps_avg_yearly": 3.4,
            "eps_latest_yearly": 5.2,
            "eps_growth_yearly": 309.88
        },
        "20074": {
            "year_quarter": 20074,
            "year": 2007,
            "quarter": 4,
            "eps": -0.36,
            "eps_growth_year": -141.86,
            "eps_4q": 2.44,
            "eps_4q_growth_year": -20.54,
            "roe": -2.1,
            "roe_4q": 15.420000000000002,
            "gross_profit": 515245,
            "gross_margin": 48.67,
            "gross_margin_4q_avg": 45.96,
            "net_income": -103008,
            "net_income_4q": null,
            "revenue": 1058750,
            "revenue_4q": null,
            "common_shares": 2893689,
            "book_valuer_per_share": 16.78,
            "book_valuer_per_share_4q_avg": 17.14,
            "equity": 4854319,
            "current_ratio": 383.68,
            "debt_ratio": 18.22,
            "inventory_turnover_ratio": 1.03,
            "account_receivable_turnover_ratio": null,
            "reinvestment_rate": -170.98,
            "research_to_sale_ratio": null,
            "price_fair": 118.86,
            "eps_avg_yearly": 3.4,
            "eps_latest_yearly": 5.2,
            "eps_growth_yearly": 309.88
        },
        "20081": {
            "year_quarter": 20081,
            "year": 2008,
            "quarter": 1,
            "eps": 0.22,
            "eps_growth_year": -69.86,
            "eps_4q": 1.99,
            "eps_4q_growth_year": -16.8,
            "roe": 1.29,
            "roe_4q": 12.27,
            "gross_profit": 301553,
            "gross_margin": 44.54,
            "gross_margin_4q_avg": 46.7,
            "net_income": 63235,
            "net_income_4q": null,
            "revenue": 677034,
            "revenue_4q": null,
            "common_shares": 2901054,
            "book_valuer_per_share": 16.97,
            "book_valuer_per_share_4q_avg": 17.01,
            "equity": 4924131,
            "current_ratio": 585.26,
            "debt_ratio": 11.66,
            "inventory_turnover_ratio": 0.8,
            "account_receivable_turnover_ratio": null,
            "reinvestment_rate": -72.74,
            "research_to_sale_ratio": null,
            "price_fair": 118.86,
            "eps_avg_yearly": 3.4,
            "eps_latest_yearly": 5.2,
            "eps_growth_yearly": 309.88
        },
        "20082": {
            "year_quarter": 20082,
            "year": 2008,
            "quarter": 2,
            "eps": 0.1,
            "eps_growth_year": -88.89,
            "eps_4q": 1.22,
            "eps_4q_growth_year": -61.52,
            "roe": 0.62,
            "roe_4q": 7.630000000000001,
            "gross_profit": 236150,
            "gross_margin": 34.18,
            "gross_margin_4q_avg": 43.42,
            "net_income": 29643,
            "net_income_4q": null,
            "revenue": 690936,
            "revenue_4q": null,
            "common_shares": 2901054,
            "book_valuer_per_share": 15.77,
            "book_valuer_per_share_4q_avg": 16.66,
            "equity": 4576354,
            "current_ratio": 335.1,
            "debt_ratio": 20.49,
            "inventory_turnover_ratio": 1.23,
            "account_receivable_turnover_ratio": null,
            "reinvestment_rate": -58.75,
            "research_to_sale_ratio": null,
            "price_fair": 109.33,
            "eps_avg_yearly": 3.12,
            "eps_latest_yearly": 0.4,
            "eps_growth_yearly": 261.88
        },
        "20083": {
            "year_quarter": 20083,
            "year": 2008,
            "quarter": 3,
            "eps": 0.49,
            "eps_growth_year": -62.31,
            "eps_4q": 0.46,
            "eps_4q_growth_year": -87.22,
            "roe": 3.19,
            "roe_4q": 2.9999999999999996,
            "gross_profit": 388014,
            "gross_margin": 38.3,
            "gross_margin_4q_avg": 41.42,
            "net_income": 148242,
            "net_income_4q": null,
            "revenue": 1013039,
            "revenue_4q": null,
            "common_shares": 3029115,
            "book_valuer_per_share": 15.61,
            "book_valuer_per_share_4q_avg": 16.28,
            "equity": 4729676,
            "current_ratio": 368.2,
            "debt_ratio": 18.87,
            "inventory_turnover_ratio": 1.72,
            "account_receivable_turnover_ratio": null,
            "reinvestment_rate": -32.94,
            "research_to_sale_ratio": null,
            "price_fair": 105.93,
            "eps_avg_yearly": 3.03,
            "eps_latest_yearly": 1.96,
            "eps_growth_yearly": 370.06
        },
        "20084": {
            "year_quarter": 20084,
            "year": 2008,
            "quarter": 4,
            "eps": -0.04,
            "eps_growth_year": null,
            "eps_4q": 0.76,
            "eps_4q_growth_year": -68.85,
            "roe": -0.25,
            "roe_4q": 4.85,
            "gross_profit": 209353,
            "gross_margin": 25.24,
            "gross_margin_4q_avg": 35.57,
            "net_income": -11641,
            "net_income_4q": null,
            "revenue": 829491,
            "revenue_4q": null,
            "common_shares": 3029115,
            "book_valuer_per_share": 15.61,
            "book_valuer_per_share_4q_avg": 15.99,
            "equity": 4727514,
            "current_ratio": 504,
            "debt_ratio": 13.66,
            "inventory_turnover_ratio": 1.99,
            "account_receivable_turnover_ratio": 4.92,
            "reinvestment_rate": -40.57,
            "research_to_sale_ratio": null,
            "price_fair": 105.93,
            "eps_avg_yearly": 3.03,
            "eps_latest_yearly": 1.96,
            "eps_growth_yearly": 370.06
        },
        "20091": {
            "year_quarter": 20091,
            "year": 2009,
            "quarter": 1,
            "eps": 0.54,
            "eps_growth_year": 145.45,
            "eps_4q": 1.09,
            "eps_4q_growth_year": -45.18,
            "roe": 3.4,
            "roe_4q": 6.96,
            "gross_profit": 385967,
            "gross_margin": 53,
            "gross_margin_4q_avg": 37.68,
            "net_income": 163356,
            "net_income_4q": null,
            "revenue": 728177,
            "revenue_4q": null,
            "common_shares": 3029115,
            "book_valuer_per_share": 16.16,
            "book_valuer_per_share_4q_avg": 15.79,
            "equity": 4895338,
            "current_ratio": 562.28,
            "debt_ratio": 12.42,
            "inventory_turnover_ratio": 1.84,
            "account_receivable_turnover_ratio": 2.51,
            "reinvestment_rate": -18.95,
            "research_to_sale_ratio": null,
            "price_fair": 105.93,
            "eps_avg_yearly": 3.03,
            "eps_latest_yearly": 1.96,
            "eps_growth_yearly": 370.06
        },
        "20092": {
            "year_quarter": 20092,
            "year": 2009,
            "quarter": 2,
            "eps": 0.7,
            "eps_growth_year": 600,
            "eps_4q": 1.69,
            "eps_4q_growth_year": 38.35,
            "roe": 4.28,
            "roe_4q": 10.62,
            "gross_profit": 633272,
            "gross_margin": 52.41,
            "gross_margin_4q_avg": 42.24,
            "net_income": 212163,
            "net_income_4q": null,
            "revenue": 1208264,
            "revenue_4q": null,
            "common_shares": 3029115,
            "book_valuer_per_share": 16.55,
            "book_valuer_per_share_4q_avg": 15.98,
            "equity": 5013325,
            "current_ratio": 351.03,
            "debt_ratio": 20.84,
            "inventory_turnover_ratio": 2.97,
            "account_receivable_turnover_ratio": 3.61,
            "reinvestment_rate": -15.97,
            "research_to_sale_ratio": null,
            "price_fair": 111.42,
            "eps_avg_yearly": 3.18,
            "eps_latest_yearly": 2.8,
            "eps_growth_yearly": 399.07
        },
        "20093": {
            "year_quarter": 20093,
            "year": 2009,
            "quarter": 3,
            "eps": 1.28,
            "eps_growth_year": 161.22,
            "eps_4q": 2.48,
            "eps_4q_growth_year": 443.58,
            "roe": 7.44,
            "roe_4q": 14.870000000000001,
            "gross_profit": 725418,
            "gross_margin": 49.56,
            "gross_margin_4q_avg": 45.05,
            "net_income": 387641,
            "net_income_4q": null,
            "revenue": 1463603,
            "revenue_4q": null,
            "common_shares": 3039491,
            "book_valuer_per_share": 17.77,
            "book_valuer_per_share_4q_avg": 16.52,
            "equity": 5400459,
            "current_ratio": 446.92,
            "debt_ratio": 16.67,
            "inventory_turnover_ratio": 3.3,
            "account_receivable_turnover_ratio": 3.23,
            "reinvestment_rate": -0.38,
            "research_to_sale_ratio": null,
            "price_fair": 117.37,
            "eps_avg_yearly": 3.35,
            "eps_latest_yearly": 5.12,
            "eps_growth_yearly": 348.43
        },
        "20094": {
            "year_quarter": 20094,
            "year": 2009,
            "quarter": 4,
            "eps": 0.72,
            "eps_growth_year": null,
            "eps_4q": 3.23,
            "eps_4q_growth_year": 325.18,
            "roe": 3.97,
            "roe_4q": 19.09,
            "gross_profit": 458585,
            "gross_margin": 34.65,
            "gross_margin_4q_avg": 47.41,
            "net_income": 219020,
            "net_income_4q": null,
            "revenue": 1323307,
            "revenue_4q": null,
            "common_shares": 3039491,
            "book_valuer_per_share": 18.51,
            "book_valuer_per_share_4q_avg": 17.25,
            "equity": 5625442,
            "current_ratio": 394.84,
            "debt_ratio": 19.23,
            "inventory_turnover_ratio": 4.29,
            "account_receivable_turnover_ratio": 6.86,
            "reinvestment_rate": 5.65,
            "research_to_sale_ratio": null,
            "price_fair": 109.78,
            "eps_avg_yearly": 3.14,
            "eps_latest_yearly": 2.88,
            "eps_growth_yearly": 307.87
        },
        "20101": {
            "year_quarter": 20101,
            "year": 2010,
            "quarter": 1,
            "eps": 1.12,
            "eps_growth_year": 107.41,
            "eps_4q": 3.81,
            "eps_4q_growth_year": 250.08,
            "roe": 5.87,
            "roe_4q": 21.560000000000002,
            "gross_profit": 660377,
            "gross_margin": 50.76,
            "gross_margin_4q_avg": 46.85,
            "net_income": 340520,
            "net_income_4q": null,
            "revenue": 1300850,
            "revenue_4q": null,
            "common_shares": 3039491,
            "book_valuer_per_share": 19.64,
            "book_valuer_per_share_4q_avg": 18.12,
            "equity": 5970757,
            "current_ratio": 398.33,
            "debt_ratio": 19.25,
            "inventory_turnover_ratio": 2.22,
            "account_receivable_turnover_ratio": 2.9,
            "reinvestment_rate": 7.51,
            "research_to_sale_ratio": 16.29,
            "price_fair": 106.05,
            "eps_avg_yearly": 3.03,
            "eps_latest_yearly": 4.48,
            "eps_growth_yearly": 324.68
        },
        "20102": {
            "year_quarter": 20102,
            "year": 2010,
            "quarter": 2,
            "eps": 0.95,
            "eps_growth_year": 36.28,
            "eps_4q": 4.07,
            "eps_4q_growth_year": 140.89,
            "roe": 4.98,
            "roe_4q": 22.26,
            "gross_profit": 463349,
            "gross_margin": 43.34,
            "gross_margin_4q_avg": 44.58,
            "net_income": 289949,
            "net_income_4q": null,
            "revenue": 1069158,
            "revenue_4q": null,
            "common_shares": 3039491,
            "book_valuer_per_share": 18.7,
            "book_valuer_per_share_4q_avg": 18.66,
            "equity": 5684284,
            "current_ratio": 296.13,
            "debt_ratio": 25.2,
            "inventory_turnover_ratio": 1.98,
            "account_receivable_turnover_ratio": 2.32,
            "reinvestment_rate": 7.28,
            "research_to_sale_ratio": 16.44,
            "price_fair": 115.73,
            "eps_avg_yearly": 3.31,
            "eps_latest_yearly": 3.8,
            "eps_growth_yearly": 350.18
        },
        "20103": {
            "year_quarter": 20103,
            "year": 2010,
            "quarter": 3,
            "eps": 0.57,
            "eps_growth_year": -55.22,
            "eps_4q": 3.37,
            "eps_4q_growth_year": 35.72,
            "roe": 3.02,
            "roe_4q": 17.84,
            "gross_profit": 451696,
            "gross_margin": 47.48,
            "gross_margin_4q_avg": 44.06,
            "net_income": 174218,
            "net_income_4q": null,
            "revenue": 951422,
            "revenue_4q": null,
            "common_shares": 3039491,
            "book_valuer_per_share": 19.28,
            "book_valuer_per_share_4q_avg": 19.03,
            "equity": 5861549,
            "current_ratio": 455.13,
            "debt_ratio": 16.01,
            "inventory_turnover_ratio": 2.47,
            "account_receivable_turnover_ratio": 2.38,
            "reinvestment_rate": 8.59,
            "research_to_sale_ratio": 18.01,
            "price_fair": 113.4,
            "eps_avg_yearly": 3.24,
            "eps_latest_yearly": 2.28,
            "eps_growth_yearly": 156.29
        },
        "20104": {
            "year_quarter": 20104,
            "year": 2010,
            "quarter": 4,
            "eps": 0.55,
            "eps_growth_year": -24.05,
            "eps_4q": 3.19,
            "eps_4q_growth_year": -1.15,
            "roe": 2.8,
            "roe_4q": 16.67,
            "gross_profit": 469244,
            "gross_margin": 56.01,
            "gross_margin_4q_avg": 49.4,
            "net_income": 166203,
            "net_income_4q": null,
            "revenue": 837717,
            "revenue_4q": null,
            "common_shares": 3039491,
            "book_valuer_per_share": 19.83,
            "book_valuer_per_share_4q_avg": 19.36,
            "equity": 6027574,
            "current_ratio": 441.46,
            "debt_ratio": 16.97,
            "inventory_turnover_ratio": 2.15,
            "account_receivable_turnover_ratio": 2.32,
            "reinvestment_rate": 7.56,
            "research_to_sale_ratio": 20.44,
            "price_fair": 109.78,
            "eps_avg_yearly": 3.14,
            "eps_latest_yearly": 2.2,
            "eps_growth_yearly": 151.23
        },
        "20111": {
            "year_quarter": 20111,
            "year": 2011,
            "quarter": 1,
            "eps": 0.44,
            "eps_growth_year": -60.71,
            "eps_4q": 2.51,
            "eps_4q_growth_year": -34.11,
            "roe": 2.19,
            "roe_4q": 12.99,
            "gross_profit": 367369,
            "gross_margin": 49.19,
            "gross_margin_4q_avg": 49.01,
            "net_income": 133520,
            "net_income_4q": null,
            "revenue": 746799,
            "revenue_4q": null,
            "common_shares": 3039491,
            "book_valuer_per_share": 20.29,
            "book_valuer_per_share_4q_avg": 19.53,
            "equity": 6167956,
            "current_ratio": 517.17,
            "debt_ratio": 14.56,
            "inventory_turnover_ratio": 1.66,
            "account_receivable_turnover_ratio": 2.27,
            "reinvestment_rate": 4.99,
            "research_to_sale_ratio": 21.27,
            "price_fair": 106.4,
            "eps_avg_yearly": 3.04,
            "eps_latest_yearly": 1.76,
            "eps_growth_yearly": 149.6
        },
        "20112": {
            "year_quarter": 20112,
            "year": 2011,
            "quarter": 2,
            "eps": 0.36,
            "eps_growth_year": -62.21,
            "eps_4q": 1.98,
            "eps_4q_growth_year": -51.34,
            "roe": 1.88,
            "roe_4q": 9.89,
            "gross_profit": 375670,
            "gross_margin": 42.74,
            "gross_margin_4q_avg": 48.86,
            "net_income": 105453,
            "net_income_4q": null,
            "revenue": 879055,
            "revenue_4q": null,
            "common_shares": 3039491,
            "book_valuer_per_share": 17.17,
            "book_valuer_per_share_4q_avg": 19.14,
            "equity": 5022457,
            "current_ratio": 283.59,
            "debt_ratio": 25.58,
            "inventory_turnover_ratio": 1.67,
            "account_receivable_turnover_ratio": 2.62,
            "reinvestment_rate": 0.13,
            "research_to_sale_ratio": 18.57,
            "price_fair": 100.1,
            "eps_avg_yearly": 2.86,
            "eps_latest_yearly": 1.44,
            "eps_growth_yearly": 135.77
        },
        "20113": {
            "year_quarter": 20113,
            "year": 2011,
            "quarter": 3,
            "eps": 0.95,
            "eps_growth_year": 65.33,
            "eps_4q": 2.33,
            "eps_4q_growth_year": -30.74,
            "roe": 5.37,
            "roe_4q": 12.239999999999998,
            "gross_profit": 409974,
            "gross_margin": 43.74,
            "gross_margin_4q_avg": 47.92,
            "net_income": 277205,
            "net_income_4q": null,
            "revenue": 937393,
            "revenue_4q": null,
            "common_shares": 3039491,
            "book_valuer_per_share": 18.14,
            "book_valuer_per_share_4q_avg": 18.86,
            "equity": 5307818,
            "current_ratio": 494.77,
            "debt_ratio": 14.25,
            "inventory_turnover_ratio": 1.7,
            "account_receivable_turnover_ratio": 2.05,
            "reinvestment_rate": -0.08,
            "research_to_sale_ratio": 19.36,
            "price_fair": 96.02,
            "eps_avg_yearly": 2.74,
            "eps_latest_yearly": 3.8,
            "eps_growth_yearly": 175.59
        },
        "20114": {
            "year_quarter": 20114,
            "year": 2011,
            "quarter": 4,
            "eps": 0.51,
            "eps_growth_year": -7.1,
            "eps_4q": 2.27,
            "eps_4q_growth_year": -28.86,
            "roe": 2.76,
            "roe_4q": 12.199999999999998,
            "gross_profit": 514244,
            "gross_margin": 45.92,
            "gross_margin_4q_avg": 45.4,
            "net_income": 148593,
            "net_income_4q": null,
            "revenue": 1119935,
            "revenue_4q": null,
            "common_shares": 3039491,
            "book_valuer_per_share": 18.65,
            "book_valuer_per_share_4q_avg": 18.56,
            "equity": 5454293,
            "current_ratio": 445.71,
            "debt_ratio": 16.5,
            "inventory_turnover_ratio": 2.6,
            "account_receivable_turnover_ratio": 1.99,
            "reinvestment_rate": -1.4,
            "research_to_sale_ratio": 17.01,
            "price_fair": 94.12,
            "eps_avg_yearly": 2.69,
            "eps_latest_yearly": 2.04,
            "eps_growth_yearly": 147.83
        },
        "20121": {
            "year_quarter": 20121,
            "year": 2012,
            "quarter": 1,
            "eps": 0.91,
            "eps_growth_year": 106.82,
            "eps_4q": 2.73,
            "eps_4q_growth_year": 8.52,
            "roe": 4.77,
            "roe_4q": 14.779999999999998,
            "gross_profit": 692122,
            "gross_margin": 48.56,
            "gross_margin_4q_avg": 45.24,
            "net_income": 266553,
            "net_income_4q": null,
            "revenue": 1425353,
            "revenue_4q": null,
            "common_shares": 3039491,
            "book_valuer_per_share": 19.55,
            "book_valuer_per_share_4q_avg": 18.38,
            "equity": 5718353,
            "current_ratio": 364.16,
            "debt_ratio": 21.01,
            "inventory_turnover_ratio": 3.01,
            "account_receivable_turnover_ratio": 2.33,
            "reinvestment_rate": -1,
            "research_to_sale_ratio": 16.74,
            "price_fair": 96.5,
            "eps_avg_yearly": 2.76,
            "eps_latest_yearly": 3.64,
            "eps_growth_yearly": 159.68
        },
        "20122": {
            "year_quarter": 20122,
            "year": 2012,
            "quarter": 2,
            "eps": 0.73,
            "eps_growth_year": 102.34,
            "eps_4q": 3.1,
            "eps_4q_growth_year": 56.32,
            "roe": 3.83,
            "roe_4q": 16.73,
            "gross_profit": 627020,
            "gross_margin": 48.56,
            "gross_margin_4q_avg": 46.7,
            "net_income": 213377,
            "net_income_4q": null,
            "revenue": 1291208,
            "revenue_4q": null,
            "common_shares": 3039491,
            "book_valuer_per_share": 18.49,
            "book_valuer_per_share_4q_avg": 18.71,
            "equity": 5409802,
            "current_ratio": 305.9,
            "debt_ratio": 24.94,
            "inventory_turnover_ratio": 2.13,
            "account_receivable_turnover_ratio": 2.36,
            "reinvestment_rate": -0.18,
            "research_to_sale_ratio": 18.23,
            "price_fair": 102.8,
            "eps_avg_yearly": 2.94,
            "eps_latest_yearly": 2.92,
            "eps_growth_yearly": 169.61
        },
        "20123": {
            "year_quarter": 20123,
            "year": 2012,
            "quarter": 3,
            "eps": 0.64,
            "eps_growth_year": -32.94,
            "eps_4q": 2.75,
            "eps_4q_growth_year": 17.8,
            "roe": 3.43,
            "roe_4q": 14.79,
            "gross_profit": 573896,
            "gross_margin": 46.97,
            "gross_margin_4q_avg": 47.5,
            "net_income": 189071,
            "net_income_4q": null,
            "revenue": 1221942,
            "revenue_4q": null,
            "common_shares": 3089491,
            "book_valuer_per_share": 18.84,
            "book_valuer_per_share_4q_avg": 18.88,
            "equity": 5604587,
            "current_ratio": 406.13,
            "debt_ratio": 18.38,
            "inventory_turnover_ratio": 1.89,
            "account_receivable_turnover_ratio": 2.24,
            "reinvestment_rate": -0.25,
            "research_to_sale_ratio": 18.52,
            "price_fair": 104.3,
            "eps_avg_yearly": 2.98,
            "eps_latest_yearly": 2.56,
            "eps_growth_yearly": 54.66
        },
        "20124": {
            "year_quarter": 20124,
            "year": 2012,
            "quarter": 4,
            "eps": 0.34,
            "eps_growth_year": -33.02,
            "eps_4q": 2.59,
            "eps_4q_growth_year": 13.92,
            "roe": 1.79,
            "roe_4q": 13.82,
            "gross_profit": 529987,
            "gross_margin": 44.76,
            "gross_margin_4q_avg": 47.21,
            "net_income": 101230,
            "net_income_4q": null,
            "revenue": 1184085,
            "revenue_4q": null,
            "common_shares": 3089491,
            "book_valuer_per_share": 19.19,
            "book_valuer_per_share_4q_avg": 19.02,
            "equity": 5710857,
            "current_ratio": 366.19,
            "debt_ratio": 19.09,
            "inventory_turnover_ratio": 1.49,
            "account_receivable_turnover_ratio": 1.87,
            "reinvestment_rate": 0.24,
            "research_to_sale_ratio": 18.66,
            "price_fair": 100.52,
            "eps_avg_yearly": 2.87,
            "eps_latest_yearly": 1.36,
            "eps_growth_yearly": 38.52
        },
        "20131": {
            "year_quarter": 20131,
            "year": 2013,
            "quarter": 1,
            "eps": -0.16,
            "eps_growth_year": -117.58,
            "eps_4q": 1.53,
            "eps_4q_growth_year": -43.87,
            "roe": -0.85,
            "roe_4q": 8.2,
            "gross_profit": 388040,
            "gross_margin": 45.06,
            "gross_margin_4q_avg": 46.34,
            "net_income": -48227,
            "net_income_4q": null,
            "revenue": 861099,
            "revenue_4q": null,
            "common_shares": 3089491,
            "book_valuer_per_share": 19.12,
            "book_valuer_per_share_4q_avg": 18.91,
            "equity": 5689700,
            "current_ratio": 459.51,
            "debt_ratio": 17.4,
            "inventory_turnover_ratio": 0.95,
            "account_receivable_turnover_ratio": 1.78,
            "reinvestment_rate": 4.88,
            "research_to_sale_ratio": 35.63,
            "price_fair": 100.52,
            "eps_avg_yearly": 2.87,
            "eps_latest_yearly": 1.36,
            "eps_growth_yearly": 38.52
        },
        "20132": {
            "year_quarter": 20132,
            "year": 2013,
            "quarter": 2,
            "eps": 3.13,
            "eps_growth_year": 329.1,
            "eps_4q": 3.89,
            "eps_4q_growth_year": 25.79,
            "roe": 15.64,
            "roe_4q": 20.01,
            "gross_profit": 435981,
            "gross_margin": 45.64,
            "gross_margin_4q_avg": 45.61,
            "net_income": 916721,
            "net_income_4q": null,
            "revenue": 955183,
            "revenue_4q": null,
            "common_shares": 3089491,
            "book_valuer_per_share": 20.27,
            "book_valuer_per_share_4q_avg": 19.36,
            "equity": 6032141,
            "current_ratio": 375.46,
            "debt_ratio": 21.9,
            "inventory_turnover_ratio": 0.99,
            "account_receivable_turnover_ratio": 2.63,
            "reinvestment_rate": 6.03,
            "research_to_sale_ratio": 27.83,
            "price_fair": 100.7,
            "eps_avg_yearly": 2.88,
            "eps_latest_yearly": 1.36,
            "eps_growth_yearly": 32.8
        },
        "20133": {
            "year_quarter": 20133,
            "year": 2013,
            "quarter": 3,
            "eps": -0.15,
            "eps_growth_year": -123.6,
            "eps_4q": 3.09,
            "eps_4q_growth_year": 12.47,
            "roe": -0.73,
            "roe_4q": 15.850000000000001,
            "gross_profit": 441085,
            "gross_margin": 41.66,
            "gross_margin_4q_avg": 44.28,
            "net_income": -44001,
            "net_income_4q": null,
            "revenue": 1058707,
            "revenue_4q": null,
            "common_shares": 3109491,
            "book_valuer_per_share": 20.03,
            "book_valuer_per_share_4q_avg": 19.65,
            "equity": 5999616,
            "current_ratio": 608.26,
            "debt_ratio": 13.47,
            "inventory_turnover_ratio": 1.22,
            "account_receivable_turnover_ratio": 2.47,
            "reinvestment_rate": 6.63,
            "research_to_sale_ratio": 27.45,
            "price_fair": 53.64,
            "eps_avg_yearly": 2.7,
            "eps_latest_yearly": 1.36,
            "eps_growth_yearly": 9.83
        },
        "20134": {
            "year_quarter": 20134,
            "year": 2013,
            "quarter": 4,
            "eps": 0.22,
            "eps_growth_year": -34.95,
            "eps_4q": 2.97,
            "eps_4q_growth_year": 14.88,
            "roe": 1.1,
            "roe_4q": 15.160000000000002,
            "gross_profit": 613103,
            "gross_margin": 47.88,
            "gross_margin_4q_avg": 45.06,
            "net_income": 66295,
            "net_income_4q": null,
            "revenue": 1280595,
            "revenue_4q": null,
            "common_shares": 3109491,
            "book_valuer_per_share": 20.35,
            "book_valuer_per_share_4q_avg": 19.94,
            "equity": 6094675,
            "current_ratio": 518.05,
            "debt_ratio": 15.81,
            "inventory_turnover_ratio": 1.58,
            "account_receivable_turnover_ratio": 2.35,
            "reinvestment_rate": 1.31,
            "research_to_sale_ratio": 26.02,
            "price_fair": 94.15,
            "eps_avg_yearly": 2.69,
            "eps_latest_yearly": 1.36,
            "eps_growth_yearly": 25.24
        },
        "20141": {
            "year_quarter": 20141,
            "year": 2014,
            "quarter": 1,
            "eps": 0.28,
            "eps_growth_year": null,
            "eps_4q": 3.41,
            "eps_4q_growth_year": 122.84,
            "roe": 1.35,
            "roe_4q": 17.36,
            "gross_profit": 549577,
            "gross_margin": 49.6,
            "gross_margin_4q_avg": 46.2,
            "net_income": 82749,
            "net_income_4q": null,
            "revenue": 1108030,
            "revenue_4q": null,
            "common_shares": 3109491,
            "book_valuer_per_share": 20.68,
            "book_valuer_per_share_4q_avg": 20.33,
            "equity": 6195362,
            "current_ratio": 534.28,
            "debt_ratio": 15.17,
            "inventory_turnover_ratio": 1.37,
            "account_receivable_turnover_ratio": 2.68,
            "reinvestment_rate": 1.01,
            "research_to_sale_ratio": 27.22,
            "price_fair": 62.2,
            "eps_avg_yearly": 2.41,
            "eps_latest_yearly": 1.12,
            "eps_growth_yearly": 15.81
        },
        "20142": {
            "year_quarter": 20142,
            "year": 2014,
            "quarter": 2,
            "eps": 0.12,
            "eps_growth_year": -96.17,
            "eps_4q": 0.46,
            "eps_4q_growth_year": -88.11,
            "roe": 0.57,
            "roe_4q": 2.29,
            "gross_profit": 474227,
            "gross_margin": 46.64,
            "gross_margin_4q_avg": 46.45,
            "net_income": 33680,
            "net_income_4q": null,
            "revenue": 1016890,
            "revenue_4q": null,
            "common_shares": 3109491,
            "book_valuer_per_share": 18.53,
            "book_valuer_per_share_4q_avg": 19.9,
            "equity": 5549252,
            "current_ratio": 354.41,
            "debt_ratio": 23.07,
            "inventory_turnover_ratio": 1.1,
            "account_receivable_turnover_ratio": 4.76,
            "reinvestment_rate": 0.72,
            "research_to_sale_ratio": 27.34,
            "price_fair": 25.22,
            "eps_avg_yearly": 2.13,
            "eps_latest_yearly": 0.48,
            "eps_growth_yearly": 1.82
        },
        "20143": {
            "year_quarter": 20143,
            "year": 2014,
            "quarter": 3,
            "eps": 0.38,
            "eps_growth_year": null,
            "eps_4q": 0.97,
            "eps_4q_growth_year": -68.54,
            "roe": 2,
            "roe_4q": 5.02,
            "gross_profit": 597676,
            "gross_margin": 42.82,
            "gross_margin_4q_avg": 46.74,
            "net_income": 112250,
            "net_income_4q": null,
            "revenue": 1395830,
            "revenue_4q": null,
            "common_shares": 3033261,
            "book_valuer_per_share": 18.8,
            "book_valuer_per_share_4q_avg": 19.59,
            "equity": 5701946,
            "current_ratio": 506.91,
            "debt_ratio": 16.31,
            "inventory_turnover_ratio": 1.49,
            "account_receivable_turnover_ratio": 5.85,
            "reinvestment_rate": -1.28,
            "research_to_sale_ratio": 20.9,
            "price_fair": 72.45,
            "eps_avg_yearly": 2.07,
            "eps_latest_yearly": 1.52,
            "eps_growth_yearly": 87.38
        },
        "20144": {
            "year_quarter": 20144,
            "year": 2014,
            "quarter": 4,
            "eps": 0.12,
            "eps_growth_year": -46.42,
            "eps_4q": 0.87,
            "eps_4q_growth_year": -70.66,
            "roe": 0.63,
            "roe_4q": 4.55,
            "gross_profit": 440919,
            "gross_margin": 39.14,
            "gross_margin_4q_avg": 44.55,
            "net_income": 35971,
            "net_income_4q": null,
            "revenue": 1126645,
            "revenue_4q": null,
            "common_shares": 3033041,
            "book_valuer_per_share": 19.04,
            "book_valuer_per_share_4q_avg": 19.26,
            "equity": 5774021,
            "current_ratio": 521.43,
            "debt_ratio": 15.59,
            "inventory_turnover_ratio": 1.34,
            "account_receivable_turnover_ratio": 5.03,
            "reinvestment_rate": 0.74,
            "research_to_sale_ratio": 24.18,
            "price_fair": 67.43,
            "eps_avg_yearly": 1.93,
            "eps_latest_yearly": 0.48,
            "eps_growth_yearly": 65.74
        },
        "20151": {
            "year_quarter": 20151,
            "year": 2015,
            "quarter": 1,
            "eps": 0,
            "eps_growth_year": -100,
            "eps_4q": 0.6,
            "eps_4q_growth_year": -82.35,
            "roe": 0.01,
            "roe_4q": 3.21,
            "gross_profit": 379800,
            "gross_margin": 41.74,
            "gross_margin_4q_avg": 42.59,
            "net_income": 623,
            "net_income_4q": null,
            "revenue": 909890,
            "revenue_4q": null,
            "common_shares": 3031981,
            "book_valuer_per_share": 19.11,
            "book_valuer_per_share_4q_avg": 18.87,
            "equity": 5793086,
            "current_ratio": 588.27,
            "debt_ratio": 13.81,
            "inventory_turnover_ratio": 1.06,
            "account_receivable_turnover_ratio": 5.42,
            "reinvestment_rate": -3,
            "research_to_sale_ratio": 28.68,
            "price_fair": 67.96,
            "eps_avg_yearly": 1.94,
            "eps_latest_yearly": 0.48,
            "eps_growth_yearly": 78.99
        },
        "20152": {
            "year_quarter": 20152,
            "year": 2015,
            "quarter": 2,
            "eps": -0.46,
            "eps_growth_year": -483.33,
            "eps_4q": 0.04,
            "eps_4q_growth_year": -90.43,
            "roe": -2.41,
            "roe_4q": 0.22999999999999954,
            "gross_profit": 255162,
            "gross_margin": 38.75,
            "gross_margin_4q_avg": 40.61,
            "net_income": -135407,
            "net_income_4q": null,
            "revenue": 658485,
            "revenue_4q": null,
            "common_shares": 3031611,
            "book_valuer_per_share": 17.96,
            "book_valuer_per_share_4q_avg": 18.73,
            "equity": 5444075,
            "current_ratio": 535.07,
            "debt_ratio": 14.93,
            "inventory_turnover_ratio": 0.82,
            "account_receivable_turnover_ratio": 4.03,
            "reinvestment_rate": 3.14,
            "research_to_sale_ratio": 43.52,
            "price_fair": 69.72,
            "eps_avg_yearly": 1.99,
            "eps_latest_yearly": 0.48,
            "eps_growth_yearly": 94.16
        },
        "20153": {
            "year_quarter": 20153,
            "year": 2015,
            "quarter": 3,
            "eps": 0.11,
            "eps_growth_year": -71.05,
            "eps_4q": -0.23,
            "eps_4q_growth_year": -123.23,
            "roe": 0.57,
            "roe_4q": -1.2000000000000002,
            "gross_profit": 405085,
            "gross_margin": 42.54,
            "gross_margin_4q_avg": 40.54,
            "net_income": 31045,
            "net_income_4q": null,
            "revenue": 952310,
            "revenue_4q": null,
            "common_shares": 3031611,
            "book_valuer_per_share": 18.23,
            "book_valuer_per_share_4q_avg": 18.59,
            "equity": 5469114,
            "current_ratio": 644.44,
            "debt_ratio": 12.58,
            "inventory_turnover_ratio": 1.27,
            "account_receivable_turnover_ratio": 5.02,
            "reinvestment_rate": 2.59,
            "research_to_sale_ratio": 31.86,
            "price_fair": 62.69,
            "eps_avg_yearly": 1.79,
            "eps_latest_yearly": 0.48,
            "eps_growth_yearly": 31.78
        },
        "20154": {
            "year_quarter": 20154,
            "year": 2015,
            "quarter": 4,
            "eps": 0.06,
            "eps_growth_year": -49.98,
            "eps_4q": -0.29,
            "eps_4q_growth_year": -132.76,
            "roe": 0.32,
            "roe_4q": -1.5100000000000002,
            "gross_profit": 464602,
            "gross_margin": 41.82,
            "gross_margin_4q_avg": 41.21,
            "net_income": 17831,
            "net_income_4q": null,
            "revenue": 1110908,
            "revenue_4q": null,
            "common_shares": 3030111,
            "book_valuer_per_share": 18.36,
            "book_valuer_per_share_4q_avg": 18.42,
            "equity": 5517918,
            "current_ratio": 500.17,
            "debt_ratio": 16.17,
            "inventory_turnover_ratio": 1.6,
            "account_receivable_turnover_ratio": 4.57,
            "reinvestment_rate": 3.83,
            "research_to_sale_ratio": 27.72,
            "price_fair": 55.69,
            "eps_avg_yearly": 1.59,
            "eps_latest_yearly": 0.24,
            "eps_growth_yearly": 32.16
        },
        "20161": {
            "year_quarter": 20161,
            "year": 2016,
            "quarter": 1,
            "eps": -0.09,
            "eps_growth_year": null,
            "eps_4q": -0.37,
            "eps_4q_growth_year": -162.16,
            "roe": -0.47,
            "roe_4q": -1.9900000000000002,
            "gross_profit": 368496,
            "gross_margin": 37.54,
            "gross_margin_4q_avg": 40.16,
            "net_income": -25875,
            "net_income_4q": null,
            "revenue": 981736,
            "revenue_4q": null,
            "common_shares": 3028281,
            "book_valuer_per_share": 18.31,
            "book_valuer_per_share_4q_avg": 18.22,
            "equity": 5498485,
            "current_ratio": 600.01,
            "debt_ratio": 13.52,
            "inventory_turnover_ratio": 1.16,
            "account_receivable_turnover_ratio": 4.08,
            "reinvestment_rate": 2.14,
            "research_to_sale_ratio": 28.72,
            "price_fair": 4.01,
            "eps_avg_yearly": 1.34,
            "eps_latest_yearly": 0.24,
            "eps_growth_yearly": -3.03
        },
        "20162": {
            "year_quarter": 20162,
            "year": 2016,
            "quarter": 2,
            "eps": -0.31,
            "eps_growth_year": null,
            "eps_4q": -0.23,
            "eps_4q_growth_year": -624.44,
            "roe": -1.7,
            "roe_4q": -1.2799999999999998,
            "gross_profit": 295791,
            "gross_margin": 37.13,
            "gross_margin_4q_avg": 39.76,
            "net_income": -92821,
            "net_income_4q": null,
            "revenue": 796637,
            "revenue_4q": null,
            "common_shares": 3028281,
            "book_valuer_per_share": 18,
            "book_valuer_per_share_4q_avg": 18.23,
            "equity": 5407599,
            "current_ratio": 673.45,
            "debt_ratio": 12.02,
            "inventory_turnover_ratio": 0.83,
            "account_receivable_turnover_ratio": 3.92,
            "reinvestment_rate": -1.31,
            "research_to_sale_ratio": 37.44,
            "price_fair": 19.78,
            "eps_avg_yearly": 1.11,
            "eps_latest_yearly": 0.24,
            "eps_growth_yearly": 7.84
        },
        "20163": {
            "year_quarter": 20163,
            "year": 2016,
            "quarter": 3,
            "eps": -0.28,
            "eps_growth_year": -354.55,
            "eps_4q": -0.62,
            "eps_4q_growth_year": null,
            "roe": -1.56,
            "roe_4q": -3.4099999999999997,
            "gross_profit": 284266,
            "gross_margin": 35.94,
            "gross_margin_4q_avg": 38.11,
            "net_income": -83165,
            "net_income_4q": null,
            "revenue": 790877,
            "revenue_4q": null,
            "common_shares": 3027911,
            "book_valuer_per_share": 17.71,
            "book_valuer_per_share_4q_avg": 18.1,
            "equity": 5262574,
            "current_ratio": 578.18,
            "debt_ratio": 13.55,
            "inventory_turnover_ratio": 0.85,
            "account_receivable_turnover_ratio": 4.12,
            "reinvestment_rate": -2.49,
            "research_to_sale_ratio": 34.85,
            "price_fair": 23.72,
            "eps_avg_yearly": 0.87,
            "eps_latest_yearly": 0.24,
            "eps_growth_yearly": 17.36
        },
        "20164": {
            "year_quarter": 20164,
            "year": 2016,
            "quarter": 4,
            "eps": -1.25,
            "eps_growth_year": -2214.26,
            "eps_4q": -1.93,
            "eps_4q_growth_year": null,
            "roe": -7.36,
            "roe_4q": -11.09,
            "gross_profit": 297788,
            "gross_margin": 35.81,
            "gross_margin_4q_avg": 36.61,
            "net_income": -373447,
            "net_income_4q": null,
            "revenue": 831494,
            "revenue_4q": null,
            "common_shares": 3027691,
            "book_valuer_per_share": 16.43,
            "book_valuer_per_share_4q_avg": 17.61,
            "equity": 4892025,
            "current_ratio": 539.35,
            "debt_ratio": 15.32,
            "inventory_turnover_ratio": 0.93,
            "account_receivable_turnover_ratio": 3.82,
            "reinvestment_rate": -10.23,
            "research_to_sale_ratio": 32.9,
            "price_fair": 26.88,
            "eps_avg_yearly": 0.77,
            "eps_latest_yearly": 0.24,
            "eps_growth_yearly": 58.34
        },
        "20171": {
            "year_quarter": 20171,
            "year": 2017,
            "quarter": 1,
            "eps": -0.39,
            "eps_growth_year": null,
            "eps_4q": -2.23,
            "eps_4q_growth_year": null,
            "roe": -2.36,
            "roe_4q": -12.98,
            "gross_profit": 206438,
            "gross_margin": 27.34,
            "gross_margin_4q_avg": 34.06,
            "net_income": -113967,
            "net_income_4q": null,
            "revenue": 754958,
            "revenue_4q": null,
            "common_shares": 3025911,
            "book_valuer_per_share": 16,
            "book_valuer_per_share_4q_avg": 17.04,
            "equity": 4757152,
            "current_ratio": 591.79,
            "debt_ratio": 13.8,
            "inventory_turnover_ratio": 0.96,
            "account_receivable_turnover_ratio": 2.95,
            "reinvestment_rate": -47.01,
            "research_to_sale_ratio": 32.13,
            "price_fair": 26.88,
            "eps_avg_yearly": 0.77,
            "eps_latest_yearly": 0.24,
            "eps_growth_yearly": 58.34
        },
        "20172": {
            "year_quarter": 20172,
            "year": 2017,
            "quarter": 2,
            "eps": -0.34,
            "eps_growth_year": null,
            "eps_4q": -2.27,
            "eps_4q_growth_year": null,
            "roe": -2.11,
            "roe_4q": -13.39,
            "gross_profit": 255076,
            "gross_margin": 28.35,
            "gross_margin_4q_avg": 31.86,
            "net_income": -99272,
            "net_income_4q": null,
            "revenue": 899706,
            "revenue_4q": null,
            "common_shares": 3025911,
            "book_valuer_per_share": 15.74,
            "book_valuer_per_share_4q_avg": 16.47,
            "equity": 4633555,
            "current_ratio": 492.15,
            "debt_ratio": 16.46,
            "inventory_turnover_ratio": 1.1,
            "account_receivable_turnover_ratio": 3.52,
            "reinvestment_rate": null,
            "research_to_sale_ratio": 30.77,
            "price_fair": 26.88,
            "eps_avg_yearly": 0.77,
            "eps_latest_yearly": 0.24,
            "eps_growth_yearly": 58.34
        },
        "20173": {
            "year_quarter": 20173,
            "year": 2017,
            "quarter": 3,
            "eps": -0.36,
            "eps_growth_year": null,
            "eps_4q": -2.34,
            "eps_4q_growth_year": null,
            "roe": -2.3,
            "roe_4q": -14.129999999999999,
            "gross_profit": 254229,
            "gross_margin": 29.66,
            "gross_margin_4q_avg": 30.29,
            "net_income": -105514,
            "net_income_4q": null,
            "revenue": 857074,
            "revenue_4q": null,
            "common_shares": 3025911,
            "book_valuer_per_share": 15.4,
            "book_valuer_per_share_4q_avg": 15.89,
            "equity": 4547581,
            "current_ratio": 530.44,
            "debt_ratio": 15.16,
            "inventory_turnover_ratio": 0.95,
            "account_receivable_turnover_ratio": 3.37,
            "reinvestment_rate": null,
            "research_to_sale_ratio": 32.2,
            "price_fair": 26.88,
            "eps_avg_yearly": 0.77,
            "eps_latest_yearly": 0.24,
            "eps_growth_yearly": 58.34
        },
        "20174": {
            "year_quarter": 20174,
            "year": 2017,
            "quarter": 4,
            "eps": -0.51,
            "eps_growth_year": null,
            "eps_4q": -1.59,
            "eps_4q_growth_year": null,
            "roe": -3.36,
            "roe_4q": -10.129999999999999,
            "gross_profit": 196990,
            "gross_margin": 29.17,
            "gross_margin_4q_avg": 28.63,
            "net_income": -150351,
            "net_income_4q": null,
            "revenue": 675324,
            "revenue_4q": null,
            "common_shares": 3025911,
            "book_valuer_per_share": 14.88,
            "book_valuer_per_share_4q_avg": 15.51,
            "equity": 4395439,
            "current_ratio": 487.74,
            "debt_ratio": 15.97,
            "inventory_turnover_ratio": 0.75,
            "account_receivable_turnover_ratio": 2.45,
            "reinvestment_rate": null,
            "research_to_sale_ratio": 43.6,
            "price_fair": 26.88,
            "eps_avg_yearly": 0.77,
            "eps_latest_yearly": 0.24,
            "eps_growth_yearly": 58.34
        },
        "20181": {
            "year_quarter": 20181,
            "year": 2018,
            "quarter": 1,
            "eps": -0.33,
            "eps_growth_year": null,
            "eps_4q": -1.53,
            "eps_4q_growth_year": null,
            "roe": -2.21,
            "roe_4q": -9.98,
            "gross_profit": 167409,
            "gross_margin": 30.33,
            "gross_margin_4q_avg": 29.38,
            "net_income": -96304,
            "net_income_4q": null,
            "revenue": 551936,
            "revenue_4q": null,
            "common_shares": 3025911,
            "book_valuer_per_share": 14.58,
            "book_valuer_per_share_4q_avg": 15.15,
            "equity": 4307317,
            "current_ratio": 447.41,
            "debt_ratio": 17.05,
            "inventory_turnover_ratio": 0.55,
            "account_receivable_turnover_ratio": 2.64,
            "reinvestment_rate": null,
            "research_to_sale_ratio": 47.91,
            "price_fair": 23.8,
            "eps_avg_yearly": 0.68,
            "eps_latest_yearly": 0.24,
            "eps_growth_yearly": 45.65
        },
        "20182": {
            "year_quarter": 20182,
            "year": 2018,
            "quarter": 2,
            "eps": -0.59,
            "eps_growth_year": null,
            "eps_4q": -1.78,
            "eps_4q_growth_year": null,
            "roe": -4.12,
            "roe_4q": -11.989999999999998,
            "gross_profit": 128538,
            "gross_margin": 21.42,
            "gross_margin_4q_avg": 27.65,
            "net_income": -173707,
            "net_income_4q": null,
            "revenue": 599985,
            "revenue_4q": null,
            "common_shares": 3025911,
            "book_valuer_per_share": 13.98,
            "book_valuer_per_share_4q_avg": 14.71,
            "equity": 4128767,
            "current_ratio": 611.43,
            "debt_ratio": 11.98,
            "inventory_turnover_ratio": 0.63,
            "account_receivable_turnover_ratio": 2.99,
            "reinvestment_rate": null,
            "research_to_sale_ratio": 45.72,
            "price_fair": 26.13,
            "eps_avg_yearly": 0.75,
            "eps_latest_yearly": 0.24,
            "eps_growth_yearly": 137.05
        },
        "20183": {
            "year_quarter": 20183,
            "year": 2018,
            "quarter": 3,
            "eps": -0.7,
            "eps_growth_year": null,
            "eps_4q": -2.11,
            "eps_4q_growth_year": null,
            "roe": -5.13,
            "roe_4q": -14.82,
            "gross_profit": 87334,
            "gross_margin": 12.98,
            "gross_margin_4q_avg": 23.48,
            "net_income": -206354,
            "net_income_4q": null,
            "revenue": 672872,
            "revenue_4q": null,
            "common_shares": 3025911,
            "book_valuer_per_share": 13.23,
            "book_valuer_per_share_4q_avg": 14.17,
            "equity": 3921609,
            "current_ratio": 499.47,
            "debt_ratio": 14.3,
            "inventory_turnover_ratio": 1.04,
            "account_receivable_turnover_ratio": 2.67,
            "reinvestment_rate": null,
            "research_to_sale_ratio": 37.59,
            "price_fair": 1.08,
            "eps_avg_yearly": 0.36,
            "eps_latest_yearly": 0.24,
            "eps_growth_yearly": -227.75
        },
        "20184": {
            "year_quarter": 20184,
            "year": 2018,
            "quarter": 4,
            "eps": -0.96,
            "eps_growth_year": null,
            "eps_4q": -2.57,
            "eps_4q_growth_year": null,
            "roe": -7.56,
            "roe_4q": -19.02,
            "gross_profit": 41932,
            "gross_margin": 7.13,
            "gross_margin_4q_avg": 17.97,
            "net_income": -285887,
            "net_income_4q": null,
            "revenue": 587794,
            "revenue_4q": null,
            "common_shares": 3025911,
            "book_valuer_per_share": 12.28,
            "book_valuer_per_share_4q_avg": 13.52,
            "equity": 3640906,
            "current_ratio": 375.03,
            "debt_ratio": 18.5,
            "inventory_turnover_ratio": 1.51,
            "account_receivable_turnover_ratio": 2.54,
            "reinvestment_rate": null,
            "research_to_sale_ratio": 41.6,
            "price_fair": 0.72,
            "eps_avg_yearly": 0.24,
            "eps_latest_yearly": 0.24,
            "eps_growth_yearly": -181.82
        },
        "20191": {
            "year_quarter": 20191,
            "year": 2019,
            "quarter": 1,
            "eps": -0.21,
            "eps_growth_year": null,
            "eps_4q": -2.46,
            "eps_4q_growth_year": null,
            "roe": -1.75,
            "roe_4q": -18.56,
            "gross_profit": 192307,
            "gross_margin": 34.53,
            "gross_margin_4q_avg": 19.02,
            "net_income": -63251,
            "net_income_4q": null,
            "revenue": 556974,
            "revenue_4q": null,
            "common_shares": 3025911,
            "book_valuer_per_share": 12.11,
            "book_valuer_per_share_4q_avg": 12.9,
            "equity": 3589281,
            "current_ratio": 350.33,
            "debt_ratio": 18.37,
            "inventory_turnover_ratio": 1.22,
            "account_receivable_turnover_ratio": 2.96,
            "reinvestment_rate": null,
            "research_to_sale_ratio": 36.82,
            "price_fair": 0.72,
            "eps_avg_yearly": 0.24,
            "eps_latest_yearly": 0.24,
            "eps_growth_yearly": -181.82
        },
        "20192": {
            "year_quarter": 20192,
            "year": 2019,
            "quarter": 2,
            "eps": -0.45,
            "eps_growth_year": null,
            "eps_4q": -2.32,
            "eps_4q_growth_year": null,
            "roe": -3.75,
            "roe_4q": -18.189999999999998,
            "gross_profit": 115236,
            "gross_margin": 26.34,
            "gross_margin_4q_avg": 20.25,
            "net_income": -132373,
            "net_income_4q": null,
            "revenue": 437495,
            "revenue_4q": null,
            "common_shares": 3025911,
            "book_valuer_per_share": 11.69,
            "book_valuer_per_share_4q_avg": 12.33,
            "equity": 3469020,
            "current_ratio": 384.38,
            "debt_ratio": 16.46,
            "inventory_turnover_ratio": 1.25,
            "account_receivable_turnover_ratio": 2.6,
            "reinvestment_rate": null,
            "research_to_sale_ratio": 48.28,
            "price_fair": 0.72,
            "eps_avg_yearly": 0.24,
            "eps_latest_yearly": 0.24,
            "eps_growth_yearly": -181.82
        },
        "20193": {
            "year_quarter": 20193,
            "year": 2019,
            "quarter": 3,
            "eps": -0.27,
            "eps_growth_year": null,
            "eps_4q": -2.81,
            "eps_4q_growth_year": null,
            "roe": -1.47,
            "roe_4q": -14.53,
            "gross_profit": 224482,
            "gross_margin": 45.97,
            "gross_margin_4q_avg": 28.49,
            "net_income": -50551,
            "net_income_4q": null,
            "revenue": 488346,
            "revenue_4q": null,
            "common_shares": 1925398,
            "book_valuer_per_share": 17.97,
            "book_valuer_per_share_4q_avg": 13.51,
            "equity": 3411124,
            "current_ratio": 377.96,
            "debt_ratio": 16.49,
            "inventory_turnover_ratio": 1.25,
            "account_receivable_turnover_ratio": 2.17,
            "reinvestment_rate": null,
            "research_to_sale_ratio": 42.2,
            "price_fair": 0.72,
            "eps_avg_yearly": 0.24,
            "eps_latest_yearly": 0.24,
            "eps_growth_yearly": -181.82
        },
        "20194": {
            "year_quarter": 20194,
            "year": 2019,
            "quarter": 4,
            "eps": -0.37,
            "eps_growth_year": null,
            "eps_4q": -1.67,
            "eps_4q_growth_year": null,
            "roe": -2.12,
            "roe_4q": -9.09,
            "gross_profit": 217620,
            "gross_margin": 41.16,
            "gross_margin_4q_avg": 37,
            "net_income": -71642,
            "net_income_4q": null,
            "revenue": 528700,
            "revenue_4q": null,
            "common_shares": 1925399,
            "book_valuer_per_share": 17.57,
            "book_valuer_per_share_4q_avg": 14.84,
            "equity": 3334735,
            "current_ratio": 382.15,
            "debt_ratio": 16.36,
            "inventory_turnover_ratio": 1.51,
            "account_receivable_turnover_ratio": 2.19,
            "reinvestment_rate": null,
            "research_to_sale_ratio": 39.57,
            "price_fair": 0,
            "eps_avg_yearly": 0,
            "eps_latest_yearly": 0,
            "eps_growth_yearly": 0
        },
        "20201": {
            "year_quarter": 20201,
            "year": 2020,
            "quarter": 1,
            "eps": -0.15,
            "eps_growth_year": null,
            "eps_4q": -1.49,
            "eps_4q_growth_year": null,
            "roe": -0.9,
            "roe_4q": -8.24,
            "gross_profit": 183109,
            "gross_margin": 36.77,
            "gross_margin_4q_avg": 37.56,
            "net_income": -29716,
            "net_income_4q": null,
            "revenue": 498026,
            "revenue_4q": null,
            "common_shares": 1925399,
            "book_valuer_per_share": 17.43,
            "book_valuer_per_share_4q_avg": 16.17,
            "equity": 3296415,
            "current_ratio": 395.39,
            "debt_ratio": 15.79,
            "inventory_turnover_ratio": 1.34,
            "account_receivable_turnover_ratio": 2.51,
            "reinvestment_rate": null,
            "research_to_sale_ratio": 34.83,
            "price_fair": 0,
            "eps_avg_yearly": 0,
            "eps_latest_yearly": 0,
            "eps_growth_yearly": 0
        },
        "20202": {
            "year_quarter": 20202,
            "year": 2020,
            "quarter": 2,
            "eps": -0.37,
            "eps_growth_year": null,
            "eps_4q": -1.17,
            "eps_4q_growth_year": null,
            "roe": -2.16,
            "roe_4q": -6.6499999999999995,
            "gross_profit": 147572,
            "gross_margin": 30.29,
            "gross_margin_4q_avg": 38.55,
            "net_income": -70010,
            "net_income_4q": null,
            "revenue": 487270,
            "revenue_4q": null,
            "common_shares": 1925399,
            "book_valuer_per_share": 17.03,
            "book_valuer_per_share_4q_avg": 17.5,
            "equity": 3196314,
            "current_ratio": 353.29,
            "debt_ratio": 17.59,
            "inventory_turnover_ratio": 1.12,
            "account_receivable_turnover_ratio": 3.22,
            "reinvestment_rate": null,
            "research_to_sale_ratio": 36.98,
            "price_fair": 0,
            "eps_avg_yearly": 0,
            "eps_latest_yearly": 0,
            "eps_growth_yearly": 0
        },
        "20203": {
            "year_quarter": 20203,
            "year": 2020,
            "quarter": 3,
            "eps": -0.37,
            "eps_growth_year": null,
            "eps_4q": -1.26,
            "eps_4q_growth_year": null,
            "roe": -2.17,
            "roe_4q": -7.3500000000000005,
            "gross_profit": 155427,
            "gross_margin": 30.39,
            "gross_margin_4q_avg": 34.65,
            "net_income": -68820,
            "net_income_4q": null,
            "revenue": 511427,
            "revenue_4q": null,
            "common_shares": 1944399,
            "book_valuer_per_share": 16.58,
            "book_valuer_per_share_4q_avg": 17.15,
            "equity": 3144615,
            "current_ratio": 375.78,
            "debt_ratio": 16.24,
            "inventory_turnover_ratio": 1.06,
            "account_receivable_turnover_ratio": 3.51,
            "reinvestment_rate": null,
            "research_to_sale_ratio": 33.5,
            "price_fair": 0,
            "eps_avg_yearly": 0,
            "eps_latest_yearly": 0,
            "eps_growth_yearly": 0
        },
        "20204": {
            "year_quarter": 20204,
            "year": 2020,
            "quarter": 4,
            "eps": -0.37,
            "eps_growth_year": null,
            "eps_4q": -1.26,
            "eps_4q_growth_year": null,
            "roe": -2.32,
            "roe_4q": -7.550000000000001,
            "gross_profit": 171602,
            "gross_margin": 29.85,
            "gross_margin_4q_avg": 31.83,
            "net_income": -72411,
            "net_income_4q": null,
            "revenue": 574892,
            "revenue_4q": null,
            "common_shares": 1945399,
            "book_valuer_per_share": 16.34,
            "book_valuer_per_share_4q_avg": 16.85,
            "equity": 3099079,
            "current_ratio": 308.55,
            "debt_ratio": 18.54,
            "inventory_turnover_ratio": 1.21,
            "account_receivable_turnover_ratio": 3.15,
            "reinvestment_rate": null,
            "research_to_sale_ratio": 32.93,
            "price_fair": 0,
            "eps_avg_yearly": 0,
            "eps_latest_yearly": 0,
            "eps_growth_yearly": 0
        },
        "20211": {
            "year_quarter": 20211,
            "year": 2021,
            "quarter": 1,
            "eps": -0.41,
            "eps_growth_year": null,
            "eps_4q": -1.5,
            "eps_4q_growth_year": null,
            "roe": -2.5,
            "roe_4q": -9.15,
            "gross_profit": 210514,
            "gross_margin": 37.02,
            "gross_margin_4q_avg": 31.89,
            "net_income": -77341,
            "net_income_4q": null,
            "revenue": 568577,
            "revenue_4q": null,
            "common_shares": 1938699,
            "book_valuer_per_share": 16.09,
            "book_valuer_per_share_4q_avg": 16.51,
            "equity": 3081330,
            "current_ratio": 344.23,
            "debt_ratio": 16.67,
            "inventory_turnover_ratio": 1.01,
            "account_receivable_turnover_ratio": 2.64,
            "reinvestment_rate": null,
            "research_to_sale_ratio": 35.58,
            "price_fair": 0,
            "eps_avg_yearly": 0,
            "eps_latest_yearly": 0,
            "eps_growth_yearly": 0
        },
        "20212": {
            "year_quarter": 20212,
            "year": 2021,
            "quarter": 2,
            "eps": -0.11,
            "eps_growth_year": null,
            "eps_4q": -1.25,
            "eps_4q_growth_year": null,
            "roe": -0.7,
            "roe_4q": -7.6899999999999995,
            "gross_profit": 269001,
            "gross_margin": 38.76,
            "gross_margin_4q_avg": 34.01,
            "net_income": -21669,
            "net_income_4q": null,
            "revenue": 694085,
            "revenue_4q": null,
            "common_shares": 1938699,
            "book_valuer_per_share": 16.01,
            "book_valuer_per_share_4q_avg": 16.26,
            "equity": 3071410,
            "current_ratio": 345.84,
            "debt_ratio": 16.81,
            "inventory_turnover_ratio": 1.11,
            "account_receivable_turnover_ratio": 2.99,
            "reinvestment_rate": null,
            "research_to_sale_ratio": 32.58,
            "price_fair": 0,
            "eps_avg_yearly": 0,
            "eps_latest_yearly": 0,
            "eps_growth_yearly": 0
        },
        "20213": {
            "year_quarter": 20213,
            "year": 2021,
            "quarter": 3,
            "eps": 0,
            "eps_growth_year": null,
            "eps_4q": -0.88,
            "eps_4q_growth_year": null,
            "roe": 0.04,
            "roe_4q": -5.48,
            "gross_profit": 295970,
            "gross_margin": 41.65,
            "gross_margin_4q_avg": 36.82,
            "net_income": 1128,
            "net_income_4q": null,
            "revenue": 710602,
            "revenue_4q": null,
            "common_shares": 1938699,
            "book_valuer_per_share": 15.99,
            "book_valuer_per_share_4q_avg": 16.11,
            "equity": 3074081,
            "current_ratio": 335.32,
            "debt_ratio": 17.58,
            "inventory_turnover_ratio": 1.02,
            "account_receivable_turnover_ratio": 2.82,
            "reinvestment_rate": null,
            "research_to_sale_ratio": 30.46,
            "price_fair": 0,
            "eps_avg_yearly": 0,
            "eps_latest_yearly": 0,
            "eps_growth_yearly": 0
        },
        "20214": {
            "year_quarter": 20214,
            "year": 2021,
            "quarter": 4,
            "eps": 0.04,
            "eps_growth_year": null,
            "eps_4q": -0.47,
            "eps_4q_growth_year": null,
            "roe": 0.27,
            "roe_4q": -2.89,
            "gross_profit": 291863,
            "gross_margin": 34.66,
            "gross_margin_4q_avg": 38.02,
            "net_income": 8232,
            "net_income_4q": null,
            "revenue": 842110,
            "revenue_4q": null,
            "common_shares": 1934499,
            "book_valuer_per_share": 16.11,
            "book_valuer_per_share_4q_avg": 16.05,
            "equity": 3094968,
            "current_ratio": 305.48,
            "debt_ratio": 18.75,
            "inventory_turnover_ratio": 1.38,
            "account_receivable_turnover_ratio": 2.74,
            "reinvestment_rate": null,
            "research_to_sale_ratio": 23.71,
            "price_fair": 0,
            "eps_avg_yearly": 0,
            "eps_latest_yearly": 0,
            "eps_growth_yearly": 0
        },
        "20221": {
            "year_quarter": 20221,
            "year": 2022,
            "quarter": 1,
            "eps": 0.06,
            "eps_growth_year": null,
            "eps_4q": -0.01,
            "eps_4q_growth_year": null,
            "roe": 0.41,
            "roe_4q": 0.020000000000000018,
            "gross_profit": 276574,
            "gross_margin": 38.66,
            "gross_margin_4q_avg": 38.43,
            "net_income": 12768,
            "net_income_4q": null,
            "revenue": 715439,
            "revenue_4q": null,
            "common_shares": 1938399,
            "book_valuer_per_share": 16.35,
            "book_valuer_per_share_4q_avg": 16.12,
            "equity": 3148062,
            "current_ratio": 337.46,
            "debt_ratio": 16.29,
            "inventory_turnover_ratio": 1.25,
            "account_receivable_turnover_ratio": 2.34,
            "reinvestment_rate": null,
            "research_to_sale_ratio": 25.86,
            "price_fair": 8.4,
            "eps_avg_yearly": 0.24,
            "eps_latest_yearly": 0.24,
            "eps_growth_yearly": 200
        },
        "20222": {
            "year_quarter": 20222,
            "year": 2022,
            "quarter": 2,
            "eps": 0.17,
            "eps_growth_year": null,
            "eps_4q": 0.27,
            "eps_4q_growth_year": null,
            "roe": 1.04,
            "roe_4q": 1.76,
            "gross_profit": 300397,
            "gross_margin": 40.56,
            "gross_margin_4q_avg": 38.88,
            "net_income": 33295,
            "net_income_4q": null,
            "revenue": 740606,
            "revenue_4q": null,
            "common_shares": 1934099,
            "book_valuer_per_share": 16.9,
            "book_valuer_per_share_4q_avg": 16.34,
            "equity": 3262778,
            "current_ratio": 298.92,
            "debt_ratio": 19.16,
            "inventory_turnover_ratio": 1.14,
            "account_receivable_turnover_ratio": 2.03,
            "reinvestment_rate": null,
            "research_to_sale_ratio": 21.46,
            "price_fair": 16.1,
            "eps_avg_yearly": 0.46,
            "eps_latest_yearly": 0.68,
            "eps_growth_yearly": 466.67
        },
        "20223": {
            "year_quarter": 20223,
            "year": 2022,
            "quarter": 3,
            "eps": 0,
            "eps_growth_year": null,
            "eps_4q": 0.27,
            "eps_4q_growth_year": null,
            "roe": 0.05,
            "roe_4q": 1.77,
            "gross_profit": 261047,
            "gross_margin": 47.59,
            "gross_margin_4q_avg": 40.37,
            "net_income": 1739,
            "net_income_4q": null,
            "revenue": 548565,
            "revenue_4q": null,
            "common_shares": 1941499,
            "book_valuer_per_share": 16.92,
            "book_valuer_per_share_4q_avg": 16.57,
            "equity": 3273640,
            "current_ratio": 367.53,
            "debt_ratio": 15.73,
            "inventory_turnover_ratio": 0.59,
            "account_receivable_turnover_ratio": 1.74,
            "reinvestment_rate": null,
            "research_to_sale_ratio": 26.56,
            "price_fair": 16.1,
            "eps_avg_yearly": 0.46,
            "eps_latest_yearly": 0.68,
            "eps_growth_yearly": 466.67
        },
        "20224": {
            "year_quarter": 20224,
            "year": 2022,
            "quarter": 4,
            "eps": -0.16,
            "eps_growth_year": -511.68,
            "eps_4q": 0.07,
            "eps_4q_growth_year": null,
            "roe": -0.95,
            "roe_4q": 0.55,
            "gross_profit": 198296,
            "gross_margin": 30.67,
            "gross_margin_4q_avg": 39.37,
            "net_income": -31133,
            "net_income_4q": null,
            "revenue": 646459,
            "revenue_4q": null,
            "common_shares": 1942019,
            "book_valuer_per_share": 16.9,
            "book_valuer_per_share_4q_avg": 16.77,
            "equity": 3266903,
            "current_ratio": 426.15,
            "debt_ratio": 13.18,
            "inventory_turnover_ratio": 1.06,
            "account_receivable_turnover_ratio": 3.36,
            "reinvestment_rate": null,
            "research_to_sale_ratio": 22.59,
            "price_fair": 16.1,
            "eps_avg_yearly": 0.46,
            "eps_latest_yearly": 0.68,
            "eps_growth_yearly": 466.67
        },
        "20231": {
            "year_quarter": 20231,
            "year": 2023,
            "quarter": 1,
            "eps": -0.64,
            "eps_growth_year": -1166.67,
            "eps_4q": -0.63,
            "eps_4q_growth_year": null,
            "roe": -3.87,
            "roe_4q": -3.7300000000000004,
            "gross_profit": 103427,
            "gross_margin": 26.38,
            "gross_margin_4q_avg": 36.3,
            "net_income": -124227,
            "net_income_4q": null,
            "revenue": 392071,
            "revenue_4q": null,
            "common_shares": 1942019,
            "book_valuer_per_share": 16.29,
            "book_valuer_per_share_4q_avg": 16.75,
            "equity": 3155792,
            "current_ratio": 334.29,
            "debt_ratio": 17.21,
            "inventory_turnover_ratio": 0.64,
            "account_receivable_turnover_ratio": 1.88,
            "reinvestment_rate": null,
            "research_to_sale_ratio": 38.67,
            "price_fair": 16.1,
            "eps_avg_yearly": 0.46,
            "eps_latest_yearly": 0.68,
            "eps_growth_yearly": 466.67
        },
        "20232": {
            "year_quarter": 20232,
            "year": 2023,
            "quarter": 2,
            "eps": -1.45,
            "eps_growth_year": -952.94,
            "eps_4q": -2.25,
            "eps_4q_growth_year": -919.63,
            "roe": -9.33,
            "roe_4q": -14.099999999999998,
            "gross_profit": 72449,
            "gross_margin": 22.08,
            "gross_margin_4q_avg": 31.68,
            "net_income": -280359,
            "net_income_4q": null,
            "revenue": 328159,
            "revenue_4q": null,
            "common_shares": 1938119,
            "book_valuer_per_share": 14.76,
            "book_valuer_per_share_4q_avg": 16.22,
            "equity": 2854786,
            "current_ratio": 314.85,
            "debt_ratio": 17.18,
            "inventory_turnover_ratio": 0.48,
            "account_receivable_turnover_ratio": 1.84,
            "reinvestment_rate": null,
            "research_to_sale_ratio": 85.2,
            "price_fair": 16.1,
            "eps_avg_yearly": 0.46,
            "eps_latest_yearly": 0.68,
            "eps_growth_yearly": 466.67
        }
    },
    "months": {
        "2002-08": {
            "month": "2002-08",
            "price": "52.30",
            "revenue": 511173
        },
        "2002-09": {
            "month": "2002-09",
            "price": "48.39",
            "revenue": 505086
        },
        "2002-10": {
            "month": "2002-10",
            "price": "47.75",
            "revenue": 519369
        },
        "2002-11": {
            "month": "2002-11",
            "price": "51.25",
            "revenue": 463683
        },
        "2002-12": {
            "month": "2002-12",
            "price": "44.64",
            "revenue": 403024
        },
        "2003-01": {
            "month": "2003-01",
            "price": "43.08",
            "revenue": 409085
        },
        "2003-02": {
            "month": "2003-02",
            "price": "39.20",
            "revenue": 321646
        },
        "2003-03": {
            "month": "2003-03",
            "price": "38.34",
            "revenue": 463218
        },
        "2003-04": {
            "month": "2003-04",
            "price": "36.85",
            "revenue": 587919
        },
        "2003-05": {
            "month": "2003-05",
            "price": "30.51",
            "revenue": 697119
        },
        "2003-06": {
            "month": "2003-06",
            "price": "43.79",
            "revenue": 629655
        },
        "2003-07": {
            "month": "2003-07",
            "price": "45.86",
            "revenue": 874509
        },
        "2003-08": {
            "month": "2003-08",
            "price": "38.25",
            "revenue": 482727
        },
        "2003-09": {
            "month": "2003-09",
            "price": "32.60",
            "revenue": 519428
        },
        "2003-10": {
            "month": "2003-10",
            "price": "29.66",
            "revenue": 580321
        },
        "2003-11": {
            "month": "2003-11",
            "price": "26.55",
            "revenue": 479034
        },
        "2003-12": {
            "month": "2003-12",
            "price": "27.53",
            "revenue": 632072
        },
        "2004-01": {
            "month": "2004-01",
            "price": "30.15",
            "revenue": 612157
        },
        "2004-02": {
            "month": "2004-02",
            "price": "33.62",
            "revenue": 638278
        },
        "2004-03": {
            "month": "2004-03",
            "price": "36.07",
            "revenue": 534733
        },
        "2004-04": {
            "month": "2004-04",
            "price": "30.12",
            "revenue": 484580
        },
        "2004-05": {
            "month": "2004-05",
            "price": "19.81",
            "revenue": 458389
        },
        "2004-06": {
            "month": "2004-06",
            "price": "17.66",
            "revenue": 384591
        },
        "2004-07": {
            "month": "2004-07",
            "price": "21.73",
            "revenue": 470272
        },
        "2004-08": {
            "month": "2004-08",
            "price": "23.55",
            "revenue": 471148
        },
        "2004-09": {
            "month": "2004-09",
            "price": "22.46",
            "revenue": 473588
        },
        "2004-10": {
            "month": "2004-10",
            "price": "19.92",
            "revenue": 463798
        },
        "2004-11": {
            "month": "2004-11",
            "price": "18.76",
            "revenue": 492408
        },
        "2004-12": {
            "month": "2004-12",
            "price": "20.10",
            "revenue": 605454
        },
        "2005-01": {
            "month": "2005-01",
            "price": "19.35",
            "revenue": 420523
        },
        "2005-02": {
            "month": "2005-02",
            "price": "19.53",
            "revenue": 209430
        },
        "2005-03": {
            "month": "2005-03",
            "price": "21.93",
            "revenue": 289347
        },
        "2005-04": {
            "month": "2005-04",
            "price": "20.00",
            "revenue": 343414
        },
        "2005-05": {
            "month": "2005-05",
            "price": "22.90",
            "revenue": 320380
        },
        "2005-06": {
            "month": "2005-06",
            "price": "30.02",
            "revenue": 348994
        },
        "2005-07": {
            "month": "2005-07",
            "price": "31.38",
            "revenue": 315954
        },
        "2005-08": {
            "month": "2005-08",
            "price": "34.45",
            "revenue": 366356
        },
        "2005-09": {
            "month": "2005-09",
            "price": "29.64",
            "revenue": 392762
        },
        "2005-10": {
            "month": "2005-10",
            "price": "29.19",
            "revenue": 376316
        },
        "2005-11": {
            "month": "2005-11",
            "price": "31.90",
            "revenue": 358879
        },
        "2005-12": {
            "month": "2005-12",
            "price": "36.91",
            "revenue": 385717
        },
        "2006-01": {
            "month": "2006-01",
            "price": "39.85",
            "revenue": 360470
        },
        "2006-02": {
            "month": "2006-02",
            "price": "38.58",
            "revenue": 299281
        },
        "2006-03": {
            "month": "2006-03",
            "price": "42.64",
            "revenue": 309139
        },
        "2006-04": {
            "month": "2006-04",
            "price": "42.44",
            "revenue": 264364
        },
        "2006-05": {
            "month": "2006-05",
            "price": "39.49",
            "revenue": 257596
        },
        "2006-06": {
            "month": "2006-06",
            "price": "34.16",
            "revenue": 213359
        },
        "2006-07": {
            "month": "2006-07",
            "price": "30.17",
            "revenue": 192392
        },
        "2006-08": {
            "month": "2006-08",
            "price": "31.54",
            "revenue": 217116
        },
        "2006-09": {
            "month": "2006-09",
            "price": "30.68",
            "revenue": 287802
        },
        "2006-10": {
            "month": "2006-10",
            "price": "35.16",
            "revenue": 303926
        },
        "2006-11": {
            "month": "2006-11",
            "price": "42.94",
            "revenue": 278974
        },
        "2006-12": {
            "month": "2006-12",
            "price": "46.35",
            "revenue": 278420
        },
        "2007-01": {
            "month": "2007-01",
            "price": "56.07",
            "revenue": 263026
        },
        "2007-02": {
            "month": "2007-02",
            "price": "52.03",
            "revenue": 171194
        },
        "2007-03": {
            "month": "2007-03",
            "price": "56.88",
            "revenue": 251595
        },
        "2007-04": {
            "month": "2007-04",
            "price": "59.12",
            "revenue": 316919
        },
        "2007-05": {
            "month": "2007-05",
            "price": "69.82",
            "revenue": 297078
        },
        "2007-06": {
            "month": "2007-06",
            "price": "81.54",
            "revenue": 266102
        },
        "2007-07": {
            "month": "2007-07",
            "price": "104.32",
            "revenue": 308980
        },
        "2007-08": {
            "month": "2007-08",
            "price": "116.83",
            "revenue": 390859
        },
        "2007-09": {
            "month": "2007-09",
            "price": "129.97",
            "revenue": 494780
        },
        "2007-10": {
            "month": "2007-10",
            "price": "112.11",
            "revenue": 400459
        },
        "2007-11": {
            "month": "2007-11",
            "price": "84.03",
            "revenue": 354707
        },
        "2007-12": {
            "month": "2007-12",
            "price": "63.00",
            "revenue": 303585
        },
        "2008-01": {
            "month": "2008-01",
            "price": "53.05",
            "revenue": 266694
        },
        "2008-02": {
            "month": "2008-02",
            "price": "46.98",
            "revenue": 157869
        },
        "2008-03": {
            "month": "2008-03",
            "price": "52.38",
            "revenue": 252471
        },
        "2008-04": {
            "month": "2008-04",
            "price": "56.80",
            "revenue": 215701
        },
        "2008-05": {
            "month": "2008-05",
            "price": "61.76",
            "revenue": 230160
        },
        "2008-06": {
            "month": "2008-06",
            "price": "46.40",
            "revenue": 245075
        },
        "2008-07": {
            "month": "2008-07",
            "price": "43.48",
            "revenue": 308262
        },
        "2008-08": {
            "month": "2008-08",
            "price": "44.06",
            "revenue": 327022
        },
        "2008-09": {
            "month": "2008-09",
            "price": "33.87",
            "revenue": 377754
        },
        "2008-10": {
            "month": "2008-10",
            "price": "23.73",
            "revenue": 331180
        },
        "2008-11": {
            "month": "2008-11",
            "price": "18.79",
            "revenue": 271692
        },
        "2008-12": {
            "month": "2008-12",
            "price": "18.70",
            "revenue": 226619
        },
        "2009-01": {
            "month": "2009-01",
            "price": "21.55",
            "revenue": 200451
        },
        "2009-02": {
            "month": "2009-02",
            "price": "22.61",
            "revenue": 241813
        },
        "2009-03": {
            "month": "2009-03",
            "price": "28.17",
            "revenue": 285913
        },
        "2009-04": {
            "month": "2009-04",
            "price": "38.19",
            "revenue": 457566
        },
        "2009-05": {
            "month": "2009-05",
            "price": "60.87",
            "revenue": 392228
        },
        "2009-06": {
            "month": "2009-06",
            "price": "57.05",
            "revenue": 358470
        },
        "2009-07": {
            "month": "2009-07",
            "price": "64.20",
            "revenue": 447241
        },
        "2009-08": {
            "month": "2009-08",
            "price": "62.09",
            "revenue": 514716
        },
        "2009-09": {
            "month": "2009-09",
            "price": "66.90",
            "revenue": 501646
        },
        "2009-10": {
            "month": "2009-10",
            "price": "68.76",
            "revenue": 532701
        },
        "2009-11": {
            "month": "2009-11",
            "price": "71.82",
            "revenue": 440385
        },
        "2009-12": {
            "month": "2009-12",
            "price": "77.08",
            "revenue": 350222
        },
        "2010-01": {
            "month": "2010-01",
            "price": "69.52",
            "revenue": 446103
        },
        "2010-02": {
            "month": "2010-02",
            "price": "65.38",
            "revenue": 351365
        },
        "2010-03": {
            "month": "2010-03",
            "price": "71.09",
            "revenue": 503382
        },
        "2010-04": {
            "month": "2010-04",
            "price": "71.44",
            "revenue": 425415
        },
        "2010-05": {
            "month": "2010-05",
            "price": "58.05",
            "revenue": 388452
        },
        "2010-06": {
            "month": "2010-06",
            "price": "52.57",
            "revenue": 255291
        },
        "2010-07": {
            "month": "2010-07",
            "price": "53.65",
            "revenue": 264651
        },
        "2010-08": {
            "month": "2010-08",
            "price": "52.24",
            "revenue": 327371
        },
        "2010-09": {
            "month": "2010-09",
            "price": "49.43",
            "revenue": 359404
        },
        "2010-10": {
            "month": "2010-10",
            "price": "47.27",
            "revenue": 283611
        },
        "2010-11": {
            "month": "2010-11",
            "price": "43.73",
            "revenue": 269347
        },
        "2010-12": {
            "month": "2010-12",
            "price": "45.58",
            "revenue": 284756
        },
        "2011-01": {
            "month": "2011-01",
            "price": "44.65",
            "revenue": 277475
        },
        "2011-02": {
            "month": "2011-02",
            "price": "40.41",
            "revenue": 163889
        },
        "2011-03": {
            "month": "2011-03",
            "price": "36.58",
            "revenue": 305435
        },
        "2011-04": {
            "month": "2011-04",
            "price": "37.40",
            "revenue": 319259
        },
        "2011-05": {
            "month": "2011-05",
            "price": "42.89",
            "revenue": 286669
        },
        "2011-06": {
            "month": "2011-06",
            "price": "42.36",
            "revenue": 273128
        },
        "2011-07": {
            "month": "2011-07",
            "price": "38.19",
            "revenue": 258335
        },
        "2011-08": {
            "month": "2011-08",
            "price": "30.40",
            "revenue": 302645
        },
        "2011-09": {
            "month": "2011-09",
            "price": "32.32",
            "revenue": 376308
        },
        "2011-10": {
            "month": "2011-10",
            "price": "35.93",
            "revenue": 308336
        },
        "2011-11": {
            "month": "2011-11",
            "price": "31.78",
            "revenue": 344231
        },
        "2011-12": {
            "month": "2011-12",
            "price": "28.94",
            "revenue": 467504
        },
        "2012-01": {
            "month": "2012-01",
            "price": "33.00",
            "revenue": 338212
        },
        "2012-02": {
            "month": "2012-02",
            "price": "46.24",
            "revenue": 471756
        },
        "2012-03": {
            "month": "2012-03",
            "price": "50.05",
            "revenue": 615618
        },
        "2012-04": {
            "month": "2012-04",
            "price": "47.02",
            "revenue": 526285
        },
        "2012-05": {
            "month": "2012-05",
            "price": "35.91",
            "revenue": 358254
        },
        "2012-06": {
            "month": "2012-06",
            "price": "32.86",
            "revenue": 406901
        },
        "2012-07": {
            "month": "2012-07",
            "price": "33.92",
            "revenue": 315396
        },
        "2012-08": {
            "month": "2012-08",
            "price": "30.80",
            "revenue": 356049
        },
        "2012-09": {
            "month": "2012-09",
            "price": "36.49",
            "revenue": 550637
        },
        "2012-10": {
            "month": "2012-10",
            "price": "36.26",
            "revenue": 422392
        },
        "2012-11": {
            "month": "2012-11",
            "price": "32.76",
            "revenue": 344248
        },
        "2012-12": {
            "month": "2012-12",
            "price": "33.72",
            "revenue": 416601
        },
        "2013-01": {
            "month": "2013-01",
            "price": "33.30",
            "revenue": 355547
        },
        "2013-02": {
            "month": "2013-02",
            "price": "33.59",
            "revenue": 224618
        },
        "2013-03": {
            "month": "2013-03",
            "price": "34.14",
            "revenue": 278281
        },
        "2013-04": {
            "month": "2013-04",
            "price": "31.22",
            "revenue": 327025
        },
        "2013-05": {
            "month": "2013-05",
            "price": "31.65",
            "revenue": 342898
        },
        "2013-06": {
            "month": "2013-06",
            "price": "30.80",
            "revenue": 284013
        },
        "2013-07": {
            "month": "2013-07",
            "price": "29.88",
            "revenue": 288866
        },
        "2013-08": {
            "month": "2013-08",
            "price": "31.19",
            "revenue": 354030
        },
        "2013-09": {
            "month": "2013-09",
            "price": "33.03",
            "revenue": 419712
        },
        "2013-10": {
            "month": "2013-10",
            "price": "32.64",
            "revenue": 388750
        },
        "2013-11": {
            "month": "2013-11",
            "price": "30.23",
            "revenue": 401764
        },
        "2013-12": {
            "month": "2013-12",
            "price": "30.02",
            "revenue": 490080
        },
        "2014-01": {
            "month": "2014-01",
            "price": "31.86",
            "revenue": 441964
        },
        "2014-02": {
            "month": "2014-02",
            "price": "32.17",
            "revenue": 286737
        },
        "2014-03": {
            "month": "2014-03",
            "price": "32.80",
            "revenue": 379328
        },
        "2014-04": {
            "month": "2014-04",
            "price": "33.20",
            "revenue": 352940
        },
        "2014-05": {
            "month": "2014-05",
            "price": "32.33",
            "revenue": 368746
        },
        "2014-06": {
            "month": "2014-06",
            "price": "33.21",
            "revenue": 295205
        },
        "2014-07": {
            "month": "2014-07",
            "price": "31.79",
            "revenue": 391477
        },
        "2014-08": {
            "month": "2014-08",
            "price": "28.58",
            "revenue": 454378
        },
        "2014-09": {
            "month": "2014-09",
            "price": "27.47",
            "revenue": 549974
        },
        "2014-10": {
            "month": "2014-10",
            "price": "25.61",
            "revenue": 391330
        },
        "2014-11": {
            "month": "2014-11",
            "price": "23.82",
            "revenue": 411233
        },
        "2014-12": {
            "month": "2014-12",
            "price": "25.11",
            "revenue": 324083
        },
        "2015-01": {
            "month": "2015-01",
            "price": "25.74",
            "revenue": 386904
        },
        "2015-02": {
            "month": "2015-02",
            "price": "25.49",
            "revenue": 224365
        },
        "2015-03": {
            "month": "2015-03",
            "price": "26.24",
            "revenue": 298621
        },
        "2015-04": {
            "month": "2015-04",
            "price": "23.36",
            "revenue": 244163
        },
        "2015-05": {
            "month": "2015-05",
            "price": "21.22",
            "revenue": 212440
        },
        "2015-06": {
            "month": "2015-06",
            "price": "16.82",
            "revenue": 201882
        },
        "2015-07": {
            "month": "2015-07",
            "price": "15.40",
            "revenue": 261909
        },
        "2015-08": {
            "month": "2015-08",
            "price": "12.73",
            "revenue": 340889
        },
        "2015-09": {
            "month": "2015-09",
            "price": "14.79",
            "revenue": 349512
        },
        "2015-10": {
            "month": "2015-10",
            "price": "15.66",
            "revenue": 318524
        },
        "2015-11": {
            "month": "2015-11",
            "price": "17.52",
            "revenue": 348781
        },
        "2015-12": {
            "month": "2015-12",
            "price": "18.05",
            "revenue": 443603
        },
        "2016-01": {
            "month": "2016-01",
            "price": "20.02",
            "revenue": 427323
        },
        "2016-02": {
            "month": "2016-02",
            "price": "25.87",
            "revenue": 292949
        },
        "2016-03": {
            "month": "2016-03",
            "price": "24.80",
            "revenue": 261464
        },
        "2016-04": {
            "month": "2016-04",
            "price": "21.26",
            "revenue": 263860
        },
        "2016-05": {
            "month": "2016-05",
            "price": "17.64",
            "revenue": 251202
        },
        "2016-06": {
            "month": "2016-06",
            "price": "17.25",
            "revenue": 281575
        },
        "2016-07": {
            "month": "2016-07",
            "price": "17.54",
            "revenue": 254328
        },
        "2016-08": {
            "month": "2016-08",
            "price": "17.46",
            "revenue": 272745
        },
        "2016-09": {
            "month": "2016-09",
            "price": "16.69",
            "revenue": 263804
        },
        "2016-10": {
            "month": "2016-10",
            "price": "15.58",
            "revenue": 247200
        },
        "2016-11": {
            "month": "2016-11",
            "price": "16.28",
            "revenue": 303940
        },
        "2016-12": {
            "month": "2016-12",
            "price": "16.22",
            "revenue": 286035
        },
        "2017-01": {
            "month": "2017-01",
            "price": "15.94",
            "revenue": 192661
        },
        "2017-02": {
            "month": "2017-02",
            "price": "16.69",
            "revenue": 224212
        },
        "2017-03": {
            "month": "2017-03",
            "price": "16.54",
            "revenue": 338085
        },
        "2017-04": {
            "month": "2017-04",
            "price": "15.69",
            "revenue": 292750
        },
        "2017-05": {
            "month": "2017-05",
            "price": "15.10",
            "revenue": 251486
        },
        "2017-06": {
            "month": "2017-06",
            "price": "15.88",
            "revenue": 355470
        },
        "2017-07": {
            "month": "2017-07",
            "price": "18.37",
            "revenue": 272763
        },
        "2017-08": {
            "month": "2017-08",
            "price": "20.93",
            "revenue": 282325
        },
        "2017-09": {
            "month": "2017-09",
            "price": "20.81",
            "revenue": 301986
        },
        "2017-10": {
            "month": "2017-10",
            "price": "19.44",
            "revenue": 251887
        },
        "2017-11": {
            "month": "2017-11",
            "price": "18.40",
            "revenue": 258369
        },
        "2017-12": {
            "month": "2017-12",
            "price": "16.64",
            "revenue": 165068
        },
        "2018-01": {
            "month": "2018-01",
            "price": "17.68",
            "revenue": 238635
        },
        "2018-02": {
            "month": "2018-02",
            "price": "16.51",
            "revenue": 147489
        },
        "2018-03": {
            "month": "2018-03",
            "price": "16.05",
            "revenue": 165812
        },
        "2018-04": {
            "month": "2018-04",
            "price": "14.31",
            "revenue": 203806
        },
        "2018-05": {
            "month": "2018-05",
            "price": "14.21",
            "revenue": 182396
        },
        "2018-06": {
            "month": "2018-06",
            "price": "15.71",
            "revenue": 213783
        },
        "2018-07": {
            "month": "2018-07",
            "price": "14.68",
            "revenue": 232767
        },
        "2018-08": {
            "month": "2018-08",
            "price": "13.58",
            "revenue": 231508
        },
        "2018-09": {
            "month": "2018-09",
            "price": "12.36",
            "revenue": 208597
        },
        "2018-10": {
            "month": "2018-10",
            "price": "10.79",
            "revenue": 208537
        },
        "2018-11": {
            "month": "2018-11",
            "price": "10.43",
            "revenue": 185458
        },
        "2018-12": {
            "month": "2018-12",
            "price": "11.68",
            "revenue": 193799
        },
        "2019-01": {
            "month": "2019-01",
            "price": "11.62",
            "revenue": 241897
        },
        "2019-02": {
            "month": "2019-02",
            "price": "12.20",
            "revenue": 177801
        },
        "2019-03": {
            "month": "2019-03",
            "price": "12.83",
            "revenue": 137276
        },
        "2019-04": {
            "month": "2019-04",
            "price": "12.76",
            "revenue": 126378
        },
        "2019-05": {
            "month": "2019-05",
            "price": "9.48",
            "revenue": 112687
        },
        "2019-06": {
            "month": "2019-06",
            "price": "9.43",
            "revenue": 198430
        },
        "2019-07": {
            "month": "2019-07",
            "price": "10.72",
            "revenue": 159394
        },
        "2019-08": {
            "month": "2019-08",
            "price": "11.25",
            "revenue": 186134
        },
        "2019-09": {
            "month": "2019-09",
            "price": "12.27",
            "revenue": 142818
        },
        "2019-10": {
            "month": "2019-10",
            "price": "13.59",
            "revenue": 150213
        },
        "2019-11": {
            "month": "2019-11",
            "price": "18.59",
            "revenue": 176404
        },
        "2019-12": {
            "month": "2019-12",
            "price": "18.20",
            "revenue": 202083
        },
        "2020-01": {
            "month": "2020-01",
            "price": "17.68",
            "revenue": 130328
        },
        "2020-02": {
            "month": "2020-02",
            "price": "16.74",
            "revenue": 207367
        },
        "2020-03": {
            "month": "2020-03",
            "price": "14.71",
            "revenue": 160331
        },
        "2020-04": {
            "month": "2020-04",
            "price": "14.31",
            "revenue": 139187
        },
        "2020-05": {
            "month": "2020-05",
            "price": "16.67",
            "revenue": 188225
        },
        "2020-06": {
            "month": "2020-06",
            "price": "19.39",
            "revenue": 159858
        },
        "2020-07": {
            "month": "2020-07",
            "price": "29.10",
            "revenue": 133384
        },
        "2020-08": {
            "month": "2020-08",
            "price": "26.33",
            "revenue": 205644
        },
        "2020-09": {
            "month": "2020-09",
            "price": "24.38",
            "revenue": 172399
        },
        "2020-10": {
            "month": "2020-10",
            "price": "26.08",
            "revenue": 164747
        },
        "2020-11": {
            "month": "2020-11",
            "price": "29.89",
            "revenue": 202253
        },
        "2020-12": {
            "month": "2020-12",
            "price": "31.05",
            "revenue": 207892
        },
        "2021-01": {
            "month": "2021-01",
            "price": "28.68",
            "revenue": 194768
        },
        "2021-02": {
            "month": "2021-02",
            "price": "28.00",
            "revenue": 158938
        },
        "2021-03": {
            "month": "2021-03",
            "price": "29.11",
            "revenue": 214871
        },
        "2021-04": {
            "month": "2021-04",
            "price": "31.23",
            "revenue": 244150
        },
        "2021-05": {
            "month": "2021-05",
            "price": "25.49",
            "revenue": 232544
        },
        "2021-06": {
            "month": "2021-06",
            "price": "27.19",
            "revenue": 217391
        },
        "2021-07": {
            "month": "2021-07",
            "price": "29.45",
            "revenue": 229345
        },
        "2021-08": {
            "month": "2021-08",
            "price": "28.56",
            "revenue": 241321
        },
        "2021-09": {
            "month": "2021-09",
            "price": "28.14",
            "revenue": 239936
        },
        "2021-10": {
            "month": "2021-10",
            "price": "25.57",
            "revenue": 223538
        },
        "2021-11": {
            "month": "2021-11",
            "price": "32.07",
            "revenue": 258271
        },
        "2021-12": {
            "month": "2021-12",
            "price": "36.21",
            "revenue": 360301
        },
        "2022-01": {
            "month": "2022-01",
            "price": "37.85",
            "revenue": 195325
        },
        "2022-02": {
            "month": "2022-02",
            "price": "35.18",
            "revenue": 254225
        },
        "2022-03": {
            "month": "2022-03",
            "price": "33.12",
            "revenue": 265889
        },
        "2022-04": {
            "month": "2022-04",
            "price": "29.76",
            "revenue": 241003
        },
        "2022-05": {
            "month": "2022-05",
            "price": "28.35",
            "revenue": 230102
        },
        "2022-06": {
            "month": "2022-06",
            "price": "26.50",
            "revenue": 269501
        },
        "2022-07": {
            "month": "2022-07",
            "price": "23.60",
            "revenue": 213652
        },
        "2022-08": {
            "month": "2022-08",
            "price": "24.85",
            "revenue": 157781
        },
        "2022-09": {
            "month": "2022-09",
            "price": "22.09",
            "revenue": 177132
        },
        "2022-10": {
            "month": "2022-10",
            "price": "18.51",
            "revenue": 137941
        },
        "2022-11": {
            "month": "2022-11",
            "price": "19.84",
            "revenue": 231305
        },
        "2022-12": {
            "month": "2022-12",
            "price": "21.27",
            "revenue": 277213
        },
        "2023-01": {
            "month": "2023-01",
            "price": "20.64",
            "revenue": 81896
        },
        "2023-02": {
            "month": "2023-02",
            "price": "22.24",
            "revenue": 165540
        },
        "2023-03": {
            "month": "2023-03",
            "price": "21.35",
            "revenue": 144635
        },
        "2023-04": {
            "month": "2023-04",
            "price": "20.54",
            "revenue": 128433
        },
        "2023-05": {
            "month": "2023-05",
            "price": "19.22",
            "revenue": 90578
        },
        "2023-06": {
            "month": "2023-06",
            "price": "19.64",
            "revenue": 109148
        },
        "2023-07": {
            "month": "2023-07",
            "price": "18.75",
            "revenue": 82696
        },
        "2023-08": {
            "month": "2023-08",
            "price": "17.87",
            "revenue": 96605
        },
        "2023-09": {
            "month": "2023-09",
            "price": "18.27",
            "revenue": 103875
        }
    }
}
