{
    "summary": {
        "stock_name": "晶技",
        "stock_id": "3042",
        "category": "電子零組件",
        "main_business": "石英元件之研發、製造及買賣<br>感測器元件之研發、製造及買賣",
        "website_url": "http://www.txccorp.com",
        "ceo": "郭雅屏",
        "pe_ratio": 11,
        "report_year_from": 2001,
        "report_year_to": 2023,
        "age": 22,
        "eps_negative_percentage": 0,
        "eps_growth_avg": {
            "last_all": 16.02,
            "last_2y": 63.32,
            "last_4y": 32.32,
            "last_8y": 18.34,
            "last_12y": 14.19,
            "last_16y": 12,
            "last_20y": 16.02,
            "at_2006_last_3y": 62.14,
            "at_2007_last_3y": 51.62,
            "at_2008_last_3y": 27.37,
            "at_2009_last_3y": 4.9,
            "at_2010_last_3y": 3.48,
            "at_2011_last_3y": -5.29,
            "at_2012_last_3y": 3.64,
            "at_2013_last_3y": 4.85,
            "at_2014_last_3y": -5.01,
            "at_2015_last_3y": -2.93,
            "at_2016_last_3y": -2.78,
            "at_2017_last_3y": 0.87,
            "at_2018_last_3y": -9.01,
            "at_2019_last_3y": -6.32,
            "at_2020_last_3y": 16.53,
            "at_2021_last_3y": 42.9,
            "at_2022_last_3y": 48.7,
            "at_2023_last_3y": 48.7,
            "at_2006_last_all": 36.75,
            "at_2007_last_all": 34.1,
            "at_2008_last_all": 25.27,
            "at_2009_last_all": 19,
            "at_2010_last_all": 21.96,
            "at_2011_last_all": 18.35,
            "at_2012_last_all": 17.41,
            "at_2013_last_all": 14.28,
            "at_2014_last_all": 13.67,
            "at_2015_last_all": 12.27,
            "at_2016_last_all": 12.02,
            "at_2017_last_all": 10.93,
            "at_2018_last_all": 8.33,
            "at_2019_last_all": 8.14,
            "at_2020_last_all": 12.97,
            "at_2021_last_all": 17.32,
            "at_2022_last_all": 16.02,
            "at_2023_last_all": 16.02
        },
        "latest_eps": 7.82,
        "latest_price": 89.4,
        "latest_roe": 18.58,
        "latest_gross_margin": 34.52,
        "latest_equity": 12830464,
        "latest_revenue": 2297988,
        "latest_gross_profit": 793286,
        "latest_net_income": 286770,
        "latest_debt_ratio": 33.39,
        "latest_current_ratio": 311.76,
        "latest_account_receivable_turnover_ratio": 0.73,
        "latest_inventory_turnover_ratio": 0.56,
        "latest_reinvestment_rate": 25.58,
        "latest_research_to_sale_ratio": 9.29
    },
    "eps_dividends": {
        "2000": {
            "cash": 0,
            "stock": 0.8,
            "eps": 0
        },
        "2001": {
            "cash": 0,
            "stock": 2.9,
            "eps": 1.76
        },
        "2002": {
            "cash": 0.2,
            "stock": 1.3,
            "eps": 0.62
        },
        "2003": {
            "cash": 0.1,
            "stock": 0.41,
            "eps": 1.01
        },
        "2004": {
            "cash": 0.3,
            "stock": 0,
            "eps": 1.71
        },
        "2005": {
            "cash": 0.48,
            "stock": 0.48,
            "eps": 2.82
        },
        "2006": {
            "cash": 1,
            "stock": 0.6,
            "eps": 4.27
        },
        "2007": {
            "cash": 1.94,
            "stock": 0.97,
            "eps": 5.16
        },
        "2008": {
            "cash": 1.98,
            "stock": 0.99,
            "eps": 3.73
        },
        "2009": {
            "cash": 2,
            "stock": 0.5,
            "eps": 2.8
        },
        "2010": {
            "cash": 2,
            "stock": 0.2,
            "eps": 4.08
        },
        "2011": {
            "cash": 4.7,
            "stock": 0.2,
            "eps": 3.5
        },
        "2012": {
            "cash": 0,
            "stock": 0,
            "eps": 3.78
        },
        "2013": {
            "cash": 2.2,
            "stock": 0,
            "eps": 3.02
        },
        "2014": {
            "cash": 2.2,
            "stock": 0,
            "eps": 3.21
        },
        "2015": {
            "cash": 2.5,
            "stock": 0,
            "eps": 3.02
        },
        "2016": {
            "cash": 2.5,
            "stock": 0,
            "eps": 3.28
        },
        "2017": {
            "cash": 2.8,
            "stock": 0,
            "eps": 3.1
        },
        "2018": {
            "cash": 2.5,
            "stock": 0,
            "eps": 2.07
        },
        "2019": {
            "cash": 2,
            "stock": 0,
            "eps": 2.17
        },
        "2020": {
            "cash": 2.5,
            "stock": 0,
            "eps": 4.61
        },
        "2021": {
            "cash": 3.8,
            "stock": 0,
            "eps": 10.07
        },
        "2022": {
            "cash": 7.5,
            "stock": 0,
            "eps": 9.06
        },
        "2023": {
            "cash": 7,
            "stock": 0,
            "eps": 0.93
        }
    },
    "dividends": {
        "2000-05-13": {
            "cash": 0,
            "stock": 0.8
        },
        "2001-04-26": {
            "cash": 0,
            "stock": 2.9
        },
        "2002-05-30": {
            "cash": 0.2,
            "stock": 1.3
        },
        "2003-04-25": {
            "cash": 0.1,
            "stock": 0.41
        },
        "2004-06-24": {
            "cash": 0.3,
            "stock": 0
        },
        "2005-04-26": {
            "cash": 0.48,
            "stock": 0.48
        },
        "2006-03-28": {
            "cash": 1,
            "stock": 0.6
        },
        "2007-04-26": {
            "cash": 1.94,
            "stock": 0.97
        },
        "2008-03-25": {
            "cash": 1.98,
            "stock": 0.99
        },
        "2009-04-29": {
            "cash": 2,
            "stock": 0.5
        },
        "2010-06-15": {
            "cash": 2,
            "stock": 0.2
        },
        "2011-01-01": {
            "cash": 2.2,
            "stock": 0
        },
        "2011-04-28": {
            "cash": 2.5,
            "stock": 0.2
        },
        "2013-04-29": {
            "cash": 2.2,
            "stock": 0
        },
        "2014-09-05": {
            "cash": 2.2,
            "stock": 0
        },
        "2015-09-18": {
            "cash": 2.5,
            "stock": 0
        },
        "2016-09-13": {
            "cash": 2.5,
            "stock": 0
        },
        "2017-09-15": {
            "cash": 2.8,
            "stock": 0
        },
        "2018-09-18": {
            "cash": 2.5,
            "stock": 0
        },
        "2019-09-11": {
            "cash": 2,
            "stock": 0
        },
        "2020-08-27": {
            "cash": 2.5,
            "stock": 0
        },
        "2021-09-10": {
            "cash": 3.8,
            "stock": 0
        },
        "2022-08-10": {
            "cash": 7.5,
            "stock": 0
        },
        "2023-03-06": {
            "cash": 7,
            "stock": 0
        }
    },
    "prices": {
        "200101": "無",
        "200102": "無",
        "200103": "無",
        "200104": "無",
        "200105": "無",
        "200106": "無",
        "200107": "無",
        "200108": "無",
        "200109": "無",
        "200110": "無",
        "200111": "無",
        "200112": "無",
        "200201": "無",
        "200202": "無",
        "200203": "無",
        "200204": "無",
        "200205": "無",
        "200206": "無",
        "200207": "無",
        "200208": "21.76",
        "200209": "18.91",
        "200210": "18.66",
        "200211": "18.64",
        "200212": "15.82",
        "200301": "15.04",
        "200302": "14.32",
        "200303": "12.54",
        "200304": "12.12",
        "200305": "13.21",
        "200306": "17.92",
        "200307": "20.50",
        "200308": "19.20",
        "200309": "18.22",
        "200310": "19.89",
        "200311": "23.84",
        "200312": "24.42",
        "200401": "24.37",
        "200402": "24.68",
        "200403": "24.02",
        "200404": "23.84",
        "200405": "18.98",
        "200406": "18.50",
        "200407": "16.01",
        "200408": "15.28",
        "200409": "16.54",
        "200410": "15.31",
        "200411": "15.77",
        "200412": "16.27",
        "200501": "15.06",
        "200502": "16.79",
        "200503": "20.03",
        "200504": "20.35",
        "200505": "19.64",
        "200506": "22.20",
        "200507": "24.51",
        "200508": "22.41",
        "200509": "21.81",
        "200510": "23.00",
        "200511": "23.20",
        "200512": "27.20",
        "200601": "31.37",
        "200602": "30.46",
        "200603": "32.02",
        "200604": "39.74",
        "200605": "49.83",
        "200606": "40.62",
        "200607": "43.19",
        "200608": "47.93",
        "200609": "52.50",
        "200610": "50.97",
        "200611": "52.50",
        "200612": "52.14",
        "200701": "56.49",
        "200702": "56.58",
        "200703": "56.91",
        "200704": "61.19",
        "200705": "64.02",
        "200706": "68.66",
        "200707": "79.27",
        "200708": "67.10",
        "200709": "72.79",
        "200710": "71.43",
        "200711": "61.19",
        "200712": "56.21",
        "200801": "43.98",
        "200802": "43.07",
        "200803": "42.99",
        "200804": "52.31",
        "200805": "59.31",
        "200806": "57.05",
        "200807": "53.31",
        "200808": "51.05",
        "200809": "46.03",
        "200810": "34.95",
        "200811": "24.60",
        "200812": "21.73",
        "200901": "21.86",
        "200902": "25.03",
        "200903": "27.79",
        "200904": "31.78",
        "200905": "34.96",
        "200906": "32.80",
        "200907": "35.96",
        "200908": "40.43",
        "200909": "42.82",
        "200910": "45.36",
        "200911": "45.50",
        "200912": "52.61",
        "201001": "54.66",
        "201002": "50.14",
        "201003": "53.48",
        "201004": "54.54",
        "201005": "52.41",
        "201006": "51.11",
        "201007": "54.10",
        "201008": "54.43",
        "201009": "56.79",
        "201010": "55.40",
        "201011": "56.62",
        "201012": "56.94",
        "201101": "56.60",
        "201102": "54.40",
        "201103": "54.27",
        "201104": "56.36",
        "201105": "55.37",
        "201106": "52.61",
        "201107": "47.84",
        "201108": "36.69",
        "201109": "34.87",
        "201110": "37.02",
        "201111": "35.30",
        "201112": "34.84",
        "201201": "35.98",
        "201202": "44.50",
        "201203": "46.45",
        "201204": "45.08",
        "201205": "42.87",
        "201206": "42.80",
        "201207": "45.58",
        "201208": "46.67",
        "201209": "48.16",
        "201210": "50.13",
        "201211": "49.72",
        "201212": "48.58",
        "201301": "46.79",
        "201302": "47.78",
        "201303": "45.25",
        "201304": "44.15",
        "201305": "44.87",
        "201306": "41.35",
        "201307": "40.58",
        "201308": "41.19",
        "201309": "40.41",
        "201310": "36.72",
        "201311": "32.10",
        "201312": "32.68",
        "201401": "37.05",
        "201402": "35.65",
        "201403": "37.27",
        "201404": "42.43",
        "201405": "44.54",
        "201406": "46.62",
        "201407": "46.12",
        "201408": "43.03",
        "201409": "41.83",
        "201410": "38.90",
        "201411": "35.40",
        "201412": "36.61",
        "201501": "38.18",
        "201502": "37.71",
        "201503": "39.39",
        "201504": "40.08",
        "201505": "41.00",
        "201506": "41.09",
        "201507": "36.91",
        "201508": "32.80",
        "201509": "33.88",
        "201510": "36.43",
        "201511": "35.74",
        "201512": "35.50",
        "201601": "34.25",
        "201602": "36.71",
        "201603": "41.98",
        "201604": "41.93",
        "201605": "43.29",
        "201606": "44.75",
        "201607": "45.03",
        "201608": "42.63",
        "201609": "41.69",
        "201610": "43.77",
        "201611": "41.41",
        "201612": "41.12",
        "201701": "41.18",
        "201702": "44.78",
        "201703": "44.53",
        "201704": "42.99",
        "201705": "44.04",
        "201706": "44.56",
        "201707": "44.06",
        "201708": "41.88",
        "201709": "40.16",
        "201710": "40.36",
        "201711": "40.18",
        "201712": "39.41",
        "201801": "40.88",
        "201802": "39.60",
        "201803": "38.98",
        "201804": "37.64",
        "201805": "36.97",
        "201806": "37.52",
        "201807": "37.09",
        "201808": "36.30",
        "201809": "34.59",
        "201810": "32.58",
        "201811": "32.52",
        "201812": "32.62",
        "201901": "32.76",
        "201902": "33.85",
        "201903": "33.67",
        "201904": "34.56",
        "201905": "34.92",
        "201906": "33.99",
        "201907": "36.50",
        "201908": "38.89",
        "201909": "40.32",
        "201910": "38.83",
        "201911": "38.69",
        "201912": "46.62",
        "202001": "46.45",
        "202002": "45.29",
        "202003": "44.53",
        "202004": "56.91",
        "202005": "57.82",
        "202006": "59.94",
        "202007": "70.40",
        "202008": "80.08",
        "202009": "78.71",
        "202010": "76.26",
        "202011": "78.32",
        "202012": "75.90",
        "202101": "82.72",
        "202102": "96.37",
        "202103": "97.78",
        "202104": "110.16",
        "202105": "100.39",
        "202106": "116.40",
        "202107": "127.41",
        "202108": "117.48",
        "202109": "107.62",
        "202110": "99.92",
        "202111": "105.44",
        "202112": "103.96",
        "202201": "101.50",
        "202202": "95.63",
        "202203": "99.79",
        "202204": "96.04",
        "202205": "91.98",
        "202206": "98.32",
        "202207": "86.66",
        "202208": "87.87",
        "202209": "81.64",
        "202210": "74.26",
        "202211": "80.89",
        "202212": "83.79",
        "202301": "83.70",
        "202302": "87.42",
        "202303": "87.77",
        "202304": "86.92",
        "202305": "86.74"
    },
    "quarters": {
        "20011": {
            "year_quarter": 20011,
            "year": 2001,
            "quarter": 1,
            "eps": 1,
            "eps_growth_year": 42.86,
            "eps_4q": 4.29,
            "eps_4q_growth_year": null,
            "roe": 6.8,
            "roe_4q": 6.8,
            "gross_profit": 145375,
            "gross_margin": 26.29,
            "gross_margin_4q_avg": 26.29,
            "net_income": 82032,
            "revenue": 552893,
            "common_shares": 822018,
            "book_valuer_per_share": 15.18,
            "book_valuer_per_share_4q_avg": 15.18,
            "equity": 1247669,
            "current_ratio": 143.16,
            "debt_ratio": 49.67,
            "inventory_turnover_ratio": 0.92,
            "account_receivable_turnover_ratio": null,
            "reinvestment_rate": null,
            "research_to_sale_ratio": null,
            "price_fair": 0,
            "eps_avg_yearly": 0,
            "eps_latest_yearly": 0,
            "eps_growth_yearly": 0
        },
        "20012": {
            "year_quarter": 20012,
            "year": 2001,
            "quarter": 2,
            "eps": 0.46,
            "eps_growth_year": -35.21,
            "eps_4q": 3.16,
            "eps_4q_growth_year": null,
            "roe": 3.98,
            "roe_4q": 10.78,
            "gross_profit": 115526,
            "gross_margin": 22.91,
            "gross_margin_4q_avg": 24.6,
            "net_income": 50680,
            "revenue": 504323,
            "common_shares": 1103485,
            "book_valuer_per_share": 11.76,
            "book_valuer_per_share_4q_avg": 13.47,
            "equity": 1297658,
            "current_ratio": 146,
            "debt_ratio": 47.14,
            "inventory_turnover_ratio": 0.95,
            "account_receivable_turnover_ratio": null,
            "reinvestment_rate": null,
            "research_to_sale_ratio": null,
            "price_fair": 0,
            "eps_avg_yearly": 0,
            "eps_latest_yearly": 0,
            "eps_growth_yearly": 0
        },
        "20013": {
            "year_quarter": 20013,
            "year": 2001,
            "quarter": 3,
            "eps": 0.28,
            "eps_growth_year": -81.33,
            "eps_4q": 2.3,
            "eps_4q_growth_year": null,
            "roe": 2.03,
            "roe_4q": 12.809999999999999,
            "gross_profit": 100123,
            "gross_margin": 21.94,
            "gross_margin_4q_avg": 23.71,
            "net_income": 31252,
            "revenue": 456345,
            "common_shares": 1203485,
            "book_valuer_per_share": 14.78,
            "book_valuer_per_share_4q_avg": 13.91,
            "equity": 1779087,
            "current_ratio": 207.23,
            "debt_ratio": 33.61,
            "inventory_turnover_ratio": 0.97,
            "account_receivable_turnover_ratio": null,
            "reinvestment_rate": null,
            "research_to_sale_ratio": null,
            "price_fair": 0,
            "eps_avg_yearly": 0,
            "eps_latest_yearly": 0,
            "eps_growth_yearly": 0
        },
        "20014": {
            "year_quarter": 20014,
            "year": 2001,
            "quarter": 4,
            "eps": 0.02,
            "eps_growth_year": -98.23,
            "eps_4q": 1.59,
            "eps_4q_growth_year": -59.62,
            "roe": 0.12,
            "roe_4q": 12.93,
            "gross_profit": 64118,
            "gross_margin": 14.46,
            "gross_margin_4q_avg": 21.4,
            "net_income": 2085,
            "revenue": 443453,
            "common_shares": 1203485,
            "book_valuer_per_share": 14.24,
            "book_valuer_per_share_4q_avg": 13.99,
            "equity": 1713699,
            "current_ratio": 177.65,
            "debt_ratio": 36.41,
            "inventory_turnover_ratio": 1,
            "account_receivable_turnover_ratio": null,
            "reinvestment_rate": null,
            "research_to_sale_ratio": null,
            "price_fair": 0,
            "eps_avg_yearly": 0,
            "eps_latest_yearly": 0,
            "eps_growth_yearly": 0
        },
        "20021": {
            "year_quarter": 20021,
            "year": 2002,
            "quarter": 1,
            "eps": 0.14,
            "eps_growth_year": -86,
            "eps_4q": 0.85,
            "eps_4q_growth_year": -80.25,
            "roe": 0.95,
            "roe_4q": 7.08,
            "gross_profit": 71570,
            "gross_margin": 16.55,
            "gross_margin_4q_avg": 18.97,
            "net_income": 16629,
            "revenue": 432343,
            "common_shares": 1203485,
            "book_valuer_per_share": 14.95,
            "book_valuer_per_share_4q_avg": 13.93,
            "equity": 1798872,
            "current_ratio": 202.32,
            "debt_ratio": 32.59,
            "inventory_turnover_ratio": 0.89,
            "account_receivable_turnover_ratio": null,
            "reinvestment_rate": null,
            "research_to_sale_ratio": null,
            "price_fair": 19.6,
            "eps_avg_yearly": 0.56,
            "eps_latest_yearly": 0.56,
            "eps_growth_yearly": 2400
        },
        "20022": {
            "year_quarter": 20022,
            "year": 2002,
            "quarter": 2,
            "eps": 0.25,
            "eps_growth_year": -45.65,
            "eps_4q": 0.62,
            "eps_4q_growth_year": -80.52,
            "roe": 1.89,
            "roe_4q": 4.99,
            "gross_profit": 72120,
            "gross_margin": 16.35,
            "gross_margin_4q_avg": 17.33,
            "net_income": 34094,
            "revenue": 441080,
            "common_shares": 1203485,
            "book_valuer_per_share": 14.95,
            "book_valuer_per_share_4q_avg": 14.73,
            "equity": 1799742,
            "current_ratio": 214.28,
            "debt_ratio": 32.84,
            "inventory_turnover_ratio": 0.88,
            "account_receivable_turnover_ratio": null,
            "reinvestment_rate": null,
            "research_to_sale_ratio": null,
            "price_fair": 27.3,
            "eps_avg_yearly": 0.78,
            "eps_latest_yearly": 1,
            "eps_growth_yearly": 1357.14
        },
        "20023": {
            "year_quarter": 20023,
            "year": 2002,
            "quarter": 3,
            "eps": 0.12,
            "eps_growth_year": -57.14,
            "eps_4q": 0.49,
            "eps_4q_growth_year": -78.65,
            "roe": 0.94,
            "roe_4q": 3.9000000000000004,
            "gross_profit": 65097,
            "gross_margin": 14.78,
            "gross_margin_4q_avg": 15.54,
            "net_income": 17055,
            "revenue": 440525,
            "common_shares": 1376731,
            "book_valuer_per_share": 13.24,
            "book_valuer_per_share_4q_avg": 14.35,
            "equity": 1823440,
            "current_ratio": 215.91,
            "debt_ratio": 33.01,
            "inventory_turnover_ratio": 0.88,
            "account_receivable_turnover_ratio": null,
            "reinvestment_rate": null,
            "research_to_sale_ratio": null,
            "price_fair": 23.8,
            "eps_avg_yearly": 0.68,
            "eps_latest_yearly": 0.48,
            "eps_growth_yearly": 835.43
        },
        "20024": {
            "year_quarter": 20024,
            "year": 2002,
            "quarter": 4,
            "eps": 0.11,
            "eps_growth_year": 450,
            "eps_4q": 0.6,
            "eps_4q_growth_year": -62.53,
            "roe": 0.84,
            "roe_4q": 4.62,
            "gross_profit": 53569,
            "gross_margin": 11.79,
            "gross_margin_4q_avg": 14.87,
            "net_income": 15313,
            "revenue": 454373,
            "common_shares": 1376731,
            "book_valuer_per_share": 13.33,
            "book_valuer_per_share_4q_avg": 14.12,
            "equity": 1835861,
            "current_ratio": 162.25,
            "debt_ratio": 37.15,
            "inventory_turnover_ratio": 0.89,
            "account_receivable_turnover_ratio": null,
            "reinvestment_rate": null,
            "research_to_sale_ratio": null,
            "price_fair": 21.7,
            "eps_avg_yearly": 0.62,
            "eps_latest_yearly": 0.44,
            "eps_growth_yearly": 618.24
        },
        "20031": {
            "year_quarter": 20031,
            "year": 2003,
            "quarter": 1,
            "eps": 0.08,
            "eps_growth_year": -42.86,
            "eps_4q": 0.59,
            "eps_4q_growth_year": -30.76,
            "roe": 0.58,
            "roe_4q": 4.25,
            "gross_profit": 59750,
            "gross_margin": 15.6,
            "gross_margin_4q_avg": 14.63,
            "net_income": 10493,
            "revenue": 382995,
            "common_shares": 1376731,
            "book_valuer_per_share": 13.09,
            "book_valuer_per_share_4q_avg": 13.65,
            "equity": 1802267,
            "current_ratio": 164.6,
            "debt_ratio": 34.06,
            "inventory_turnover_ratio": 0.71,
            "account_receivable_turnover_ratio": null,
            "reinvestment_rate": null,
            "research_to_sale_ratio": null,
            "price_fair": 19.6,
            "eps_avg_yearly": 0.56,
            "eps_latest_yearly": 0.32,
            "eps_growth_yearly": 472.77
        },
        "20032": {
            "year_quarter": 20032,
            "year": 2003,
            "quarter": 2,
            "eps": 0.21,
            "eps_growth_year": -16,
            "eps_4q": 0.51,
            "eps_4q_growth_year": -18.07,
            "roe": 1.69,
            "roe_4q": 4.05,
            "gross_profit": 86075,
            "gross_margin": 19.29,
            "gross_margin_4q_avg": 15.37,
            "net_income": 30508,
            "revenue": 446248,
            "common_shares": 1376731,
            "book_valuer_per_share": 13.19,
            "book_valuer_per_share_4q_avg": 13.21,
            "equity": 1816394,
            "current_ratio": 146.9,
            "debt_ratio": 35.57,
            "inventory_turnover_ratio": 0.79,
            "account_receivable_turnover_ratio": null,
            "reinvestment_rate": null,
            "research_to_sale_ratio": null,
            "price_fair": 21.23,
            "eps_avg_yearly": 0.61,
            "eps_latest_yearly": 0.84,
            "eps_growth_yearly": 502.31
        },
        "20033": {
            "year_quarter": 20033,
            "year": 2003,
            "quarter": 3,
            "eps": 0.34,
            "eps_growth_year": 183.33,
            "eps_4q": 0.74,
            "eps_4q_growth_year": 49.63,
            "roe": 2.63,
            "roe_4q": 5.74,
            "gross_profit": 114049,
            "gross_margin": 16.34,
            "gross_margin_4q_avg": 15.76,
            "net_income": 48408,
            "revenue": 698019,
            "common_shares": 1441405,
            "book_valuer_per_share": 12.9,
            "book_valuer_per_share_4q_avg": 13.13,
            "equity": 1858921,
            "current_ratio": 162.34,
            "debt_ratio": 37.74,
            "inventory_turnover_ratio": 1.24,
            "account_receivable_turnover_ratio": null,
            "reinvestment_rate": null,
            "research_to_sale_ratio": null,
            "price_fair": 25,
            "eps_avg_yearly": 0.71,
            "eps_latest_yearly": 1.36,
            "eps_growth_yearly": 465.93
        },
        "20034": {
            "year_quarter": 20034,
            "year": 2003,
            "quarter": 4,
            "eps": 0.38,
            "eps_growth_year": 245.45,
            "eps_4q": 1.02,
            "eps_4q_growth_year": 70.87,
            "roe": 2.78,
            "roe_4q": 7.68,
            "gross_profit": 124139,
            "gross_margin": 19.22,
            "gross_margin_4q_avg": 17.61,
            "net_income": 53097,
            "revenue": 645797,
            "common_shares": 1441405,
            "book_valuer_per_share": 13.58,
            "book_valuer_per_share_4q_avg": 13.19,
            "equity": 1957105,
            "current_ratio": 179.06,
            "debt_ratio": 49.66,
            "inventory_turnover_ratio": 0.96,
            "account_receivable_turnover_ratio": null,
            "reinvestment_rate": 133.16,
            "research_to_sale_ratio": null,
            "price_fair": 28.53,
            "eps_avg_yearly": 0.82,
            "eps_latest_yearly": 1.52,
            "eps_growth_yearly": 413.57
        },
        "20041": {
            "year_quarter": 20041,
            "year": 2004,
            "quarter": 1,
            "eps": 0.38,
            "eps_growth_year": 375,
            "eps_4q": 1.29,
            "eps_4q_growth_year": 120.6,
            "roe": 2.76,
            "roe_4q": 9.859999999999998,
            "gross_profit": 108436,
            "gross_margin": 18.66,
            "gross_margin_4q_avg": 18.38,
            "net_income": 54868,
            "revenue": 581001,
            "common_shares": 1441405,
            "book_valuer_per_share": 13.96,
            "book_valuer_per_share_4q_avg": 13.41,
            "equity": 2012678,
            "current_ratio": 184.15,
            "debt_ratio": 43.02,
            "inventory_turnover_ratio": 0.78,
            "account_receivable_turnover_ratio": null,
            "reinvestment_rate": 46.4,
            "research_to_sale_ratio": null,
            "price_fair": 31.27,
            "eps_avg_yearly": 0.89,
            "eps_latest_yearly": 1.52,
            "eps_growth_yearly": 367.62
        },
        "20042": {
            "year_quarter": 20042,
            "year": 2004,
            "quarter": 2,
            "eps": 0.43,
            "eps_growth_year": 104.76,
            "eps_4q": 1.5,
            "eps_4q_growth_year": 197.57,
            "roe": 2.99,
            "roe_4q": 11.16,
            "gross_profit": 140844,
            "gross_margin": 19.99,
            "gross_margin_4q_avg": 18.55,
            "net_income": 62676,
            "revenue": 704590,
            "common_shares": 1518105,
            "book_valuer_per_share": 14.34,
            "book_valuer_per_share_4q_avg": 13.7,
            "equity": 2176238,
            "current_ratio": 162.62,
            "debt_ratio": 42.21,
            "inventory_turnover_ratio": 0.88,
            "account_receivable_turnover_ratio": null,
            "reinvestment_rate": 30.44,
            "research_to_sale_ratio": null,
            "price_fair": 34.16,
            "eps_avg_yearly": 0.98,
            "eps_latest_yearly": 1.72,
            "eps_growth_yearly": 336.12
        },
        "20043": {
            "year_quarter": 20043,
            "year": 2004,
            "quarter": 3,
            "eps": 0.55,
            "eps_growth_year": 61.76,
            "eps_4q": 1.65,
            "eps_4q_growth_year": 123.69,
            "roe": 3.86,
            "roe_4q": 12.389999999999999,
            "gross_profit": 154807,
            "gross_margin": 20.37,
            "gross_margin_4q_avg": 19.56,
            "net_income": 85685,
            "revenue": 759962,
            "common_shares": 1607847,
            "book_valuer_per_share": 14.09,
            "book_valuer_per_share_4q_avg": 13.99,
            "equity": 2265042,
            "current_ratio": 170.82,
            "debt_ratio": 41.2,
            "inventory_turnover_ratio": 0.91,
            "account_receivable_turnover_ratio": null,
            "reinvestment_rate": 24.95,
            "research_to_sale_ratio": null,
            "price_fair": 38.05,
            "eps_avg_yearly": 1.09,
            "eps_latest_yearly": 2.2,
            "eps_growth_yearly": 315.71
        },
        "20044": {
            "year_quarter": 20044,
            "year": 2004,
            "quarter": 4,
            "eps": 0.35,
            "eps_growth_year": -7.89,
            "eps_4q": 1.65,
            "eps_4q_growth_year": 61.3,
            "roe": 2.42,
            "roe_4q": 12.03,
            "gross_profit": 166996,
            "gross_margin": 19.93,
            "gross_margin_4q_avg": 19.74,
            "net_income": 54926,
            "revenue": 838087,
            "common_shares": 1607847,
            "book_valuer_per_share": 14.2,
            "book_valuer_per_share_4q_avg": 14.15,
            "equity": 2283591,
            "current_ratio": 190.12,
            "debt_ratio": 43.27,
            "inventory_turnover_ratio": 1.04,
            "account_receivable_turnover_ratio": null,
            "reinvestment_rate": 93.8,
            "research_to_sale_ratio": null,
            "price_fair": 38.97,
            "eps_avg_yearly": 1.11,
            "eps_latest_yearly": 1.4,
            "eps_growth_yearly": 277.28
        },
        "20051": {
            "year_quarter": 20051,
            "year": 2005,
            "quarter": 1,
            "eps": 0.45,
            "eps_growth_year": 18.42,
            "eps_4q": 1.7,
            "eps_4q_growth_year": 31.63,
            "roe": 3.1,
            "roe_4q": 12.37,
            "gross_profit": 184930,
            "gross_margin": 24.53,
            "gross_margin_4q_avg": 21.21,
            "net_income": 72968,
            "revenue": 753968,
            "common_shares": 1631339,
            "book_valuer_per_share": 14.88,
            "book_valuer_per_share_4q_avg": 14.38,
            "equity": 2428027,
            "current_ratio": 230.24,
            "debt_ratio": 35.27,
            "inventory_turnover_ratio": 0.98,
            "account_receivable_turnover_ratio": null,
            "reinvestment_rate": 13.12,
            "research_to_sale_ratio": null,
            "price_fair": 40.82,
            "eps_avg_yearly": 1.17,
            "eps_latest_yearly": 1.8,
            "eps_growth_yearly": 264.74
        },
        "20052": {
            "year_quarter": 20052,
            "year": 2005,
            "quarter": 2,
            "eps": 0.67,
            "eps_growth_year": 55.81,
            "eps_4q": 1.99,
            "eps_4q_growth_year": 32.58,
            "roe": 4.38,
            "roe_4q": 13.76,
            "gross_profit": 193115,
            "gross_margin": 24.01,
            "gross_margin_4q_avg": 22.21,
            "net_income": 108201,
            "revenue": 804432,
            "common_shares": 1680681,
            "book_valuer_per_share": 14.93,
            "book_valuer_per_share_4q_avg": 14.53,
            "equity": 2508515,
            "current_ratio": 198.47,
            "debt_ratio": 36.25,
            "inventory_turnover_ratio": 1.13,
            "account_receivable_turnover_ratio": null,
            "reinvestment_rate": 3.32,
            "research_to_sale_ratio": null,
            "price_fair": 44.6,
            "eps_avg_yearly": 1.27,
            "eps_latest_yearly": 2.68,
            "eps_growth_yearly": 259.8
        },
        "20053": {
            "year_quarter": 20053,
            "year": 2005,
            "quarter": 3,
            "eps": 0.59,
            "eps_growth_year": 7.27,
            "eps_4q": 1.94,
            "eps_4q_growth_year": 17.63,
            "roe": 3.95,
            "roe_4q": 13.85,
            "gross_profit": 222969,
            "gross_margin": 25.38,
            "gross_margin_4q_avg": 23.46,
            "net_income": 103542,
            "revenue": 878468,
            "common_shares": 1815579,
            "book_valuer_per_share": 15.06,
            "book_valuer_per_share_4q_avg": 14.77,
            "equity": 2734965,
            "current_ratio": 199.67,
            "debt_ratio": 34,
            "inventory_turnover_ratio": 1.15,
            "account_receivable_turnover_ratio": null,
            "reinvestment_rate": 2.9,
            "research_to_sale_ratio": null,
            "price_fair": 47.13,
            "eps_avg_yearly": 1.35,
            "eps_latest_yearly": 2.36,
            "eps_growth_yearly": 239.29
        },
        "20054": {
            "year_quarter": 20054,
            "year": 2005,
            "quarter": 4,
            "eps": 1.11,
            "eps_growth_year": 217.14,
            "eps_4q": 2.72,
            "eps_4q_growth_year": 65.61,
            "roe": 6.83,
            "roe_4q": 18.26,
            "gross_profit": 268086,
            "gross_margin": 26.76,
            "gross_margin_4q_avg": 25.17,
            "net_income": 195757,
            "revenue": 1001867,
            "common_shares": 1861987,
            "book_valuer_per_share": 16.12,
            "book_valuer_per_share_4q_avg": 15.25,
            "equity": 3001295,
            "current_ratio": 198.65,
            "debt_ratio": 36.83,
            "inventory_turnover_ratio": 1.15,
            "account_receivable_turnover_ratio": null,
            "reinvestment_rate": 102.84,
            "research_to_sale_ratio": null,
            "price_fair": 53.9,
            "eps_avg_yearly": 1.54,
            "eps_latest_yearly": 4.44,
            "eps_growth_yearly": 246.37
        },
        "20061": {
            "year_quarter": 20061,
            "year": 2006,
            "quarter": 1,
            "eps": 0.81,
            "eps_growth_year": 80,
            "eps_4q": 2.99,
            "eps_4q_growth_year": 75.58,
            "roe": 4.88,
            "roe_4q": 20.04,
            "gross_profit": 252762,
            "gross_margin": 24.26,
            "gross_margin_4q_avg": 25.1,
            "net_income": 151323,
            "revenue": 1041684,
            "common_shares": 1889088,
            "book_valuer_per_share": 16.92,
            "book_valuer_per_share_4q_avg": 15.76,
            "equity": 3195417,
            "current_ratio": 232.68,
            "debt_ratio": 33.89,
            "inventory_turnover_ratio": 1.17,
            "account_receivable_turnover_ratio": null,
            "reinvestment_rate": 21.61,
            "research_to_sale_ratio": null,
            "price_fair": 59.76,
            "eps_avg_yearly": 1.71,
            "eps_latest_yearly": 3.24,
            "eps_growth_yearly": 89.62
        },
        "20062": {
            "year_quarter": 20062,
            "year": 2006,
            "quarter": 2,
            "eps": 0.92,
            "eps_growth_year": 37.31,
            "eps_4q": 3.32,
            "eps_4q_growth_year": 66.74,
            "roe": 5.42,
            "roe_4q": 21.080000000000002,
            "gross_profit": 281210,
            "gross_margin": 24.52,
            "gross_margin_4q_avg": 25.23,
            "net_income": 172574,
            "revenue": 1147025,
            "common_shares": 1889426,
            "book_valuer_per_share": 16.79,
            "book_valuer_per_share_4q_avg": 16.22,
            "equity": 3173008,
            "current_ratio": 175.21,
            "debt_ratio": 36.54,
            "inventory_turnover_ratio": 1.33,
            "account_receivable_turnover_ratio": null,
            "reinvestment_rate": 26.62,
            "research_to_sale_ratio": null,
            "price_fair": 65.63,
            "eps_avg_yearly": 1.88,
            "eps_latest_yearly": 3.68,
            "eps_growth_yearly": 73.37
        },
        "20063": {
            "year_quarter": 20063,
            "year": 2006,
            "quarter": 3,
            "eps": 1.11,
            "eps_growth_year": 88.14,
            "eps_4q": 3.66,
            "eps_4q_growth_year": 88.95,
            "roe": 6.82,
            "roe_4q": 23.950000000000003,
            "gross_profit": 342047,
            "gross_margin": 27.87,
            "gross_margin_4q_avg": 25.85,
            "net_income": 226493,
            "revenue": 1227152,
            "common_shares": 2048153,
            "book_valuer_per_share": 16.95,
            "book_valuer_per_share_4q_avg": 16.7,
            "equity": 3470692,
            "current_ratio": 192.67,
            "debt_ratio": 35.38,
            "inventory_turnover_ratio": 1.32,
            "account_receivable_turnover_ratio": null,
            "reinvestment_rate": 28.07,
            "research_to_sale_ratio": null,
            "price_fair": 74.29,
            "eps_avg_yearly": 2.12,
            "eps_latest_yearly": 4.44,
            "eps_growth_yearly": 91.53
        },
        "20064": {
            "year_quarter": 20064,
            "year": 2006,
            "quarter": 4,
            "eps": 1.43,
            "eps_growth_year": 28.83,
            "eps_4q": 4.13,
            "eps_4q_growth_year": 51.48,
            "roe": 8.02,
            "roe_4q": 25.139999999999997,
            "gross_profit": 412633,
            "gross_margin": 28.98,
            "gross_margin_4q_avg": 26.41,
            "net_income": 291851,
            "revenue": 1423832,
            "common_shares": 2056983,
            "book_valuer_per_share": 18.5,
            "book_valuer_per_share_4q_avg": 17.29,
            "equity": 3804693,
            "current_ratio": 254.81,
            "debt_ratio": 40.98,
            "inventory_turnover_ratio": 1.43,
            "account_receivable_turnover_ratio": null,
            "reinvestment_rate": 64.94,
            "research_to_sale_ratio": null,
            "price_fair": 85.84,
            "eps_avg_yearly": 2.45,
            "eps_latest_yearly": 5.72,
            "eps_growth_yearly": 100.82
        },
        "20071": {
            "year_quarter": 20071,
            "year": 2007,
            "quarter": 1,
            "eps": 1.19,
            "eps_growth_year": 46.91,
            "eps_4q": 4.56,
            "eps_4q_growth_year": 52.41,
            "roe": 6.19,
            "roe_4q": 26.450000000000003,
            "gross_profit": 350887,
            "gross_margin": 27.62,
            "gross_margin_4q_avg": 27.25,
            "net_income": 244052,
            "revenue": 1270301,
            "common_shares": 2060323,
            "book_valuer_per_share": 19.83,
            "book_valuer_per_share_4q_avg": 18.02,
            "equity": 4084866,
            "current_ratio": 288.13,
            "debt_ratio": 36.49,
            "inventory_turnover_ratio": 1.37,
            "account_receivable_turnover_ratio": null,
            "reinvestment_rate": 23.66,
            "research_to_sale_ratio": null,
            "price_fair": 95.55,
            "eps_avg_yearly": 2.73,
            "eps_latest_yearly": 4.76,
            "eps_growth_yearly": 103.44
        },
        "20072": {
            "year_quarter": 20072,
            "year": 2007,
            "quarter": 2,
            "eps": 1.06,
            "eps_growth_year": 15.22,
            "eps_4q": 4.75,
            "eps_4q_growth_year": 42.92,
            "roe": 5.5,
            "roe_4q": 26.53,
            "gross_profit": 357530,
            "gross_margin": 27.41,
            "gross_margin_4q_avg": 27.97,
            "net_income": 219110,
            "revenue": 1304147,
            "common_shares": 2060323,
            "book_valuer_per_share": 18.83,
            "book_valuer_per_share_4q_avg": 18.53,
            "equity": 3880396,
            "current_ratio": 220.19,
            "debt_ratio": 39.75,
            "inventory_turnover_ratio": 1.5,
            "account_receivable_turnover_ratio": null,
            "reinvestment_rate": 25.01,
            "research_to_sale_ratio": null,
            "price_fair": 102.99,
            "eps_avg_yearly": 2.94,
            "eps_latest_yearly": 4.24,
            "eps_growth_yearly": 60.09
        },
        "20073": {
            "year_quarter": 20073,
            "year": 2007,
            "quarter": 3,
            "eps": 1.28,
            "eps_growth_year": 15.32,
            "eps_4q": 4.54,
            "eps_4q_growth_year": 24.16,
            "roe": 6.95,
            "roe_4q": 26.66,
            "gross_profit": 447803,
            "gross_margin": 27.71,
            "gross_margin_4q_avg": 27.93,
            "net_income": 296420,
            "revenue": 1616000,
            "common_shares": 2307397,
            "book_valuer_per_share": 20.15,
            "book_valuer_per_share_4q_avg": 19.33,
            "equity": 4649225,
            "current_ratio": 281.8,
            "debt_ratio": 31.43,
            "inventory_turnover_ratio": 1.89,
            "account_receivable_turnover_ratio": null,
            "reinvestment_rate": 23.79,
            "research_to_sale_ratio": null,
            "price_fair": 111.21,
            "eps_avg_yearly": 3.18,
            "eps_latest_yearly": 5.12,
            "eps_growth_yearly": 49.8
        },
        "20074": {
            "year_quarter": 20074,
            "year": 2007,
            "quarter": 4,
            "eps": 1.63,
            "eps_growth_year": 13.99,
            "eps_4q": 4.89,
            "eps_4q_growth_year": 18.43,
            "roe": 7.78,
            "roe_4q": 26.42,
            "gross_profit": 474650,
            "gross_margin": 26.79,
            "gross_margin_4q_avg": 27.38,
            "net_income": 380124,
            "revenue": 1771522,
            "common_shares": 2402435,
            "book_valuer_per_share": 21.3,
            "book_valuer_per_share_4q_avg": 20.03,
            "equity": 5117167,
            "current_ratio": 204.22,
            "debt_ratio": 33.49,
            "inventory_turnover_ratio": 1.95,
            "account_receivable_turnover_ratio": null,
            "reinvestment_rate": 57.97,
            "research_to_sale_ratio": null,
            "price_fair": 122.15,
            "eps_avg_yearly": 3.49,
            "eps_latest_yearly": 6.52,
            "eps_growth_yearly": 53.7
        },
        "20081": {
            "year_quarter": 20081,
            "year": 2008,
            "quarter": 1,
            "eps": 0.85,
            "eps_growth_year": -28.57,
            "eps_4q": 4.54,
            "eps_4q_growth_year": -0.46,
            "roe": 4.02,
            "roe_4q": 24.25,
            "gross_profit": 419534,
            "gross_margin": 26,
            "gross_margin_4q_avg": 26.98,
            "net_income": 206432,
            "revenue": 1613687,
            "common_shares": 2415526,
            "book_valuer_per_share": 21.38,
            "book_valuer_per_share_4q_avg": 20.42,
            "equity": 5165125,
            "current_ratio": 173.52,
            "debt_ratio": 33.41,
            "inventory_turnover_ratio": 1.39,
            "account_receivable_turnover_ratio": null,
            "reinvestment_rate": 78.34,
            "research_to_sale_ratio": null,
            "price_fair": 126.26,
            "eps_avg_yearly": 3.61,
            "eps_latest_yearly": 3.4,
            "eps_growth_yearly": 41.73
        },
        "20082": {
            "year_quarter": 20082,
            "year": 2008,
            "quarter": 2,
            "eps": 0.89,
            "eps_growth_year": -16.04,
            "eps_4q": 4.6,
            "eps_4q_growth_year": -3.12,
            "roe": 4.21,
            "roe_4q": 22.96,
            "gross_profit": 470578,
            "gross_margin": 26.26,
            "gross_margin_4q_avg": 26.69,
            "net_income": 211817,
            "revenue": 1791877,
            "common_shares": 2416271,
            "book_valuer_per_share": 20.24,
            "book_valuer_per_share_4q_avg": 20.77,
            "equity": 4891401,
            "current_ratio": 135.28,
            "debt_ratio": 41.17,
            "inventory_turnover_ratio": 1.26,
            "account_receivable_turnover_ratio": null,
            "reinvestment_rate": 91.09,
            "research_to_sale_ratio": null,
            "price_fair": 130.29,
            "eps_avg_yearly": 3.72,
            "eps_latest_yearly": 3.56,
            "eps_growth_yearly": 39.62
        },
        "20083": {
            "year_quarter": 20083,
            "year": 2008,
            "quarter": 3,
            "eps": 1.03,
            "eps_growth_year": -19.53,
            "eps_4q": 4.01,
            "eps_4q_growth_year": -11.79,
            "roe": 5.39,
            "roe_4q": 21.4,
            "gross_profit": 589078,
            "gross_margin": 27.36,
            "gross_margin_4q_avg": 26.6,
            "net_income": 276397,
            "revenue": 2153251,
            "common_shares": 2703951,
            "book_valuer_per_share": 19.83,
            "book_valuer_per_share_4q_avg": 20.69,
            "equity": 5360749,
            "current_ratio": 153.36,
            "debt_ratio": 42.03,
            "inventory_turnover_ratio": 1.39,
            "account_receivable_turnover_ratio": null,
            "reinvestment_rate": 96.25,
            "research_to_sale_ratio": null,
            "price_fair": 134.49,
            "eps_avg_yearly": 3.84,
            "eps_latest_yearly": 4.12,
            "eps_growth_yearly": 36.58
        },
        "20084": {
            "year_quarter": 20084,
            "year": 2008,
            "quarter": 4,
            "eps": 0.96,
            "eps_growth_year": -41.1,
            "eps_4q": 3.55,
            "eps_4q_growth_year": -27.3,
            "roe": 4.68,
            "roe_4q": 18.3,
            "gross_profit": 536597,
            "gross_margin": 29.76,
            "gross_margin_4q_avg": 27.35,
            "net_income": 257171,
            "revenue": 1802836,
            "common_shares": 2716981,
            "book_valuer_per_share": 20.7,
            "book_valuer_per_share_4q_avg": 20.54,
            "equity": 5625314,
            "current_ratio": 210.61,
            "debt_ratio": 36.09,
            "inventory_turnover_ratio": 1.25,
            "account_receivable_turnover_ratio": 1.59,
            "reinvestment_rate": 77.8,
            "research_to_sale_ratio": null,
            "price_fair": 139.83,
            "eps_avg_yearly": 4,
            "eps_latest_yearly": 3.84,
            "eps_growth_yearly": 43.97
        },
        "20091": {
            "year_quarter": 20091,
            "year": 2009,
            "quarter": 1,
            "eps": 0.26,
            "eps_growth_year": -69.41,
            "eps_4q": 3.06,
            "eps_4q_growth_year": -32.57,
            "roe": 1.22,
            "roe_4q": 15.5,
            "gross_profit": 273277,
            "gross_margin": 19.61,
            "gross_margin_4q_avg": 25.75,
            "net_income": 69220,
            "revenue": 1393786,
            "common_shares": 2716981,
            "book_valuer_per_share": 21.21,
            "book_valuer_per_share_4q_avg": 20.5,
            "equity": 5761428,
            "current_ratio": 230.94,
            "debt_ratio": 32.45,
            "inventory_turnover_ratio": 1.3,
            "account_receivable_turnover_ratio": 0.7,
            "reinvestment_rate": 92.59,
            "research_to_sale_ratio": null,
            "price_fair": 112.88,
            "eps_avg_yearly": 3.95,
            "eps_latest_yearly": 1.04,
            "eps_growth_yearly": 18.59
        },
        "20092": {
            "year_quarter": 20092,
            "year": 2009,
            "quarter": 2,
            "eps": 0.63,
            "eps_growth_year": -29.21,
            "eps_4q": 2.87,
            "eps_4q_growth_year": -37.67,
            "roe": 3.05,
            "roe_4q": 14.34,
            "gross_profit": 422208,
            "gross_margin": 23.15,
            "gross_margin_4q_avg": 24.97,
            "net_income": 169750,
            "revenue": 1824149,
            "common_shares": 2716981,
            "book_valuer_per_share": 19.82,
            "book_valuer_per_share_4q_avg": 20.39,
            "equity": 5385720,
            "current_ratio": 182.5,
            "debt_ratio": 39.12,
            "inventory_turnover_ratio": 1.71,
            "account_receivable_turnover_ratio": 0.97,
            "reinvestment_rate": 84.3,
            "research_to_sale_ratio": null,
            "price_fair": 137.81,
            "eps_avg_yearly": 3.94,
            "eps_latest_yearly": 2.52,
            "eps_growth_yearly": 41.95
        },
        "20093": {
            "year_quarter": 20093,
            "year": 2009,
            "quarter": 3,
            "eps": 0.92,
            "eps_growth_year": -10.68,
            "eps_4q": 2.67,
            "eps_4q_growth_year": -33.25,
            "roe": 4.74,
            "roe_4q": 13.69,
            "gross_profit": 576374,
            "gross_margin": 26,
            "gross_margin_4q_avg": 24.63,
            "net_income": 260328,
            "revenue": 2217241,
            "common_shares": 2873125,
            "book_valuer_per_share": 19.5,
            "book_valuer_per_share_4q_avg": 20.31,
            "equity": 5601215,
            "current_ratio": 210.86,
            "debt_ratio": 38.08,
            "inventory_turnover_ratio": 2.03,
            "account_receivable_turnover_ratio": 1,
            "reinvestment_rate": 80.91,
            "research_to_sale_ratio": null,
            "price_fair": 140.7,
            "eps_avg_yearly": 4.02,
            "eps_latest_yearly": 3.68,
            "eps_growth_yearly": 56.44
        },
        "20094": {
            "year_quarter": 20094,
            "year": 2009,
            "quarter": 4,
            "eps": 0.99,
            "eps_growth_year": 3.12,
            "eps_4q": 2.74,
            "eps_4q_growth_year": -22.95,
            "roe": 4.91,
            "roe_4q": 13.92,
            "gross_profit": 632551,
            "gross_margin": 27.59,
            "gross_margin_4q_avg": 24.09,
            "net_income": 282925,
            "revenue": 2292348,
            "common_shares": 2873409,
            "book_valuer_per_share": 20.72,
            "book_valuer_per_share_4q_avg": 20.31,
            "equity": 5920928,
            "current_ratio": 201.69,
            "debt_ratio": 37.44,
            "inventory_turnover_ratio": 2.02,
            "account_receivable_turnover_ratio": 1.83,
            "reinvestment_rate": 111.62,
            "research_to_sale_ratio": null,
            "price_fair": 139.65,
            "eps_avg_yearly": 3.99,
            "eps_latest_yearly": 3.96,
            "eps_growth_yearly": 36.31
        },
        "20101": {
            "year_quarter": 20101,
            "year": 2010,
            "quarter": 1,
            "eps": 0.75,
            "eps_growth_year": 188.46,
            "eps_4q": 3.18,
            "eps_4q_growth_year": 4.03,
            "roe": 3.5,
            "roe_4q": 16.2,
            "gross_profit": 531595,
            "gross_margin": 25.16,
            "gross_margin_4q_avg": 25.48,
            "net_income": 213002,
            "revenue": 2112528,
            "common_shares": 2909070,
            "book_valuer_per_share": 21.74,
            "book_valuer_per_share_4q_avg": 20.45,
            "equity": 6257906,
            "current_ratio": 239.22,
            "debt_ratio": 38.68,
            "inventory_turnover_ratio": 1.85,
            "account_receivable_turnover_ratio": 0.85,
            "reinvestment_rate": 133.78,
            "research_to_sale_ratio": 4.31,
            "price_fair": 139.13,
            "eps_avg_yearly": 3.98,
            "eps_latest_yearly": 3,
            "eps_growth_yearly": 37.01
        },
        "20102": {
            "year_quarter": 20102,
            "year": 2010,
            "quarter": 2,
            "eps": 1.13,
            "eps_growth_year": 78.9,
            "eps_4q": 3.7,
            "eps_4q_growth_year": 29.13,
            "roe": 5.37,
            "roe_4q": 18.520000000000003,
            "gross_profit": 629222,
            "gross_margin": 26.91,
            "gross_margin_4q_avg": 26.42,
            "net_income": 330977,
            "revenue": 2338337,
            "common_shares": 2909070,
            "book_valuer_per_share": 21.05,
            "book_valuer_per_share_4q_avg": 20.75,
            "equity": 6059840,
            "current_ratio": 173.76,
            "debt_ratio": 45.5,
            "inventory_turnover_ratio": 1.82,
            "account_receivable_turnover_ratio": 0.9,
            "reinvestment_rate": 136.07,
            "research_to_sale_ratio": 4.29,
            "price_fair": 140.96,
            "eps_avg_yearly": 4.03,
            "eps_latest_yearly": 4.52,
            "eps_growth_yearly": 46.28
        },
        "20103": {
            "year_quarter": 20103,
            "year": 2010,
            "quarter": 3,
            "eps": 1.23,
            "eps_growth_year": 33.27,
            "eps_4q": 4.04,
            "eps_4q_growth_year": 51.01,
            "roe": 5.79,
            "roe_4q": 19.57,
            "gross_profit": 696445,
            "gross_margin": 27.75,
            "gross_margin_4q_avg": 26.85,
            "net_income": 360703,
            "revenue": 2509797,
            "common_shares": 2966651,
            "book_valuer_per_share": 21.78,
            "book_valuer_per_share_4q_avg": 21.32,
            "equity": 6407717,
            "current_ratio": 177.94,
            "debt_ratio": 41.68,
            "inventory_turnover_ratio": 1.56,
            "account_receivable_turnover_ratio": 0.9,
            "reinvestment_rate": 82.12,
            "research_to_sale_ratio": 4.24,
            "price_fair": 142.01,
            "eps_avg_yearly": 4.06,
            "eps_latest_yearly": 4.92,
            "eps_growth_yearly": 43.33
        },
        "20104": {
            "year_quarter": 20104,
            "year": 2010,
            "quarter": 4,
            "eps": 0.97,
            "eps_growth_year": -1.97,
            "eps_4q": 4.05,
            "eps_4q_growth_year": 47.78,
            "roe": 4.41,
            "roe_4q": 19.07,
            "gross_profit": 678834,
            "gross_margin": 25.24,
            "gross_margin_4q_avg": 26.27,
            "net_income": 285496,
            "revenue": 2689932,
            "common_shares": 2971831,
            "book_valuer_per_share": 22.19,
            "book_valuer_per_share_4q_avg": 21.69,
            "equity": 6528815,
            "current_ratio": 202.62,
            "debt_ratio": 41.02,
            "inventory_turnover_ratio": 1.65,
            "account_receivable_turnover_ratio": 0.96,
            "reinvestment_rate": 64.25,
            "research_to_sale_ratio": 4.12,
            "price_fair": 137.99,
            "eps_avg_yearly": 3.94,
            "eps_latest_yearly": 3.88,
            "eps_growth_yearly": 30.84
        },
        "20111": {
            "year_quarter": 20111,
            "year": 2011,
            "quarter": 1,
            "eps": 0.81,
            "eps_growth_year": 8,
            "eps_4q": 4.1,
            "eps_4q_growth_year": 28.78,
            "roe": 3.53,
            "roe_4q": 19.1,
            "gross_profit": 575605,
            "gross_margin": 24.79,
            "gross_margin_4q_avg": 26.17,
            "net_income": 237428,
            "revenue": 2321729,
            "common_shares": 2963051,
            "book_valuer_per_share": 23.32,
            "book_valuer_per_share_4q_avg": 22.09,
            "equity": 6909917,
            "current_ratio": 221.04,
            "debt_ratio": 38.9,
            "inventory_turnover_ratio": 1.51,
            "account_receivable_turnover_ratio": 0.8,
            "reinvestment_rate": 87.92,
            "research_to_sale_ratio": 4.58,
            "price_fair": 134.66,
            "eps_avg_yearly": 3.85,
            "eps_latest_yearly": 3.24,
            "eps_growth_yearly": 30.91
        },
        "20112": {
            "year_quarter": 20112,
            "year": 2011,
            "quarter": 2,
            "eps": 0.82,
            "eps_growth_year": -27.26,
            "eps_4q": 3.74,
            "eps_4q_growth_year": 1.11,
            "roe": 3.73,
            "roe_4q": 17.46,
            "gross_profit": 609117,
            "gross_margin": 24.61,
            "gross_margin_4q_avg": 25.6,
            "net_income": 247785,
            "revenue": 2475544,
            "common_shares": 2963051,
            "book_valuer_per_share": 21.56,
            "book_valuer_per_share_4q_avg": 22.21,
            "equity": 6389938,
            "current_ratio": 166.3,
            "debt_ratio": 46.52,
            "inventory_turnover_ratio": 1.57,
            "account_receivable_turnover_ratio": 0.83,
            "reinvestment_rate": 162.29,
            "research_to_sale_ratio": 4.73,
            "price_fair": 132.56,
            "eps_avg_yearly": 3.79,
            "eps_latest_yearly": 3.28,
            "eps_growth_yearly": 33.95
        },
        "20113": {
            "year_quarter": 20113,
            "year": 2011,
            "quarter": 3,
            "eps": 1.01,
            "eps_growth_year": -17.74,
            "eps_4q": 3.56,
            "eps_4q_growth_year": -11.85,
            "roe": 4.58,
            "roe_4q": 16.25,
            "gross_profit": 630467,
            "gross_margin": 25.26,
            "gross_margin_4q_avg": 24.98,
            "net_income": 304826,
            "revenue": 2495494,
            "common_shares": 3022423,
            "book_valuer_per_share": 22.88,
            "book_valuer_per_share_4q_avg": 22.49,
            "equity": 6914363,
            "current_ratio": 193.62,
            "debt_ratio": 45.69,
            "inventory_turnover_ratio": 1.49,
            "account_receivable_turnover_ratio": 0.84,
            "reinvestment_rate": 99.87,
            "research_to_sale_ratio": 4.72,
            "price_fair": 130.2,
            "eps_avg_yearly": 3.72,
            "eps_latest_yearly": 4.04,
            "eps_growth_yearly": 34.55
        },
        "20114": {
            "year_quarter": 20114,
            "year": 2011,
            "quarter": 4,
            "eps": 0.86,
            "eps_growth_year": -11.3,
            "eps_4q": 3.47,
            "eps_4q_growth_year": -14.11,
            "roe": 3.7,
            "roe_4q": 15.540000000000001,
            "gross_profit": 585457,
            "gross_margin": 22.48,
            "gross_margin_4q_avg": 24.29,
            "net_income": 260177,
            "revenue": 2604574,
            "common_shares": 3022423,
            "book_valuer_per_share": 23.69,
            "book_valuer_per_share_4q_avg": 22.86,
            "equity": 7160400,
            "current_ratio": 218.31,
            "debt_ratio": 40.05,
            "inventory_turnover_ratio": 1.63,
            "account_receivable_turnover_ratio": 0.84,
            "reinvestment_rate": 69.51,
            "research_to_sale_ratio": 4.68,
            "price_fair": 119.95,
            "eps_avg_yearly": 3.53,
            "eps_latest_yearly": 3.44,
            "eps_growth_yearly": 24
        },
        "20121": {
            "year_quarter": 20121,
            "year": 2012,
            "quarter": 1,
            "eps": 0.66,
            "eps_growth_year": -18.52,
            "eps_4q": 3.35,
            "eps_4q_growth_year": -18.36,
            "roe": 2.75,
            "roe_4q": 14.760000000000002,
            "gross_profit": 522080,
            "gross_margin": 21.8,
            "gross_margin_4q_avg": 23.54,
            "net_income": 198649,
            "revenue": 2394341,
            "common_shares": 3022423,
            "book_valuer_per_share": 24.09,
            "book_valuer_per_share_4q_avg": 23.06,
            "equity": 7281097,
            "current_ratio": 175.47,
            "debt_ratio": 38.64,
            "inventory_turnover_ratio": 1.51,
            "account_receivable_turnover_ratio": 0.79,
            "reinvestment_rate": 61.17,
            "research_to_sale_ratio": 3.98,
            "price_fair": 121.8,
            "eps_avg_yearly": 3.48,
            "eps_latest_yearly": 2.64,
            "eps_growth_yearly": 30.15
        },
        "20122": {
            "year_quarter": 20122,
            "year": 2012,
            "quarter": 2,
            "eps": 0.87,
            "eps_growth_year": 5.6,
            "eps_4q": 3.39,
            "eps_4q_growth_year": -9.38,
            "roe": 3.69,
            "roe_4q": 14.72,
            "gross_profit": 621130,
            "gross_margin": 24.08,
            "gross_margin_4q_avg": 23.41,
            "net_income": 261660,
            "revenue": 2578966,
            "common_shares": 3022423,
            "book_valuer_per_share": 22.84,
            "book_valuer_per_share_4q_avg": 23.38,
            "equity": 6902567,
            "current_ratio": 135.26,
            "debt_ratio": 46.41,
            "inventory_turnover_ratio": 1.41,
            "account_receivable_turnover_ratio": 0.85,
            "reinvestment_rate": 56.01,
            "research_to_sale_ratio": 4.02,
            "price_fair": 121.63,
            "eps_avg_yearly": 3.48,
            "eps_latest_yearly": 3.48,
            "eps_growth_yearly": 36.93
        },
        "20123": {
            "year_quarter": 20123,
            "year": 2012,
            "quarter": 3,
            "eps": 1.2,
            "eps_growth_year": 18.82,
            "eps_4q": 3.58,
            "eps_4q_growth_year": 0.67,
            "roe": 5.14,
            "roe_4q": 15.280000000000001,
            "gross_profit": 681332,
            "gross_margin": 22.91,
            "gross_margin_4q_avg": 22.82,
            "net_income": 362208,
            "revenue": 2973907,
            "common_shares": 3022423,
            "book_valuer_per_share": 23.78,
            "book_valuer_per_share_4q_avg": 23.6,
            "equity": 7188773,
            "current_ratio": 166.07,
            "debt_ratio": 44.46,
            "inventory_turnover_ratio": 1.46,
            "account_receivable_turnover_ratio": 0.92,
            "reinvestment_rate": 39.08,
            "research_to_sale_ratio": 3.75,
            "price_fair": 123.11,
            "eps_avg_yearly": 3.52,
            "eps_latest_yearly": 4.8,
            "eps_growth_yearly": 42.48
        },
        "20124": {
            "year_quarter": 20124,
            "year": 2012,
            "quarter": 4,
            "eps": 1.05,
            "eps_growth_year": 22.4,
            "eps_4q": 3.71,
            "eps_4q_growth_year": 6.74,
            "roe": 4.33,
            "roe_4q": 15.909999999999998,
            "gross_profit": 683753,
            "gross_margin": 22.93,
            "gross_margin_4q_avg": 22.93,
            "net_income": 326369,
            "revenue": 2981281,
            "common_shares": 3022423,
            "book_valuer_per_share": 25.44,
            "book_valuer_per_share_4q_avg": 24.04,
            "equity": 7880496,
            "current_ratio": 195.52,
            "debt_ratio": 39.36,
            "inventory_turnover_ratio": 1.46,
            "account_receivable_turnover_ratio": 0.88,
            "reinvestment_rate": 38.23,
            "research_to_sale_ratio": 3.77,
            "price_fair": 123.9,
            "eps_avg_yearly": 3.54,
            "eps_latest_yearly": 4.2,
            "eps_growth_yearly": 41.05
        },
        "20131": {
            "year_quarter": 20131,
            "year": 2013,
            "quarter": 1,
            "eps": 0.68,
            "eps_growth_year": 3.03,
            "eps_4q": 3.74,
            "eps_4q_growth_year": 11.87,
            "roe": 2.6,
            "roe_4q": 15.76,
            "gross_profit": 521710,
            "gross_margin": 22.42,
            "gross_margin_4q_avg": 23.09,
            "net_income": 209434,
            "revenue": 2326980,
            "common_shares": 3097570,
            "book_valuer_per_share": 26.51,
            "book_valuer_per_share_4q_avg": 24.64,
            "equity": 8212018,
            "current_ratio": 233.69,
            "debt_ratio": 39.51,
            "inventory_turnover_ratio": 1.12,
            "account_receivable_turnover_ratio": 0.73,
            "reinvestment_rate": 35.05,
            "research_to_sale_ratio": 4.25,
            "price_fair": 127.58,
            "eps_avg_yearly": 3.65,
            "eps_latest_yearly": 2.72,
            "eps_growth_yearly": 50.47
        },
        "20132": {
            "year_quarter": 20132,
            "year": 2013,
            "quarter": 2,
            "eps": 0.71,
            "eps_growth_year": -17.99,
            "eps_4q": 3.61,
            "eps_4q_growth_year": 6.37,
            "roe": 2.74,
            "roe_4q": 14.809999999999999,
            "gross_profit": 566048,
            "gross_margin": 24.28,
            "gross_margin_4q_avg": 23.14,
            "net_income": 219770,
            "revenue": 2330874,
            "common_shares": 3097570,
            "book_valuer_per_share": 25.19,
            "book_valuer_per_share_4q_avg": 25.23,
            "equity": 7801352,
            "current_ratio": 202.4,
            "debt_ratio": 42.45,
            "inventory_turnover_ratio": 0.99,
            "account_receivable_turnover_ratio": 0.83,
            "reinvestment_rate": 40.09,
            "research_to_sale_ratio": 4.45,
            "price_fair": 95.29,
            "eps_avg_yearly": 3.67,
            "eps_latest_yearly": 2.84,
            "eps_growth_yearly": 16
        },
        "20133": {
            "year_quarter": 20133,
            "year": 2013,
            "quarter": 3,
            "eps": 0.85,
            "eps_growth_year": -29.07,
            "eps_4q": 3.29,
            "eps_4q_growth_year": -8.13,
            "roe": 3.34,
            "roe_4q": 13.01,
            "gross_profit": 557426,
            "gross_margin": 22.79,
            "gross_margin_4q_avg": 23.11,
            "net_income": 263820,
            "revenue": 2445669,
            "common_shares": 3097570,
            "book_valuer_per_share": 25.87,
            "book_valuer_per_share_4q_avg": 25.75,
            "equity": 8014261,
            "current_ratio": 222.73,
            "debt_ratio": 39.03,
            "inventory_turnover_ratio": 1.03,
            "account_receivable_turnover_ratio": 0.91,
            "reinvestment_rate": 41.22,
            "research_to_sale_ratio": 4.66,
            "price_fair": 70.84,
            "eps_avg_yearly": 3.65,
            "eps_latest_yearly": 3.4,
            "eps_growth_yearly": 9.42
        },
        "20134": {
            "year_quarter": 20134,
            "year": 2013,
            "quarter": 4,
            "eps": 0.78,
            "eps_growth_year": -25.81,
            "eps_4q": 3.02,
            "eps_4q_growth_year": -18.6,
            "roe": 2.96,
            "roe_4q": 11.639999999999999,
            "gross_profit": 548846,
            "gross_margin": 22.87,
            "gross_margin_4q_avg": 23.09,
            "net_income": 242137,
            "revenue": 2400060,
            "common_shares": 3097570,
            "book_valuer_per_share": 26.88,
            "book_valuer_per_share_4q_avg": 26.11,
            "equity": 8324883,
            "current_ratio": 243.93,
            "debt_ratio": 35.88,
            "inventory_turnover_ratio": 1.05,
            "account_receivable_turnover_ratio": 0.9,
            "reinvestment_rate": -9.36,
            "research_to_sale_ratio": 4.71,
            "price_fair": 55.58,
            "eps_avg_yearly": 3.6,
            "eps_latest_yearly": 3.12,
            "eps_growth_yearly": 5.46
        },
        "20141": {
            "year_quarter": 20141,
            "year": 2014,
            "quarter": 1,
            "eps": 0.72,
            "eps_growth_year": 5.88,
            "eps_4q": 3.06,
            "eps_4q_growth_year": -18.27,
            "roe": 2.62,
            "roe_4q": 11.66,
            "gross_profit": 509403,
            "gross_margin": 23.52,
            "gross_margin_4q_avg": 23.37,
            "net_income": 222112,
            "revenue": 2165532,
            "common_shares": 3097570,
            "book_valuer_per_share": 27.79,
            "book_valuer_per_share_4q_avg": 26.43,
            "equity": 8607508,
            "current_ratio": 241.26,
            "debt_ratio": 36.04,
            "inventory_turnover_ratio": 0.96,
            "account_receivable_turnover_ratio": 0.82,
            "reinvestment_rate": -15.8,
            "research_to_sale_ratio": 4.61,
            "price_fair": 70.31,
            "eps_avg_yearly": 3.59,
            "eps_latest_yearly": 2.88,
            "eps_growth_yearly": 9.6
        },
        "20142": {
            "year_quarter": 20142,
            "year": 2014,
            "quarter": 2,
            "eps": 0.78,
            "eps_growth_year": 9.86,
            "eps_4q": 3.13,
            "eps_4q_growth_year": -13.21,
            "roe": 2.9,
            "roe_4q": 11.82,
            "gross_profit": 578897,
            "gross_margin": 24.55,
            "gross_margin_4q_avg": 23.43,
            "net_income": 242062,
            "revenue": 2358351,
            "common_shares": 3097570,
            "book_valuer_per_share": 26.07,
            "book_valuer_per_share_4q_avg": 26.65,
            "equity": 8075153,
            "current_ratio": 216.99,
            "debt_ratio": 39.59,
            "inventory_turnover_ratio": 1.01,
            "account_receivable_turnover_ratio": 0.89,
            "reinvestment_rate": -29.33,
            "research_to_sale_ratio": 5.08,
            "price_fair": 10.5,
            "eps_avg_yearly": 3.5,
            "eps_latest_yearly": 3.12,
            "eps_growth_yearly": -0.98
        },
        "20143": {
            "year_quarter": 20143,
            "year": 2014,
            "quarter": 3,
            "eps": 0.86,
            "eps_growth_year": 1.18,
            "eps_4q": 3.14,
            "eps_4q_growth_year": -4.44,
            "roe": 3.25,
            "roe_4q": 11.73,
            "gross_profit": 608787,
            "gross_margin": 24.16,
            "gross_margin_4q_avg": 23.78,
            "net_income": 267857,
            "revenue": 2519309,
            "common_shares": 3097570,
            "book_valuer_per_share": 27.21,
            "book_valuer_per_share_4q_avg": 26.99,
            "equity": 8428211,
            "current_ratio": 262.1,
            "debt_ratio": 36.98,
            "inventory_turnover_ratio": 1.1,
            "account_receivable_turnover_ratio": 0.9,
            "reinvestment_rate": 15.68,
            "research_to_sale_ratio": 4.34,
            "price_fair": 10.22,
            "eps_avg_yearly": 3.41,
            "eps_latest_yearly": 3.44,
            "eps_growth_yearly": -0.63
        },
        "20144": {
            "year_quarter": 20144,
            "year": 2014,
            "quarter": 4,
            "eps": 0.85,
            "eps_growth_year": 8.68,
            "eps_4q": 3.21,
            "eps_4q_growth_year": 6.42,
            "roe": 3.04,
            "roe_4q": 11.809999999999999,
            "gross_profit": 634062,
            "gross_margin": 25.54,
            "gross_margin_4q_avg": 24.44,
            "net_income": 263143,
            "revenue": 2483051,
            "common_shares": 3097570,
            "book_valuer_per_share": 28.71,
            "book_valuer_per_share_4q_avg": 27.45,
            "equity": 8894576,
            "current_ratio": 279.63,
            "debt_ratio": 34.71,
            "inventory_turnover_ratio": 1.09,
            "account_receivable_turnover_ratio": 0.84,
            "reinvestment_rate": 5.59,
            "research_to_sale_ratio": 4.3,
            "price_fair": 48.5,
            "eps_avg_yearly": 3.38,
            "eps_latest_yearly": 3.4,
            "eps_growth_yearly": 4.36
        },
        "20151": {
            "year_quarter": 20151,
            "year": 2015,
            "quarter": 1,
            "eps": 0.71,
            "eps_growth_year": -1.39,
            "eps_4q": 3.21,
            "eps_4q_growth_year": 4.88,
            "roe": 2.46,
            "roe_4q": 11.65,
            "gross_profit": 533220,
            "gross_margin": 24.97,
            "gross_margin_4q_avg": 24.81,
            "net_income": 221065,
            "revenue": 2135069,
            "common_shares": 3097570,
            "book_valuer_per_share": 29.19,
            "book_valuer_per_share_4q_avg": 27.8,
            "equity": 9042551,
            "current_ratio": 218.86,
            "debt_ratio": 34.4,
            "inventory_turnover_ratio": 0.93,
            "account_receivable_turnover_ratio": 0.75,
            "reinvestment_rate": 0.45,
            "research_to_sale_ratio": 5,
            "price_fair": 48.17,
            "eps_avg_yearly": 3.35,
            "eps_latest_yearly": 2.84,
            "eps_growth_yearly": 4.37
        },
        "20152": {
            "year_quarter": 20152,
            "year": 2015,
            "quarter": 2,
            "eps": 0.57,
            "eps_growth_year": -26.92,
            "eps_4q": 3,
            "eps_4q_growth_year": -4.24,
            "roe": 1.86,
            "roe_4q": 10.61,
            "gross_profit": 490508,
            "gross_margin": 22.1,
            "gross_margin_4q_avg": 24.19,
            "net_income": 176978,
            "revenue": 2219467,
            "common_shares": 3097570,
            "book_valuer_per_share": 32.19,
            "book_valuer_per_share_4q_avg": 29.33,
            "equity": 9970579,
            "current_ratio": 200.16,
            "debt_ratio": 34.97,
            "inventory_turnover_ratio": 1,
            "account_receivable_turnover_ratio": 0.82,
            "reinvestment_rate": -37.93,
            "research_to_sale_ratio": 4.78,
            "price_fair": 9.87,
            "eps_avg_yearly": 3.29,
            "eps_latest_yearly": 2.28,
            "eps_growth_yearly": -0.87
        },
        "20153": {
            "year_quarter": 20153,
            "year": 2015,
            "quarter": 3,
            "eps": 0.92,
            "eps_growth_year": 6.98,
            "eps_4q": 3.06,
            "eps_4q_growth_year": -2.78,
            "roe": 2.87,
            "roe_4q": 10.23,
            "gross_profit": 580739,
            "gross_margin": 24.03,
            "gross_margin_4q_avg": 24.16,
            "net_income": 285853,
            "revenue": 2416808,
            "common_shares": 3097570,
            "book_valuer_per_share": 32.03,
            "book_valuer_per_share_4q_avg": 30.53,
            "equity": 9921818,
            "current_ratio": 242.21,
            "debt_ratio": 34.36,
            "inventory_turnover_ratio": 1.11,
            "account_receivable_turnover_ratio": 0.84,
            "reinvestment_rate": 11.71,
            "research_to_sale_ratio": 5.11,
            "price_fair": 61.06,
            "eps_avg_yearly": 3.27,
            "eps_latest_yearly": 3.68,
            "eps_growth_yearly": 8.69
        },
        "20154": {
            "year_quarter": 20154,
            "year": 2015,
            "quarter": 4,
            "eps": 0.82,
            "eps_growth_year": -3.36,
            "eps_4q": 3.03,
            "eps_4q_growth_year": -5.72,
            "roe": 2.46,
            "roe_4q": 9.65,
            "gross_profit": 630708,
            "gross_margin": 25.29,
            "gross_margin_4q_avg": 24.1,
            "net_income": 254307,
            "revenue": 2494312,
            "common_shares": 3097570,
            "book_valuer_per_share": 34.67,
            "book_valuer_per_share_4q_avg": 32.02,
            "equity": 10739246,
            "current_ratio": 248.91,
            "debt_ratio": 31.07,
            "inventory_turnover_ratio": 1.17,
            "account_receivable_turnover_ratio": 0.84,
            "reinvestment_rate": 17.14,
            "research_to_sale_ratio": 4.78,
            "price_fair": 64.12,
            "eps_avg_yearly": 3.26,
            "eps_latest_yearly": 3.28,
            "eps_growth_yearly": 9.68
        },
        "20161": {
            "year_quarter": 20161,
            "year": 2016,
            "quarter": 1,
            "eps": 0.73,
            "eps_growth_year": 2.82,
            "eps_4q": 3.05,
            "eps_4q_growth_year": -5.11,
            "roe": 2.14,
            "roe_4q": 9.33,
            "gross_profit": 610015,
            "gross_margin": 28.92,
            "gross_margin_4q_avg": 25.09,
            "net_income": 226166,
            "revenue": 2108973,
            "common_shares": 3097570,
            "book_valuer_per_share": 33.59,
            "book_valuer_per_share_4q_avg": 33.12,
            "equity": 10405050,
            "current_ratio": 350.63,
            "debt_ratio": 28.93,
            "inventory_turnover_ratio": 0.93,
            "account_receivable_turnover_ratio": 0.78,
            "reinvestment_rate": 1.67,
            "research_to_sale_ratio": 5.44,
            "price_fair": 74.51,
            "eps_avg_yearly": 3.28,
            "eps_latest_yearly": 2.92,
            "eps_growth_yearly": 12.75
        },
        "20162": {
            "year_quarter": 20162,
            "year": 2016,
            "quarter": 2,
            "eps": 0.68,
            "eps_growth_year": 19.3,
            "eps_4q": 3.16,
            "eps_4q_growth_year": 5.3,
            "roe": 2.1,
            "roe_4q": 9.57,
            "gross_profit": 570841,
            "gross_margin": 24.99,
            "gross_margin_4q_avg": 25.81,
            "net_income": 211539,
            "revenue": 2283921,
            "common_shares": 3097570,
            "book_valuer_per_share": 31.36,
            "book_valuer_per_share_4q_avg": 32.91,
            "equity": 9770611,
            "current_ratio": 287.14,
            "debt_ratio": 32.89,
            "inventory_turnover_ratio": 1.06,
            "account_receivable_turnover_ratio": 0.9,
            "reinvestment_rate": -10.12,
            "research_to_sale_ratio": 5.37,
            "price_fair": 42.23,
            "eps_avg_yearly": 3.23,
            "eps_latest_yearly": 2.72,
            "eps_growth_yearly": 3.09
        },
        "20163": {
            "year_quarter": 20163,
            "year": 2016,
            "quarter": 3,
            "eps": 0.87,
            "eps_growth_year": -5.43,
            "eps_4q": 3.11,
            "eps_4q_growth_year": 1.59,
            "roe": 2.74,
            "roe_4q": 9.440000000000001,
            "gross_profit": 678577,
            "gross_margin": 26.1,
            "gross_margin_4q_avg": 26.33,
            "net_income": 268106,
            "revenue": 2600359,
            "common_shares": 3097570,
            "book_valuer_per_share": 31.55,
            "book_valuer_per_share_4q_avg": 32.79,
            "equity": 9826390,
            "current_ratio": 297.83,
            "debt_ratio": 31.31,
            "inventory_turnover_ratio": 1.25,
            "account_receivable_turnover_ratio": 0.96,
            "reinvestment_rate": -7.64,
            "research_to_sale_ratio": 5.39,
            "price_fair": 31.45,
            "eps_avg_yearly": 3.15,
            "eps_latest_yearly": 3.48,
            "eps_growth_yearly": 0.59
        },
        "20164": {
            "year_quarter": 20164,
            "year": 2016,
            "quarter": 4,
            "eps": 1,
            "eps_growth_year": 21.25,
            "eps_4q": 3.28,
            "eps_4q_growth_year": 8.31,
            "roe": 3.14,
            "roe_4q": 10.120000000000001,
            "gross_profit": 700205,
            "gross_margin": 26.48,
            "gross_margin_4q_avg": 26.62,
            "net_income": 307881,
            "revenue": 2643848,
            "common_shares": 3097570,
            "book_valuer_per_share": 31.38,
            "book_valuer_per_share_4q_avg": 31.97,
            "equity": 9773182,
            "current_ratio": 279.4,
            "debt_ratio": 34.15,
            "inventory_turnover_ratio": 1.29,
            "account_receivable_turnover_ratio": 0.89,
            "reinvestment_rate": -8.84,
            "research_to_sale_ratio": 6.09,
            "price_fair": 54.66,
            "eps_avg_yearly": 3.13,
            "eps_latest_yearly": 4,
            "eps_growth_yearly": 7.45
        },
        "20171": {
            "year_quarter": 20171,
            "year": 2017,
            "quarter": 1,
            "eps": 1.04,
            "eps_growth_year": 42.47,
            "eps_4q": 3.59,
            "eps_4q_growth_year": 17.79,
            "roe": 3.29,
            "roe_4q": 11.27,
            "gross_profit": 603099,
            "gross_margin": 28.28,
            "gross_margin_4q_avg": 26.46,
            "net_income": 317783,
            "revenue": 2132930,
            "common_shares": 3097570,
            "book_valuer_per_share": 30.71,
            "book_valuer_per_share_4q_avg": 31.25,
            "equity": 9561647,
            "current_ratio": 244.41,
            "debt_ratio": 31.83,
            "inventory_turnover_ratio": 0.96,
            "account_receivable_turnover_ratio": 0.77,
            "reinvestment_rate": -14.54,
            "research_to_sale_ratio": 6.37,
            "price_fair": 87.84,
            "eps_avg_yearly": 3.22,
            "eps_latest_yearly": 4.16,
            "eps_growth_yearly": 17.26
        },
        "20172": {
            "year_quarter": 20172,
            "year": 2017,
            "quarter": 2,
            "eps": 0.54,
            "eps_growth_year": -20.59,
            "eps_4q": 3.45,
            "eps_4q_growth_year": 9.15,
            "roe": 1.78,
            "roe_4q": 10.950000000000001,
            "gross_profit": 513239,
            "gross_margin": 24.28,
            "gross_margin_4q_avg": 26.29,
            "net_income": 163152,
            "revenue": 2113572,
            "common_shares": 3097570,
            "book_valuer_per_share": 28.04,
            "book_valuer_per_share_4q_avg": 30.42,
            "equity": 8731260,
            "current_ratio": 237.41,
            "debt_ratio": 36.09,
            "inventory_turnover_ratio": 0.95,
            "account_receivable_turnover_ratio": 0.84,
            "reinvestment_rate": -17.24,
            "research_to_sale_ratio": 6.67,
            "price_fair": 44.95,
            "eps_avg_yearly": 3.18,
            "eps_latest_yearly": 2.16,
            "eps_growth_yearly": 4.14
        },
        "20173": {
            "year_quarter": 20173,
            "year": 2017,
            "quarter": 3,
            "eps": 0.73,
            "eps_growth_year": -16.09,
            "eps_4q": 3.31,
            "eps_4q_growth_year": 6.55,
            "roe": 2.53,
            "roe_4q": 10.74,
            "gross_profit": 535448,
            "gross_margin": 23.62,
            "gross_margin_4q_avg": 25.67,
            "net_income": 224992,
            "revenue": 2266506,
            "common_shares": 3097570,
            "book_valuer_per_share": 29.07,
            "book_valuer_per_share_4q_avg": 29.8,
            "equity": 9046672,
            "current_ratio": 324.7,
            "debt_ratio": 32.93,
            "inventory_turnover_ratio": 1.04,
            "account_receivable_turnover_ratio": 0.87,
            "reinvestment_rate": -16.27,
            "research_to_sale_ratio": 5.82,
            "price_fair": 56.71,
            "eps_avg_yearly": 3.15,
            "eps_latest_yearly": 2.92,
            "eps_growth_yearly": 8
        },
        "20174": {
            "year_quarter": 20174,
            "year": 2017,
            "quarter": 4,
            "eps": 0.79,
            "eps_growth_year": -20.26,
            "eps_4q": 3.11,
            "eps_4q_growth_year": -5.27,
            "roe": 2.69,
            "roe_4q": 10.29,
            "gross_profit": 534291,
            "gross_margin": 23.55,
            "gross_margin_4q_avg": 24.93,
            "net_income": 245090,
            "revenue": 2268544,
            "common_shares": 3097570,
            "book_valuer_per_share": 29.45,
            "book_valuer_per_share_4q_avg": 29.32,
            "equity": 9164591,
            "current_ratio": 350.63,
            "debt_ratio": 31.62,
            "inventory_turnover_ratio": 1.1,
            "account_receivable_turnover_ratio": 0.86,
            "reinvestment_rate": -17.49,
            "research_to_sale_ratio": 5.79,
            "price_fair": 69.72,
            "eps_avg_yearly": 3.15,
            "eps_latest_yearly": 3.16,
            "eps_growth_yearly": 12.12
        },
        "20181": {
            "year_quarter": 20181,
            "year": 2018,
            "quarter": 1,
            "eps": 0.27,
            "eps_growth_year": -74.04,
            "eps_4q": 2.34,
            "eps_4q_growth_year": -34.7,
            "roe": 0.91,
            "roe_4q": 7.91,
            "gross_profit": 414508,
            "gross_margin": 22.17,
            "gross_margin_4q_avg": 23.41,
            "net_income": 83901,
            "revenue": 1869295,
            "common_shares": 3097570,
            "book_valuer_per_share": 29.8,
            "book_valuer_per_share_4q_avg": 29.09,
            "equity": 9243682,
            "current_ratio": 371.34,
            "debt_ratio": 28.26,
            "inventory_turnover_ratio": 0.92,
            "account_receivable_turnover_ratio": 0.75,
            "reinvestment_rate": -35.76,
            "research_to_sale_ratio": 6.42,
            "price_fair": 9.12,
            "eps_avg_yearly": 3.04,
            "eps_latest_yearly": 1.08,
            "eps_growth_yearly": -2.42
        },
        "20182": {
            "year_quarter": 20182,
            "year": 2018,
            "quarter": 2,
            "eps": 0.37,
            "eps_growth_year": -31.48,
            "eps_4q": 2.17,
            "eps_4q_growth_year": -36.99,
            "roe": 1.31,
            "roe_4q": 7.4399999999999995,
            "gross_profit": 414824,
            "gross_margin": 22.28,
            "gross_margin_4q_avg": 22.91,
            "net_income": 115815,
            "revenue": 1861959,
            "common_shares": 3097570,
            "book_valuer_per_share": 27.23,
            "book_valuer_per_share_4q_avg": 28.89,
            "equity": 8435253,
            "current_ratio": 262.65,
            "debt_ratio": 34.14,
            "inventory_turnover_ratio": 0.85,
            "account_receivable_turnover_ratio": 0.81,
            "reinvestment_rate": -29.23,
            "research_to_sale_ratio": 7.23,
            "price_fair": 43.36,
            "eps_avg_yearly": 2.94,
            "eps_latest_yearly": 1.48,
            "eps_growth_yearly": 4.76
        },
        "20183": {
            "year_quarter": 20183,
            "year": 2018,
            "quarter": 3,
            "eps": 0.78,
            "eps_growth_year": 6.85,
            "eps_4q": 2.22,
            "eps_4q_growth_year": -32.95,
            "roe": 2.85,
            "roe_4q": 7.76,
            "gross_profit": 512708,
            "gross_margin": 22.61,
            "gross_margin_4q_avg": 22.65,
            "net_income": 241650,
            "revenue": 2267348,
            "common_shares": 3097570,
            "book_valuer_per_share": 27.53,
            "book_valuer_per_share_4q_avg": 28.5,
            "equity": 8527651,
            "current_ratio": 334.5,
            "debt_ratio": 32.58,
            "inventory_turnover_ratio": 0.97,
            "account_receivable_turnover_ratio": 0.93,
            "reinvestment_rate": -25.36,
            "research_to_sale_ratio": 6.07,
            "price_fair": 102.11,
            "eps_avg_yearly": 2.92,
            "eps_latest_yearly": 3.12,
            "eps_growth_yearly": 29.9
        },
        "20184": {
            "year_quarter": 20184,
            "year": 2018,
            "quarter": 4,
            "eps": 0.65,
            "eps_growth_year": -17.49,
            "eps_4q": 2.08,
            "eps_4q_growth_year": -33.07,
            "roe": 2.35,
            "roe_4q": 7.42,
            "gross_profit": 485586,
            "gross_margin": 22.51,
            "gross_margin_4q_avg": 22.39,
            "net_income": 202883,
            "revenue": 2157666,
            "common_shares": 3097570,
            "book_valuer_per_share": 28.25,
            "book_valuer_per_share_4q_avg": 28.2,
            "equity": 8750840,
            "current_ratio": 340.73,
            "debt_ratio": 30.34,
            "inventory_turnover_ratio": 0.91,
            "account_receivable_turnover_ratio": 0.81,
            "reinvestment_rate": -24.83,
            "research_to_sale_ratio": 5.91,
            "price_fair": 100.36,
            "eps_avg_yearly": 2.87,
            "eps_latest_yearly": 2.6,
            "eps_growth_yearly": 26.02
        },
        "20191": {
            "year_quarter": 20191,
            "year": 2019,
            "quarter": 1,
            "eps": 0.25,
            "eps_growth_year": -7.41,
            "eps_4q": 2.06,
            "eps_4q_growth_year": -12.05,
            "roe": 0.88,
            "roe_4q": 7.390000000000001,
            "gross_profit": 339449,
            "gross_margin": 20.92,
            "gross_margin_4q_avg": 22.08,
            "net_income": 77729,
            "revenue": 1622940,
            "common_shares": 3097570,
            "book_valuer_per_share": 29,
            "book_valuer_per_share_4q_avg": 28,
            "equity": 8984377,
            "current_ratio": 357.35,
            "debt_ratio": 27.6,
            "inventory_turnover_ratio": 0.7,
            "account_receivable_turnover_ratio": 0.66,
            "reinvestment_rate": -23.12,
            "research_to_sale_ratio": 7.03,
            "price_fair": 68.14,
            "eps_avg_yearly": 2.75,
            "eps_latest_yearly": 1,
            "eps_growth_yearly": 14.76
        },
        "20192": {
            "year_quarter": 20192,
            "year": 2019,
            "quarter": 2,
            "eps": 0.44,
            "eps_growth_year": 18.92,
            "eps_4q": 2.13,
            "eps_4q_growth_year": -2.08,
            "roe": 1.57,
            "roe_4q": 7.65,
            "gross_profit": 456007,
            "gross_margin": 23.44,
            "gross_margin_4q_avg": 22.37,
            "net_income": 136590,
            "revenue": 1945301,
            "common_shares": 3097570,
            "book_valuer_per_share": 27.25,
            "book_valuer_per_share_4q_avg": 28.01,
            "equity": 8442232,
            "current_ratio": 287.14,
            "debt_ratio": 33.69,
            "inventory_turnover_ratio": 0.81,
            "account_receivable_turnover_ratio": 0.84,
            "reinvestment_rate": -71.08,
            "research_to_sale_ratio": 6.83,
            "price_fair": 95.2,
            "eps_avg_yearly": 2.72,
            "eps_latest_yearly": 1.76,
            "eps_growth_yearly": 38.69
        },
        "20193": {
            "year_quarter": 20193,
            "year": 2019,
            "quarter": 3,
            "eps": 0.76,
            "eps_growth_year": -2.56,
            "eps_4q": 2.1,
            "eps_4q_growth_year": -5.21,
            "roe": 2.76,
            "roe_4q": 7.5600000000000005,
            "gross_profit": 597107,
            "gross_margin": 24.59,
            "gross_margin_4q_avg": 22.87,
            "net_income": 234358,
            "revenue": 2428248,
            "common_shares": 3097570,
            "book_valuer_per_share": 27.52,
            "book_valuer_per_share_4q_avg": 28.01,
            "equity": 8525294,
            "current_ratio": 307.54,
            "debt_ratio": 35.23,
            "inventory_turnover_ratio": 0.96,
            "account_receivable_turnover_ratio": 0.93,
            "reinvestment_rate": -55.19,
            "research_to_sale_ratio": 6.63,
            "price_fair": 93.8,
            "eps_avg_yearly": 2.68,
            "eps_latest_yearly": 3.04,
            "eps_growth_yearly": 41.52
        },
        "20194": {
            "year_quarter": 20194,
            "year": 2019,
            "quarter": 4,
            "eps": 0.72,
            "eps_growth_year": 9.97,
            "eps_4q": 2.17,
            "eps_4q_growth_year": 4.26,
            "roe": 2.59,
            "roe_4q": 7.8,
            "gross_profit": 614528,
            "gross_margin": 25.24,
            "gross_margin_4q_avg": 23.55,
            "net_income": 223105,
            "revenue": 2434481,
            "common_shares": 3097570,
            "book_valuer_per_share": 28.08,
            "book_valuer_per_share_4q_avg": 27.96,
            "equity": 8697751,
            "current_ratio": 284.1,
            "debt_ratio": 34.94,
            "inventory_turnover_ratio": 0.91,
            "account_receivable_turnover_ratio": 0.86,
            "reinvestment_rate": -65.6,
            "research_to_sale_ratio": 7.18,
            "price_fair": 92.93,
            "eps_avg_yearly": 2.66,
            "eps_latest_yearly": 2.88,
            "eps_growth_yearly": 42.92
        },
        "20201": {
            "year_quarter": 20201,
            "year": 2020,
            "quarter": 1,
            "eps": 0.83,
            "eps_growth_year": 232,
            "eps_4q": 2.75,
            "eps_4q_growth_year": 33.36,
            "roe": 2.91,
            "roe_4q": 9.83,
            "gross_profit": 640691,
            "gross_margin": 29.78,
            "gross_margin_4q_avg": 25.76,
            "net_income": 256858,
            "revenue": 2151182,
            "common_shares": 3097570,
            "book_valuer_per_share": 28.93,
            "book_valuer_per_share_4q_avg": 27.95,
            "equity": 8959937,
            "current_ratio": 298.88,
            "debt_ratio": 35.15,
            "inventory_turnover_ratio": 0.68,
            "account_receivable_turnover_ratio": 0.77,
            "reinvestment_rate": -43.53,
            "research_to_sale_ratio": 7.89,
            "price_fair": 93.8,
            "eps_avg_yearly": 2.68,
            "eps_latest_yearly": 3.32,
            "eps_growth_yearly": 49.48
        },
        "20202": {
            "year_quarter": 20202,
            "year": 2020,
            "quarter": 2,
            "eps": 1.19,
            "eps_growth_year": 170.45,
            "eps_4q": 3.5,
            "eps_4q_growth_year": 64.44,
            "roe": 4.25,
            "roe_4q": 12.51,
            "gross_profit": 754985,
            "gross_margin": 29.91,
            "gross_margin_4q_avg": 27.38,
            "net_income": 369118,
            "revenue": 2523956,
            "common_shares": 3097570,
            "book_valuer_per_share": 27.18,
            "book_valuer_per_share_4q_avg": 27.93,
            "equity": 8419110,
            "current_ratio": 200.81,
            "debt_ratio": 42.16,
            "inventory_turnover_ratio": 0.71,
            "account_receivable_turnover_ratio": 0.91,
            "reinvestment_rate": -28.81,
            "research_to_sale_ratio": 7.29,
            "price_fair": 98.26,
            "eps_avg_yearly": 2.81,
            "eps_latest_yearly": 4.76,
            "eps_growth_yearly": 62.04
        },
        "20203": {
            "year_quarter": 20203,
            "year": 2020,
            "quarter": 3,
            "eps": 1.35,
            "eps_growth_year": 77.63,
            "eps_4q": 4.09,
            "eps_4q_growth_year": 94.55,
            "roe": 4.82,
            "roe_4q": 14.57,
            "gross_profit": 961690,
            "gross_margin": 30.63,
            "gross_margin_4q_avg": 28.89,
            "net_income": 418557,
            "revenue": 3139820,
            "common_shares": 3097570,
            "book_valuer_per_share": 28.9,
            "book_valuer_per_share_4q_avg": 28.27,
            "equity": 8952522,
            "current_ratio": 224.9,
            "debt_ratio": 43.43,
            "inventory_turnover_ratio": 0.82,
            "account_receivable_turnover_ratio": 0.99,
            "reinvestment_rate": -15.92,
            "research_to_sale_ratio": 6.42,
            "price_fair": 102.46,
            "eps_avg_yearly": 2.93,
            "eps_latest_yearly": 5.4,
            "eps_growth_yearly": 58.41
        },
        "20204": {
            "year_quarter": 20204,
            "year": 2020,
            "quarter": 4,
            "eps": 1.24,
            "eps_growth_year": 72.45,
            "eps_4q": 4.61,
            "eps_4q_growth_year": 112.76,
            "roe": 4.14,
            "roe_4q": 16.12,
            "gross_profit": 975440,
            "gross_margin": 30.17,
            "gross_margin_4q_avg": 30.12,
            "net_income": 384754,
            "revenue": 3233434,
            "common_shares": 3097570,
            "book_valuer_per_share": 31.17,
            "book_valuer_per_share_4q_avg": 29.05,
            "equity": 9655006,
            "current_ratio": 196.37,
            "debt_ratio": 41.84,
            "inventory_turnover_ratio": 0.81,
            "account_receivable_turnover_ratio": 0.93,
            "reinvestment_rate": -12.16,
            "research_to_sale_ratio": 6.63,
            "price_fair": 104.56,
            "eps_avg_yearly": 2.99,
            "eps_latest_yearly": 4.96,
            "eps_growth_yearly": 52.64
        },
        "20211": {
            "year_quarter": 20211,
            "year": 2021,
            "quarter": 1,
            "eps": 2.04,
            "eps_growth_year": 145.78,
            "eps_4q": 5.82,
            "eps_4q_growth_year": 112.04,
            "roe": 6.28,
            "roe_4q": 19.490000000000002,
            "gross_profit": 1196807,
            "gross_margin": 36.15,
            "gross_margin_4q_avg": 31.72,
            "net_income": 631850,
            "revenue": 3310709,
            "common_shares": 3097570,
            "book_valuer_per_share": 33.84,
            "book_valuer_per_share_4q_avg": 30.27,
            "equity": 10480762,
            "current_ratio": 195.07,
            "debt_ratio": 39.2,
            "inventory_turnover_ratio": 0.72,
            "account_receivable_turnover_ratio": 0.9,
            "reinvestment_rate": -0.19,
            "research_to_sale_ratio": 6.65,
            "price_fair": 113.31,
            "eps_avg_yearly": 3.24,
            "eps_latest_yearly": 8.16,
            "eps_growth_yearly": 67.77
        },
        "20212": {
            "year_quarter": 20212,
            "year": 2021,
            "quarter": 2,
            "eps": 2.97,
            "eps_growth_year": 149.58,
            "eps_4q": 7.6,
            "eps_4q_growth_year": 117.41,
            "roe": 8.89,
            "roe_4q": 24.130000000000003,
            "gross_profit": 1586081,
            "gross_margin": 36.54,
            "gross_margin_4q_avg": 33.37,
            "net_income": 920306,
            "revenue": 4341126,
            "common_shares": 3097570,
            "book_valuer_per_share": 33.03,
            "book_valuer_per_share_4q_avg": 31.74,
            "equity": 10232192,
            "current_ratio": 166.4,
            "debt_ratio": 43.87,
            "inventory_turnover_ratio": 0.93,
            "account_receivable_turnover_ratio": 1.13,
            "reinvestment_rate": 8.36,
            "research_to_sale_ratio": 5.4,
            "price_fair": 134.58,
            "eps_avg_yearly": 3.85,
            "eps_latest_yearly": 11.88,
            "eps_growth_yearly": 91.19
        },
        "20213": {
            "year_quarter": 20213,
            "year": 2021,
            "quarter": 3,
            "eps": 2.84,
            "eps_growth_year": 110.37,
            "eps_4q": 9.09,
            "eps_4q_growth_year": 122.1,
            "roe": 8.05,
            "roe_4q": 27.360000000000003,
            "gross_profit": 1569941,
            "gross_margin": 38.26,
            "gross_margin_4q_avg": 35.28,
            "net_income": 878473,
            "revenue": 4103136,
            "common_shares": 3097570,
            "book_valuer_per_share": 37.45,
            "book_valuer_per_share_4q_avg": 33.87,
            "equity": 11599404,
            "current_ratio": 225.28,
            "debt_ratio": 40.56,
            "inventory_turnover_ratio": 0.93,
            "account_receivable_turnover_ratio": 1.02,
            "reinvestment_rate": 7.62,
            "research_to_sale_ratio": 6.24,
            "price_fair": 153.04,
            "eps_avg_yearly": 4.37,
            "eps_latest_yearly": 11.36,
            "eps_growth_yearly": 81.29
        },
        "20214": {
            "year_quarter": 20214,
            "year": 2021,
            "quarter": 4,
            "eps": 2.22,
            "eps_growth_year": 78.39,
            "eps_4q": 10.06,
            "eps_4q_growth_year": 118.08,
            "roe": 5.64,
            "roe_4q": 28.860000000000003,
            "gross_profit": 1274400,
            "gross_margin": 36.52,
            "gross_margin_4q_avg": 36.87,
            "net_income": 686355,
            "revenue": 3489880,
            "common_shares": 3097570,
            "book_valuer_per_share": 41.19,
            "book_valuer_per_share_4q_avg": 36.38,
            "equity": 12759694,
            "current_ratio": 232.29,
            "debt_ratio": 38.66,
            "inventory_turnover_ratio": 0.85,
            "account_receivable_turnover_ratio": 0.85,
            "reinvestment_rate": 18.76,
            "research_to_sale_ratio": 6.73,
            "price_fair": 165.55,
            "eps_avg_yearly": 4.73,
            "eps_latest_yearly": 8.88,
            "eps_growth_yearly": 73.78
        },
        "20221": {
            "year_quarter": 20221,
            "year": 2022,
            "quarter": 1,
            "eps": 2.16,
            "eps_growth_year": 5.88,
            "eps_4q": 10.19,
            "eps_4q_growth_year": 74.89,
            "roe": 5.16,
            "roe_4q": 27.740000000000002,
            "gross_profit": 1199077,
            "gross_margin": 37.28,
            "gross_margin_4q_avg": 37.15,
            "net_income": 670337,
            "revenue": 3216567,
            "common_shares": 3097570,
            "book_valuer_per_share": 42.75,
            "book_valuer_per_share_4q_avg": 38.61,
            "equity": 13240641,
            "current_ratio": 257.97,
            "debt_ratio": 36.61,
            "inventory_turnover_ratio": 0.75,
            "account_receivable_turnover_ratio": 0.81,
            "reinvestment_rate": 35.43,
            "research_to_sale_ratio": 7.52,
            "price_fair": 182.09,
            "eps_avg_yearly": 5.2,
            "eps_latest_yearly": 8.64,
            "eps_growth_yearly": 89.56
        },
        "20222": {
            "year_quarter": 20222,
            "year": 2022,
            "quarter": 2,
            "eps": 2.72,
            "eps_growth_year": -8.42,
            "eps_4q": 9.93,
            "eps_4q_growth_year": 30.56,
            "roe": 6.82,
            "roe_4q": 25.67,
            "gross_profit": 1381924,
            "gross_margin": 39.33,
            "gross_margin_4q_avg": 37.85,
            "net_income": 840105,
            "revenue": 3514013,
            "common_shares": 3097570,
            "book_valuer_per_share": 36.8,
            "book_valuer_per_share_4q_avg": 39.55,
            "equity": 11399632,
            "current_ratio": 179.77,
            "debt_ratio": 46.82,
            "inventory_turnover_ratio": 0.74,
            "account_receivable_turnover_ratio": 0.9,
            "reinvestment_rate": 30.36,
            "research_to_sale_ratio": 7.52,
            "price_fair": 202.65,
            "eps_avg_yearly": 5.79,
            "eps_latest_yearly": 10.88,
            "eps_growth_yearly": 86.78
        },
        "20223": {
            "year_quarter": 20223,
            "year": 2022,
            "quarter": 3,
            "eps": 2.75,
            "eps_growth_year": -3.17,
            "eps_4q": 9.84,
            "eps_4q_growth_year": 8.31,
            "roe": 7.27,
            "roe_4q": 24.89,
            "gross_profit": 1304307,
            "gross_margin": 38.01,
            "gross_margin_4q_avg": 37.79,
            "net_income": 852460,
            "revenue": 3431726,
            "common_shares": 3097570,
            "book_valuer_per_share": 38.94,
            "book_valuer_per_share_4q_avg": 39.92,
            "equity": 12060586,
            "current_ratio": 245.89,
            "debt_ratio": 39.7,
            "inventory_turnover_ratio": 0.7,
            "account_receivable_turnover_ratio": 0.88,
            "reinvestment_rate": 28.63,
            "research_to_sale_ratio": 8.37,
            "price_fair": 219.89,
            "eps_avg_yearly": 6.28,
            "eps_latest_yearly": 11,
            "eps_growth_yearly": 59.36
        },
        "20224": {
            "year_quarter": 20224,
            "year": 2022,
            "quarter": 4,
            "eps": 1.43,
            "eps_growth_year": -35.51,
            "eps_4q": 9.06,
            "eps_4q_growth_year": -9.99,
            "roe": 3.61,
            "roe_4q": 22.86,
            "gross_profit": 1145530,
            "gross_margin": 38.09,
            "gross_margin_4q_avg": 38.18,
            "net_income": 442602,
            "revenue": 3007382,
            "common_shares": 3097570,
            "book_valuer_per_share": 40.27,
            "book_valuer_per_share_4q_avg": 39.69,
            "equity": 12473208,
            "current_ratio": 263.22,
            "debt_ratio": 37.17,
            "inventory_turnover_ratio": 0.65,
            "account_receivable_turnover_ratio": 0.8,
            "reinvestment_rate": 27.92,
            "research_to_sale_ratio": 8.18,
            "price_fair": 226.71,
            "eps_avg_yearly": 6.48,
            "eps_latest_yearly": 5.72,
            "eps_growth_yearly": 51.52
        },
        "20231": {
            "year_quarter": 20231,
            "year": 2023,
            "quarter": 1,
            "eps": 0.93,
            "eps_growth_year": -56.94,
            "eps_4q": 7.82,
            "eps_4q_growth_year": -23.25,
            "roe": 2.27,
            "roe_4q": 19.97,
            "gross_profit": 793286,
            "gross_margin": 34.52,
            "gross_margin_4q_avg": 37.49,
            "net_income": 286770,
            "revenue": 2297988,
            "common_shares": 3097570,
            "book_valuer_per_share": 41.42,
            "book_valuer_per_share_4q_avg": 39.36,
            "equity": 12830464,
            "current_ratio": 311.76,
            "debt_ratio": 33.39,
            "inventory_turnover_ratio": 0.56,
            "account_receivable_turnover_ratio": 0.73,
            "reinvestment_rate": 25.58,
            "research_to_sale_ratio": 9.29,
            "price_fair": 232.66,
            "eps_avg_yearly": 6.65,
            "eps_latest_yearly": 3.72,
            "eps_growth_yearly": 58.17
        }
    },
    "months": {
        "2002-08": {
            "month": "2002-08",
            "price": "21.76",
            "revenue": 147603
        },
        "2002-09": {
            "month": "2002-09",
            "price": "18.91",
            "revenue": 150569
        },
        "2002-10": {
            "month": "2002-10",
            "price": "18.66",
            "revenue": 162706
        },
        "2002-11": {
            "month": "2002-11",
            "price": "18.64",
            "revenue": 160752
        },
        "2002-12": {
            "month": "2002-12",
            "price": "15.82",
            "revenue": 130720
        },
        "2003-01": {
            "month": "2003-01",
            "price": "15.04",
            "revenue": 135929
        },
        "2003-02": {
            "month": "2003-02",
            "price": "14.32",
            "revenue": 111292
        },
        "2003-03": {
            "month": "2003-03",
            "price": "12.54",
            "revenue": 136152
        },
        "2003-04": {
            "month": "2003-04",
            "price": "12.12",
            "revenue": 153190
        },
        "2003-05": {
            "month": "2003-05",
            "price": "13.21",
            "revenue": 151710
        },
        "2003-06": {
            "month": "2003-06",
            "price": "17.92",
            "revenue": 134036
        },
        "2003-07": {
            "month": "2003-07",
            "price": "20.50",
            "revenue": 164829
        },
        "2003-08": {
            "month": "2003-08",
            "price": "19.20",
            "revenue": 185830
        },
        "2003-09": {
            "month": "2003-09",
            "price": "18.22",
            "revenue": 354432
        },
        "2003-10": {
            "month": "2003-10",
            "price": "19.89",
            "revenue": 232357
        },
        "2003-11": {
            "month": "2003-11",
            "price": "23.84",
            "revenue": 222176
        },
        "2003-12": {
            "month": "2003-12",
            "price": "24.42",
            "revenue": 191125
        },
        "2004-01": {
            "month": "2004-01",
            "price": "24.37",
            "revenue": 182821
        },
        "2004-02": {
            "month": "2004-02",
            "price": "24.68",
            "revenue": 195387
        },
        "2004-03": {
            "month": "2004-03",
            "price": "24.02",
            "revenue": 203426
        },
        "2004-04": {
            "month": "2004-04",
            "price": "23.84",
            "revenue": 283767
        },
        "2004-05": {
            "month": "2004-05",
            "price": "18.98",
            "revenue": 233916
        },
        "2004-06": {
            "month": "2004-06",
            "price": "18.50",
            "revenue": 231169
        },
        "2004-07": {
            "month": "2004-07",
            "price": "16.01",
            "revenue": 250127
        },
        "2004-08": {
            "month": "2004-08",
            "price": "15.28",
            "revenue": 256259
        },
        "2004-09": {
            "month": "2004-09",
            "price": "16.54",
            "revenue": 269550
        },
        "2004-10": {
            "month": "2004-10",
            "price": "15.31",
            "revenue": 266316
        },
        "2004-11": {
            "month": "2004-11",
            "price": "15.77",
            "revenue": 283801
        },
        "2004-12": {
            "month": "2004-12",
            "price": "16.27",
            "revenue": 300943
        },
        "2005-01": {
            "month": "2005-01",
            "price": "15.06",
            "revenue": 273072
        },
        "2005-02": {
            "month": "2005-02",
            "price": "16.79",
            "revenue": 210127
        },
        "2005-03": {
            "month": "2005-03",
            "price": "20.03",
            "revenue": 270768
        },
        "2005-04": {
            "month": "2005-04",
            "price": "20.35",
            "revenue": 260370
        },
        "2005-05": {
            "month": "2005-05",
            "price": "19.64",
            "revenue": 280202
        },
        "2005-06": {
            "month": "2005-06",
            "price": "22.20",
            "revenue": 263860
        },
        "2005-07": {
            "month": "2005-07",
            "price": "24.51",
            "revenue": 265328
        },
        "2005-08": {
            "month": "2005-08",
            "price": "22.41",
            "revenue": 289368
        },
        "2005-09": {
            "month": "2005-09",
            "price": "21.81",
            "revenue": 323772
        },
        "2005-10": {
            "month": "2005-10",
            "price": "23.00",
            "revenue": 332974
        },
        "2005-11": {
            "month": "2005-11",
            "price": "23.20",
            "revenue": 340112
        },
        "2005-12": {
            "month": "2005-12",
            "price": "27.20",
            "revenue": 328780
        },
        "2006-01": {
            "month": "2006-01",
            "price": "31.37",
            "revenue": 378485
        },
        "2006-02": {
            "month": "2006-02",
            "price": "30.46",
            "revenue": 326218
        },
        "2006-03": {
            "month": "2006-03",
            "price": "32.02",
            "revenue": 434298
        },
        "2006-04": {
            "month": "2006-04",
            "price": "39.74",
            "revenue": 410148
        },
        "2006-05": {
            "month": "2006-05",
            "price": "49.83",
            "revenue": 412410
        },
        "2006-06": {
            "month": "2006-06",
            "price": "40.62",
            "revenue": 405404
        },
        "2006-07": {
            "month": "2006-07",
            "price": "43.19",
            "revenue": 378441
        },
        "2006-08": {
            "month": "2006-08",
            "price": "47.93",
            "revenue": 448705
        },
        "2006-09": {
            "month": "2006-09",
            "price": "52.50",
            "revenue": 507160
        },
        "2006-10": {
            "month": "2006-10",
            "price": "50.97",
            "revenue": 519750
        },
        "2006-11": {
            "month": "2006-11",
            "price": "52.50",
            "revenue": 558231
        },
        "2006-12": {
            "month": "2006-12",
            "price": "52.14",
            "revenue": 460116
        },
        "2007-01": {
            "month": "2007-01",
            "price": "56.49",
            "revenue": 492170
        },
        "2007-02": {
            "month": "2007-02",
            "price": "56.58",
            "revenue": 402433
        },
        "2007-03": {
            "month": "2007-03",
            "price": "56.91",
            "revenue": 446506
        },
        "2007-04": {
            "month": "2007-04",
            "price": "61.19",
            "revenue": 461436
        },
        "2007-05": {
            "month": "2007-05",
            "price": "64.02",
            "revenue": 453626
        },
        "2007-06": {
            "month": "2007-06",
            "price": "68.66",
            "revenue": 443979
        },
        "2007-07": {
            "month": "2007-07",
            "price": "79.27",
            "revenue": 489298
        },
        "2007-08": {
            "month": "2007-08",
            "price": "67.10",
            "revenue": 580573
        },
        "2007-09": {
            "month": "2007-09",
            "price": "72.79",
            "revenue": 644345
        },
        "2007-10": {
            "month": "2007-10",
            "price": "71.43",
            "revenue": 632071
        },
        "2007-11": {
            "month": "2007-11",
            "price": "61.19",
            "revenue": 668508
        },
        "2007-12": {
            "month": "2007-12",
            "price": "56.21",
            "revenue": 527886
        },
        "2008-01": {
            "month": "2008-01",
            "price": "43.98",
            "revenue": 574418
        },
        "2008-02": {
            "month": "2008-02",
            "price": "43.07",
            "revenue": 475975
        },
        "2008-03": {
            "month": "2008-03",
            "price": "42.99",
            "revenue": 559512
        },
        "2008-04": {
            "month": "2008-04",
            "price": "52.31",
            "revenue": 606033
        },
        "2008-05": {
            "month": "2008-05",
            "price": "59.31",
            "revenue": 593746
        },
        "2008-06": {
            "month": "2008-06",
            "price": "57.05",
            "revenue": 586990
        },
        "2008-07": {
            "month": "2008-07",
            "price": "53.31",
            "revenue": 659200
        },
        "2008-08": {
            "month": "2008-08",
            "price": "51.05",
            "revenue": 711596
        },
        "2008-09": {
            "month": "2008-09",
            "price": "46.03",
            "revenue": 775453
        },
        "2008-10": {
            "month": "2008-10",
            "price": "34.95",
            "revenue": 772688
        },
        "2008-11": {
            "month": "2008-11",
            "price": "24.60",
            "revenue": 559682
        },
        "2008-12": {
            "month": "2008-12",
            "price": "21.73",
            "revenue": 451507
        },
        "2009-01": {
            "month": "2009-01",
            "price": "21.86",
            "revenue": 379286
        },
        "2009-02": {
            "month": "2009-02",
            "price": "25.03",
            "revenue": 422580
        },
        "2009-03": {
            "month": "2009-03",
            "price": "27.79",
            "revenue": 591553
        },
        "2009-04": {
            "month": "2009-04",
            "price": "31.78",
            "revenue": 626417
        },
        "2009-05": {
            "month": "2009-05",
            "price": "34.96",
            "revenue": 605362
        },
        "2009-06": {
            "month": "2009-06",
            "price": "32.80",
            "revenue": 590181
        },
        "2009-07": {
            "month": "2009-07",
            "price": "35.96",
            "revenue": 692447
        },
        "2009-08": {
            "month": "2009-08",
            "price": "40.43",
            "revenue": 731890
        },
        "2009-09": {
            "month": "2009-09",
            "price": "42.82",
            "revenue": 783700
        },
        "2009-10": {
            "month": "2009-10",
            "price": "45.36",
            "revenue": 789090
        },
        "2009-11": {
            "month": "2009-11",
            "price": "45.50",
            "revenue": 741794
        },
        "2009-12": {
            "month": "2009-12",
            "price": "52.61",
            "revenue": 747004
        },
        "2010-01": {
            "month": "2010-01",
            "price": "54.66",
            "revenue": 745124
        },
        "2010-02": {
            "month": "2010-02",
            "price": "50.14",
            "revenue": 626544
        },
        "2010-03": {
            "month": "2010-03",
            "price": "53.48",
            "revenue": 736860
        },
        "2010-04": {
            "month": "2010-04",
            "price": "54.54",
            "revenue": 787917
        },
        "2010-05": {
            "month": "2010-05",
            "price": "52.41",
            "revenue": 774659
        },
        "2010-06": {
            "month": "2010-06",
            "price": "51.11",
            "revenue": 778401
        },
        "2010-07": {
            "month": "2010-07",
            "price": "54.10",
            "revenue": 803400
        },
        "2010-08": {
            "month": "2010-08",
            "price": "54.43",
            "revenue": 820293
        },
        "2010-09": {
            "month": "2010-09",
            "price": "56.79",
            "revenue": 885214
        },
        "2010-10": {
            "month": "2010-10",
            "price": "55.40",
            "revenue": 899863
        },
        "2010-11": {
            "month": "2010-11",
            "price": "56.62",
            "revenue": 887292
        },
        "2010-12": {
            "month": "2010-12",
            "price": "56.94",
            "revenue": 896676
        },
        "2011-01": {
            "month": "2011-01",
            "price": "56.60",
            "revenue": 861315
        },
        "2011-02": {
            "month": "2011-02",
            "price": "54.40",
            "revenue": 655420
        },
        "2011-03": {
            "month": "2011-03",
            "price": "54.27",
            "revenue": 806756
        },
        "2011-04": {
            "month": "2011-04",
            "price": "56.36",
            "revenue": 849963
        },
        "2011-05": {
            "month": "2011-05",
            "price": "55.37",
            "revenue": 823091
        },
        "2011-06": {
            "month": "2011-06",
            "price": "52.61",
            "revenue": 801281
        },
        "2011-07": {
            "month": "2011-07",
            "price": "47.84",
            "revenue": 744479
        },
        "2011-08": {
            "month": "2011-08",
            "price": "36.69",
            "revenue": 839382
        },
        "2011-09": {
            "month": "2011-09",
            "price": "34.87",
            "revenue": 921946
        },
        "2011-10": {
            "month": "2011-10",
            "price": "37.02",
            "revenue": 930625
        },
        "2011-11": {
            "month": "2011-11",
            "price": "35.30",
            "revenue": 855151
        },
        "2011-12": {
            "month": "2011-12",
            "price": "34.84",
            "revenue": 815992
        },
        "2012-01": {
            "month": "2012-01",
            "price": "35.98",
            "revenue": 658700
        },
        "2012-02": {
            "month": "2012-02",
            "price": "44.50",
            "revenue": 769512
        },
        "2012-03": {
            "month": "2012-03",
            "price": "46.45",
            "revenue": 887096
        },
        "2012-04": {
            "month": "2012-04",
            "price": "45.08",
            "revenue": 850438
        },
        "2012-05": {
            "month": "2012-05",
            "price": "42.87",
            "revenue": 924286
        },
        "2012-06": {
            "month": "2012-06",
            "price": "42.80",
            "revenue": 887680
        },
        "2012-07": {
            "month": "2012-07",
            "price": "45.58",
            "revenue": 923473
        },
        "2012-08": {
            "month": "2012-08",
            "price": "46.67",
            "revenue": 971735
        },
        "2012-09": {
            "month": "2012-09",
            "price": "48.16",
            "revenue": 1072559
        },
        "2012-10": {
            "month": "2012-10",
            "price": "50.13",
            "revenue": 1025577
        },
        "2012-11": {
            "month": "2012-11",
            "price": "49.72",
            "revenue": 1045149
        },
        "2012-12": {
            "month": "2012-12",
            "price": "48.58",
            "revenue": 914996
        },
        "2013-01": {
            "month": "2013-01",
            "price": "46.79",
            "revenue": 848009
        },
        "2013-02": {
            "month": "2013-02",
            "price": "47.78",
            "revenue": 646061
        },
        "2013-03": {
            "month": "2013-03",
            "price": "45.25",
            "revenue": 834349
        },
        "2013-04": {
            "month": "2013-04",
            "price": "44.15",
            "revenue": 803630
        },
        "2013-05": {
            "month": "2013-05",
            "price": "44.87",
            "revenue": 803683
        },
        "2013-06": {
            "month": "2013-06",
            "price": "41.35",
            "revenue": 723711
        },
        "2013-07": {
            "month": "2013-07",
            "price": "40.58",
            "revenue": 767054
        },
        "2013-08": {
            "month": "2013-08",
            "price": "41.19",
            "revenue": 822020
        },
        "2013-09": {
            "month": "2013-09",
            "price": "40.41",
            "revenue": 855027
        },
        "2013-10": {
            "month": "2013-10",
            "price": "36.72",
            "revenue": 798905
        },
        "2013-11": {
            "month": "2013-11",
            "price": "32.10",
            "revenue": 780543
        },
        "2013-12": {
            "month": "2013-12",
            "price": "32.68",
            "revenue": 817177
        },
        "2014-01": {
            "month": "2014-01",
            "price": "37.05",
            "revenue": 791944
        },
        "2014-02": {
            "month": "2014-02",
            "price": "35.65",
            "revenue": 623537
        },
        "2014-03": {
            "month": "2014-03",
            "price": "37.27",
            "revenue": 750674
        },
        "2014-04": {
            "month": "2014-04",
            "price": "42.43",
            "revenue": 796890
        },
        "2014-05": {
            "month": "2014-05",
            "price": "44.54",
            "revenue": 799379
        },
        "2014-06": {
            "month": "2014-06",
            "price": "46.62",
            "revenue": 761458
        },
        "2014-07": {
            "month": "2014-07",
            "price": "46.12",
            "revenue": 810957
        },
        "2014-08": {
            "month": "2014-08",
            "price": "43.03",
            "revenue": 813186
        },
        "2014-09": {
            "month": "2014-09",
            "price": "41.83",
            "revenue": 895167
        },
        "2014-10": {
            "month": "2014-10",
            "price": "38.90",
            "revenue": 818475
        },
        "2014-11": {
            "month": "2014-11",
            "price": "35.40",
            "revenue": 823633
        },
        "2014-12": {
            "month": "2014-12",
            "price": "36.61",
            "revenue": 840943
        },
        "2015-01": {
            "month": "2015-01",
            "price": "38.18",
            "revenue": 792639
        },
        "2015-02": {
            "month": "2015-02",
            "price": "37.71",
            "revenue": 604957
        },
        "2015-03": {
            "month": "2015-03",
            "price": "39.39",
            "revenue": 737473
        },
        "2015-04": {
            "month": "2015-04",
            "price": "40.08",
            "revenue": 755145
        },
        "2015-05": {
            "month": "2015-05",
            "price": "41.00",
            "revenue": 756381
        },
        "2015-06": {
            "month": "2015-06",
            "price": "41.09",
            "revenue": 707940
        },
        "2015-07": {
            "month": "2015-07",
            "price": "36.91",
            "revenue": 736790
        },
        "2015-08": {
            "month": "2015-08",
            "price": "32.80",
            "revenue": 806290
        },
        "2015-09": {
            "month": "2015-09",
            "price": "33.88",
            "revenue": 873727
        },
        "2015-10": {
            "month": "2015-10",
            "price": "36.43",
            "revenue": 810745
        },
        "2015-11": {
            "month": "2015-11",
            "price": "35.74",
            "revenue": 848826
        },
        "2015-12": {
            "month": "2015-12",
            "price": "35.50",
            "revenue": 834741
        },
        "2016-01": {
            "month": "2016-01",
            "price": "34.25",
            "revenue": 783679
        },
        "2016-02": {
            "month": "2016-02",
            "price": "36.71",
            "revenue": 618350
        },
        "2016-03": {
            "month": "2016-03",
            "price": "41.98",
            "revenue": 706944
        },
        "2016-04": {
            "month": "2016-04",
            "price": "41.93",
            "revenue": 740070
        },
        "2016-05": {
            "month": "2016-05",
            "price": "43.29",
            "revenue": 763271
        },
        "2016-06": {
            "month": "2016-06",
            "price": "44.75",
            "revenue": 780580
        },
        "2016-07": {
            "month": "2016-07",
            "price": "45.03",
            "revenue": 796097
        },
        "2016-08": {
            "month": "2016-08",
            "price": "42.63",
            "revenue": 862027
        },
        "2016-09": {
            "month": "2016-09",
            "price": "41.69",
            "revenue": 942235
        },
        "2016-10": {
            "month": "2016-10",
            "price": "43.77",
            "revenue": 878093
        },
        "2016-11": {
            "month": "2016-11",
            "price": "41.41",
            "revenue": 902439
        },
        "2016-12": {
            "month": "2016-12",
            "price": "41.12",
            "revenue": 863317
        },
        "2017-01": {
            "month": "2017-01",
            "price": "41.18",
            "revenue": 755492
        },
        "2017-02": {
            "month": "2017-02",
            "price": "44.78",
            "revenue": 651734
        },
        "2017-03": {
            "month": "2017-03",
            "price": "44.53",
            "revenue": 725703
        },
        "2017-04": {
            "month": "2017-04",
            "price": "42.99",
            "revenue": 724130
        },
        "2017-05": {
            "month": "2017-05",
            "price": "44.04",
            "revenue": 693267
        },
        "2017-06": {
            "month": "2017-06",
            "price": "44.56",
            "revenue": 696176
        },
        "2017-07": {
            "month": "2017-07",
            "price": "44.06",
            "revenue": 728155
        },
        "2017-08": {
            "month": "2017-08",
            "price": "41.88",
            "revenue": 744565
        },
        "2017-09": {
            "month": "2017-09",
            "price": "40.16",
            "revenue": 793786
        },
        "2017-10": {
            "month": "2017-10",
            "price": "40.36",
            "revenue": 736710
        },
        "2017-11": {
            "month": "2017-11",
            "price": "40.18",
            "revenue": 784355
        },
        "2017-12": {
            "month": "2017-12",
            "price": "39.41",
            "revenue": 747479
        },
        "2018-01": {
            "month": "2018-01",
            "price": "40.88",
            "revenue": 689977
        },
        "2018-02": {
            "month": "2018-02",
            "price": "39.60",
            "revenue": 529182
        },
        "2018-03": {
            "month": "2018-03",
            "price": "38.98",
            "revenue": 650137
        },
        "2018-04": {
            "month": "2018-04",
            "price": "37.64",
            "revenue": 590767
        },
        "2018-05": {
            "month": "2018-05",
            "price": "36.97",
            "revenue": 621898
        },
        "2018-06": {
            "month": "2018-06",
            "price": "37.52",
            "revenue": 649293
        },
        "2018-07": {
            "month": "2018-07",
            "price": "37.09",
            "revenue": 691839
        },
        "2018-08": {
            "month": "2018-08",
            "price": "36.30",
            "revenue": 746198
        },
        "2018-09": {
            "month": "2018-09",
            "price": "34.59",
            "revenue": 829311
        },
        "2018-10": {
            "month": "2018-10",
            "price": "32.58",
            "revenue": 758031
        },
        "2018-11": {
            "month": "2018-11",
            "price": "32.52",
            "revenue": 730568
        },
        "2018-12": {
            "month": "2018-12",
            "price": "32.62",
            "revenue": 669067
        },
        "2019-01": {
            "month": "2019-01",
            "price": "32.76",
            "revenue": 610604
        },
        "2019-02": {
            "month": "2019-02",
            "price": "33.85",
            "revenue": 428602
        },
        "2019-03": {
            "month": "2019-03",
            "price": "33.67",
            "revenue": 583733
        },
        "2019-04": {
            "month": "2019-04",
            "price": "34.56",
            "revenue": 606764
        },
        "2019-05": {
            "month": "2019-05",
            "price": "34.92",
            "revenue": 649789
        },
        "2019-06": {
            "month": "2019-06",
            "price": "33.99",
            "revenue": 688749
        },
        "2019-07": {
            "month": "2019-07",
            "price": "36.50",
            "revenue": 752668
        },
        "2019-08": {
            "month": "2019-08",
            "price": "38.89",
            "revenue": 830712
        },
        "2019-09": {
            "month": "2019-09",
            "price": "40.32",
            "revenue": 844867
        },
        "2019-10": {
            "month": "2019-10",
            "price": "38.83",
            "revenue": 804851
        },
        "2019-11": {
            "month": "2019-11",
            "price": "38.69",
            "revenue": 822336
        },
        "2019-12": {
            "month": "2019-12",
            "price": "46.62",
            "revenue": 807294
        },
        "2020-01": {
            "month": "2020-01",
            "price": "46.45",
            "revenue": 653381
        },
        "2020-02": {
            "month": "2020-02",
            "price": "45.29",
            "revenue": 675645
        },
        "2020-03": {
            "month": "2020-03",
            "price": "44.53",
            "revenue": 822156
        },
        "2020-04": {
            "month": "2020-04",
            "price": "56.91",
            "revenue": 865473
        },
        "2020-05": {
            "month": "2020-05",
            "price": "57.82",
            "revenue": 843274
        },
        "2020-06": {
            "month": "2020-06",
            "price": "59.94",
            "revenue": 815208
        },
        "2020-07": {
            "month": "2020-07",
            "price": "70.40",
            "revenue": 957079
        },
        "2020-08": {
            "month": "2020-08",
            "price": "80.08",
            "revenue": 1005279
        },
        "2020-09": {
            "month": "2020-09",
            "price": "78.71",
            "revenue": 1177462
        },
        "2020-10": {
            "month": "2020-10",
            "price": "76.26",
            "revenue": 1086796
        },
        "2020-11": {
            "month": "2020-11",
            "price": "78.32",
            "revenue": 1072012
        },
        "2020-12": {
            "month": "2020-12",
            "price": "75.90",
            "revenue": 1074626
        },
        "2021-01": {
            "month": "2021-01",
            "price": "82.72",
            "revenue": 1202603
        },
        "2021-02": {
            "month": "2021-02",
            "price": "96.37",
            "revenue": 969532
        },
        "2021-03": {
            "month": "2021-03",
            "price": "97.78",
            "revenue": 1138574
        },
        "2021-04": {
            "month": "2021-04",
            "price": "110.16",
            "revenue": 1592403
        },
        "2021-05": {
            "month": "2021-05",
            "price": "100.39",
            "revenue": 1433200
        },
        "2021-06": {
            "month": "2021-06",
            "price": "116.40",
            "revenue": 1315523
        },
        "2021-07": {
            "month": "2021-07",
            "price": "127.41",
            "revenue": 1311899
        },
        "2021-08": {
            "month": "2021-08",
            "price": "117.48",
            "revenue": 1348669
        },
        "2021-09": {
            "month": "2021-09",
            "price": "107.62",
            "revenue": 1442569
        },
        "2021-10": {
            "month": "2021-10",
            "price": "99.92",
            "revenue": 1268669
        },
        "2021-11": {
            "month": "2021-11",
            "price": "105.44",
            "revenue": 1083148
        },
        "2021-12": {
            "month": "2021-12",
            "price": "103.96",
            "revenue": 1138064
        },
        "2022-01": {
            "month": "2022-01",
            "price": "101.50",
            "revenue": 1134337
        },
        "2022-02": {
            "month": "2022-02",
            "price": "95.63",
            "revenue": 943171
        },
        "2022-03": {
            "month": "2022-03",
            "price": "99.79",
            "revenue": 1139059
        },
        "2022-04": {
            "month": "2022-04",
            "price": "96.04",
            "revenue": 1150590
        },
        "2022-05": {
            "month": "2022-05",
            "price": "91.98",
            "revenue": 1173696
        },
        "2022-06": {
            "month": "2022-06",
            "price": "98.32",
            "revenue": 1189727
        },
        "2022-07": {
            "month": "2022-07",
            "price": "86.66",
            "revenue": 1179482
        },
        "2022-08": {
            "month": "2022-08",
            "price": "87.87",
            "revenue": 1105110
        },
        "2022-09": {
            "month": "2022-09",
            "price": "81.64",
            "revenue": 1147134
        },
        "2022-10": {
            "month": "2022-10",
            "price": "74.26",
            "revenue": 1085594
        },
        "2022-11": {
            "month": "2022-11",
            "price": "80.89",
            "revenue": 951659
        },
        "2022-12": {
            "month": "2022-12",
            "price": "83.79",
            "revenue": 970129
        },
        "2023-01": {
            "month": "2023-01",
            "price": "83.70",
            "revenue": 730895
        },
        "2023-02": {
            "month": "2023-02",
            "price": "87.42",
            "revenue": 812132
        },
        "2023-03": {
            "month": "2023-03",
            "price": "87.77",
            "revenue": 754961
        },
        "2023-04": {
            "month": "2023-04",
            "price": "86.92",
            "revenue": 791922
        }
    }
}
