{
    "summary": {
        "stock_name": "科風",
        "stock_id": "3043",
        "category": "其他電子",
        "main_business": "不斷電電源供應器",
        "website_url": "https://www.upspowercom.com/tw/",
        "ceo": "楊淑艷",
        "pe_ratio": 14,
        "report_year_from": 2001,
        "report_year_to": 2023,
        "age": 22,
        "eps_negative_percentage": 43,
        "eps_growth_avg": {
            "last_all": -26.93,
            "last_2y": 0,
            "last_4y": 0,
            "last_8y": 0,
            "last_12y": -33.33,
            "last_16y": -44.15,
            "last_20y": -26.93,
            "at_2006_last_3y": -5.38,
            "at_2007_last_3y": -10.63,
            "at_2008_last_3y": -27.02,
            "at_2009_last_3y": -54.96,
            "at_2010_last_3y": -58.37,
            "at_2011_last_3y": -100,
            "at_2012_last_3y": -100,
            "at_2013_last_3y": -100,
            "at_2014_last_3y": -100,
            "at_2015_last_3y": null,
            "at_2016_last_3y": null,
            "at_2017_last_3y": null,
            "at_2018_last_3y": null,
            "at_2019_last_3y": null,
            "at_2020_last_3y": -100,
            "at_2021_last_3y": -100,
            "at_2022_last_3y": 0,
            "at_2023_last_3y": 0,
            "at_2006_last_all": -10.5,
            "at_2007_last_all": -11.54,
            "at_2008_last_all": -24.18,
            "at_2009_last_all": -24.18,
            "at_2010_last_all": -24.18,
            "at_2011_last_all": -33.66,
            "at_2012_last_all": -33.66,
            "at_2013_last_all": -33.66,
            "at_2014_last_all": -33.66,
            "at_2015_last_all": -33.66,
            "at_2016_last_all": -33.66,
            "at_2017_last_all": -33.66,
            "at_2018_last_all": -33.66,
            "at_2019_last_all": -33.66,
            "at_2020_last_all": -41.03,
            "at_2021_last_all": -41.03,
            "at_2022_last_all": -26.93,
            "at_2023_last_all": -26.93
        },
        "latest_eps": 2.69,
        "latest_price": 37.7,
        "latest_roe": 35.25,
        "latest_gross_margin": 18.29,
        "latest_equity": 404358,
        "latest_revenue": 352049,
        "latest_gross_profit": 64399,
        "latest_net_income": 9841,
        "latest_debt_ratio": 72.02,
        "latest_current_ratio": 90.41,
        "latest_account_receivable_turnover_ratio": 1.19,
        "latest_inventory_turnover_ratio": 0.66,
        "latest_reinvestment_rate": -20.38,
        "latest_research_to_sale_ratio": 3.49
    },
    "eps_dividends": {
        "2000": {
            "cash": 5,
            "stock": 5,
            "eps": 0
        },
        "2001": {
            "cash": 1,
            "stock": 3,
            "eps": 5.45
        },
        "2002": {
            "cash": 2,
            "stock": 3,
            "eps": 3.76
        },
        "2003": {
            "cash": 2,
            "stock": 1,
            "eps": 3.92
        },
        "2004": {
            "cash": 2,
            "stock": 1,
            "eps": 2.57
        },
        "2005": {
            "cash": 1,
            "stock": 1,
            "eps": 4.03
        },
        "2006": {
            "cash": 1,
            "stock": 2,
            "eps": 2.09
        },
        "2007": {
            "cash": 1,
            "stock": 1,
            "eps": 1.74
        },
        "2008": {
            "cash": 1,
            "stock": 1,
            "eps": -0.21
        },
        "2009": {
            "cash": 0,
            "stock": 0,
            "eps": -0.83
        },
        "2010": {
            "cash": 0,
            "stock": 0,
            "eps": 3.41
        },
        "2011": {
            "cash": 1,
            "stock": 1,
            "eps": -6.94
        },
        "2012": {
            "cash": 0,
            "stock": 0,
            "eps": -5.71
        },
        "2013": {
            "cash": 0,
            "stock": 0,
            "eps": -2.68
        },
        "2014": {
            "cash": 0,
            "stock": 0,
            "eps": -0.82
        },
        "2015": {
            "cash": 0,
            "stock": 0,
            "eps": -0.33
        },
        "2016": {
            "cash": 0,
            "stock": 0,
            "eps": -0.57
        },
        "2017": {
            "cash": 0,
            "stock": 0,
            "eps": -0.13
        },
        "2018": {
            "cash": 0,
            "stock": 0,
            "eps": 0
        },
        "2019": {
            "cash": 0,
            "stock": 0,
            "eps": 0.38
        },
        "2020": {
            "cash": 0,
            "stock": 0,
            "eps": -0.25
        },
        "2021": {
            "cash": 0,
            "stock": 0,
            "eps": 0.12
        },
        "2022": {
            "cash": 0,
            "stock": 0,
            "eps": 1.09
        },
        "2023": {
            "cash": 0,
            "stock": 0,
            "eps": 0.24
        }
    },
    "dividends": {
        "2000-06-28": {
            "cash": 5,
            "stock": 5
        },
        "2001-06-28": {
            "cash": 1,
            "stock": 3
        },
        "2002-06-18": {
            "cash": 1.5,
            "stock": 2.5
        },
        "2003-06-27": {
            "cash": 2.1,
            "stock": 0.8
        },
        "2004-04-06": {
            "cash": 2.3,
            "stock": 0.9
        },
        "2005-04-29": {
            "cash": 0.84,
            "stock": 1.4
        },
        "2006-05-12": {
            "cash": 0.96,
            "stock": 1.92
        },
        "2007-04-30": {
            "cash": 0.64,
            "stock": 0.7
        },
        "2008-04-30": {
            "cash": 0.6,
            "stock": 0.6
        },
        "2011-04-29": {
            "cash": 1.1,
            "stock": 0.7
        }
    },
    "prices": {
        "200101": "無",
        "200102": "無",
        "200103": "無",
        "200104": "無",
        "200105": "無",
        "200106": "無",
        "200107": "無",
        "200108": "無",
        "200109": "無",
        "200110": "無",
        "200111": "無",
        "200112": "無",
        "200201": "無",
        "200202": "無",
        "200203": "無",
        "200204": "無",
        "200205": "無",
        "200206": "無",
        "200207": "無",
        "200208": "59.80",
        "200209": "52.56",
        "200210": "41.15",
        "200211": "45.47",
        "200212": "41.92",
        "200301": "40.05",
        "200302": "37.95",
        "200303": "38.78",
        "200304": "38.72",
        "200305": "37.33",
        "200306": "45.55",
        "200307": "54.36",
        "200308": "54.57",
        "200309": "50.01",
        "200310": "50.05",
        "200311": "48.01",
        "200312": "46.17",
        "200401": "46.02",
        "200402": "46.28",
        "200403": "47.25",
        "200404": "44.73",
        "200405": "38.62",
        "200406": "38.37",
        "200407": "31.90",
        "200408": "29.42",
        "200409": "29.73",
        "200410": "29.34",
        "200411": "32.28",
        "200412": "39.67",
        "200501": "39.73",
        "200502": "42.34",
        "200503": "45.38",
        "200504": "43.81",
        "200505": "44.04",
        "200506": "50.58",
        "200507": "57.24",
        "200508": "53.13",
        "200509": "44.22",
        "200510": "42.64",
        "200511": "44.59",
        "200512": "46.61",
        "200601": "50.08",
        "200602": "51.88",
        "200603": "53.07",
        "200604": "65.19",
        "200605": "121.14",
        "200606": "80.10",
        "200607": "82.10",
        "200608": "83.53",
        "200609": "75.06",
        "200610": "67.99",
        "200611": "64.08",
        "200612": "60.17",
        "200701": "63.55",
        "200702": "64.22",
        "200703": "74.95",
        "200704": "68.90",
        "200705": "61.24",
        "200706": "65.09",
        "200707": "68.53",
        "200708": "52.98",
        "200709": "47.91",
        "200710": "47.85",
        "200711": "40.44",
        "200712": "35.19",
        "200801": "29.78",
        "200802": "28.50",
        "200803": "33.46",
        "200804": "34.72",
        "200805": "36.46",
        "200806": "32.65",
        "200807": "25.33",
        "200808": "24.87",
        "200809": "19.15",
        "200810": "14.88",
        "200811": "10.96",
        "200812": "10.44",
        "200901": "11.14",
        "200902": "10.98",
        "200903": "13.10",
        "200904": "16.10",
        "200905": "19.26",
        "200906": "26.90",
        "200907": "28.01",
        "200908": "25.48",
        "200909": "23.91",
        "200910": "24.24",
        "200911": "24.29",
        "200912": "26.80",
        "201001": "25.25",
        "201002": "21.71",
        "201003": "24.21",
        "201004": "31.32",
        "201005": "34.45",
        "201006": "43.55",
        "201007": "61.54",
        "201008": "79.38",
        "201009": "84.00",
        "201010": "61.17",
        "201011": "54.65",
        "201012": "60.80",
        "201101": "67.22",
        "201102": "72.55",
        "201103": "69.85",
        "201104": "60.57",
        "201105": "50.36",
        "201106": "48.64",
        "201107": "42.25",
        "201108": "29.82",
        "201109": "26.72",
        "201110": "25.49",
        "201111": "17.43",
        "201112": "14.10",
        "201201": "14.64",
        "201202": "23.10",
        "201203": "22.62",
        "201204": "17.11",
        "201205": "15.46",
        "201206": "14.36",
        "201207": "12.47",
        "201208": "11.19",
        "201209": "11.46",
        "201210": "8.52",
        "201211": "8.60",
        "201212": "13.33",
        "201301": "14.96",
        "201302": "14.09",
        "201303": "13.44",
        "201304": "8.29",
        "201305": "6.82",
        "201306": "5.76",
        "201307": "4.91",
        "201308": "4.43",
        "201309": "4.48",
        "201310": "6.05",
        "201311": "5.58",
        "201312": "5.05",
        "201401": "5.48",
        "201402": "5.05",
        "201403": "4.94",
        "201404": "4.85",
        "201405": "5.19",
        "201406": "8.48",
        "201407": "7.27",
        "201408": "6.42",
        "201409": "5.57",
        "201410": "4.87",
        "201411": "4.74",
        "201412": "4.53",
        "201501": "4.67",
        "201502": "4.52",
        "201503": "4.54",
        "201504": "4.22",
        "201505": "3.38",
        "201506": "3.75",
        "201507": "2.95",
        "201508": "2.33",
        "201509": "2.49",
        "201510": "2.75",
        "201511": "3.18",
        "201512": "3.15",
        "201601": "2.55",
        "201602": "2.82",
        "201603": "2.59",
        "201604": "2.31",
        "201605": "2.06",
        "201606": "1.88",
        "201607": "2.67",
        "201608": "2.46",
        "201609": "2.25",
        "201610": "2.31",
        "201611": "2.11",
        "201612": "2.17",
        "201701": "2.28",
        "201702": "2.36",
        "201703": "2.34",
        "201704": "3.10",
        "201705": "2.94",
        "201706": "2.89",
        "201707": "2.58",
        "201708": "2.46",
        "201709": "2.51",
        "201710": "2.71",
        "201711": "2.54",
        "201712": "2.48",
        "201801": "2.31",
        "201802": "2.31",
        "201803": "2.66",
        "201804": "2.59",
        "201805": "2.37",
        "201806": "2.37",
        "201807": "2.26",
        "201808": "2.49",
        "201809": "2.52",
        "201810": "2.26",
        "201811": "2.10",
        "201812": "2.19",
        "201901": "2.46",
        "201902": "2.98",
        "201903": "2.56",
        "201904": "2.43",
        "201905": "2.42",
        "201906": "2.40",
        "201907": "2.33",
        "201908": "2.46",
        "201909": "2.75",
        "201910": "2.66",
        "201911": "2.55",
        "201912": "1.91",
        "202001": "1.94",
        "202002": "2.02",
        "202003": "1.55",
        "202004": "1.35",
        "202005": "1.44",
        "202006": "1.73",
        "202007": "2.81",
        "202008": "4.27",
        "202009": "10.67",
        "202010": "7.39",
        "202011": "6.03",
        "202012": "5.18",
        "202101": "4.41",
        "202102": "4.19",
        "202103": "4.50",
        "202104": "4.73",
        "202105": "4.20",
        "202106": "3.98",
        "202107": "4.08",
        "202108": "3.75",
        "202109": "3.79",
        "202110": "3.83",
        "202111": "3.65",
        "202112": "3.73",
        "202201": "4.65",
        "202202": "4.87",
        "202203": "4.68",
        "202204": "4.28",
        "202205": "4.25",
        "202206": "4.62",
        "202207": "4.38",
        "202208": "5.74",
        "202209": "7.41",
        "202210": "6.76",
        "202211": "6.55",
        "202212": "20.87",
        "202301": "26.25",
        "202302": "29.23",
        "202303": "32.21",
        "202304": "40.04",
        "202305": "43.73"
    },
    "quarters": {
        "20011": {
            "year_quarter": 20011,
            "year": 2001,
            "quarter": 1,
            "eps": 1.49,
            "eps_growth_year": 0.68,
            "eps_4q": 4.85,
            "eps_4q_growth_year": null,
            "roe": 8.77,
            "roe_4q": 8.77,
            "gross_profit": 115585,
            "gross_margin": 24.24,
            "gross_margin_4q_avg": 24.24,
            "net_income": 69163,
            "revenue": 476767,
            "common_shares": 463960,
            "book_valuer_per_share": 17.75,
            "book_valuer_per_share_4q_avg": 17.75,
            "equity": 823337,
            "current_ratio": 270.06,
            "debt_ratio": 31.22,
            "inventory_turnover_ratio": 2.12,
            "account_receivable_turnover_ratio": null,
            "reinvestment_rate": null,
            "research_to_sale_ratio": null,
            "price_fair": 0,
            "eps_avg_yearly": 0,
            "eps_latest_yearly": 0,
            "eps_growth_yearly": 0
        },
        "20012": {
            "year_quarter": 20012,
            "year": 2001,
            "quarter": 2,
            "eps": 1.24,
            "eps_growth_year": 342.86,
            "eps_4q": 5.92,
            "eps_4q_growth_year": null,
            "roe": 6.74,
            "roe_4q": 15.51,
            "gross_profit": 75781,
            "gross_margin": 23.92,
            "gross_margin_4q_avg": 24.08,
            "net_income": 57489,
            "revenue": 316820,
            "common_shares": 463960,
            "book_valuer_per_share": 19.01,
            "book_valuer_per_share_4q_avg": 18.38,
            "equity": 882183,
            "current_ratio": 345.63,
            "debt_ratio": 24.23,
            "inventory_turnover_ratio": 1.5,
            "account_receivable_turnover_ratio": null,
            "reinvestment_rate": null,
            "research_to_sale_ratio": null,
            "price_fair": 0,
            "eps_avg_yearly": 0,
            "eps_latest_yearly": 0,
            "eps_growth_yearly": 0
        },
        "20013": {
            "year_quarter": 20013,
            "year": 2001,
            "quarter": 3,
            "eps": 1.1,
            "eps_growth_year": -12,
            "eps_4q": 4.69,
            "eps_4q_growth_year": null,
            "roe": 7.44,
            "roe_4q": 22.95,
            "gross_profit": 122523,
            "gross_margin": 28.03,
            "gross_margin_4q_avg": 25.4,
            "net_income": 66385,
            "revenue": 437176,
            "common_shares": 613148,
            "book_valuer_per_share": 14.7,
            "book_valuer_per_share_4q_avg": 17.15,
            "equity": 901497,
            "current_ratio": 256.51,
            "debt_ratio": 33.82,
            "inventory_turnover_ratio": 1.91,
            "account_receivable_turnover_ratio": null,
            "reinvestment_rate": null,
            "research_to_sale_ratio": null,
            "price_fair": 0,
            "eps_avg_yearly": 0,
            "eps_latest_yearly": 0,
            "eps_growth_yearly": 0
        },
        "20014": {
            "year_quarter": 20014,
            "year": 2001,
            "quarter": 4,
            "eps": 1.62,
            "eps_growth_year": -17.35,
            "eps_4q": 4.8,
            "eps_4q_growth_year": 9.16,
            "roe": 10.35,
            "roe_4q": 33.3,
            "gross_profit": 157130,
            "gross_margin": 26.97,
            "gross_margin_4q_avg": 25.79,
            "net_income": 98440,
            "revenue": 582612,
            "common_shares": 613148,
            "book_valuer_per_share": 16.32,
            "book_valuer_per_share_4q_avg": 16.95,
            "equity": 1000491,
            "current_ratio": 267.01,
            "debt_ratio": 32.52,
            "inventory_turnover_ratio": 2.58,
            "account_receivable_turnover_ratio": null,
            "reinvestment_rate": null,
            "research_to_sale_ratio": null,
            "price_fair": 0,
            "eps_avg_yearly": 0,
            "eps_latest_yearly": 0,
            "eps_growth_yearly": 0
        },
        "20021": {
            "year_quarter": 20021,
            "year": 2002,
            "quarter": 1,
            "eps": 1.24,
            "eps_growth_year": -16.78,
            "eps_4q": 4.86,
            "eps_4q_growth_year": 0.1,
            "roe": 7.34,
            "roe_4q": 31.869999999999997,
            "gross_profit": 122509,
            "gross_margin": 27.72,
            "gross_margin_4q_avg": 26.66,
            "net_income": 76200,
            "revenue": 441990,
            "common_shares": 613148,
            "book_valuer_per_share": 17.56,
            "book_valuer_per_share_4q_avg": 16.9,
            "equity": 1076713,
            "current_ratio": 322.42,
            "debt_ratio": 27.08,
            "inventory_turnover_ratio": 1.82,
            "account_receivable_turnover_ratio": null,
            "reinvestment_rate": null,
            "research_to_sale_ratio": null,
            "price_fair": 14.88,
            "eps_avg_yearly": 4.96,
            "eps_latest_yearly": 4.96,
            "eps_growth_yearly": -93.83
        },
        "20022": {
            "year_quarter": 20022,
            "year": 2002,
            "quarter": 2,
            "eps": 0.47,
            "eps_growth_year": -62.1,
            "eps_4q": 4.42,
            "eps_4q_growth_year": -25.38,
            "roe": 2.75,
            "roe_4q": 27.88,
            "gross_profit": 102774,
            "gross_margin": 26.55,
            "gross_margin_4q_avg": 27.32,
            "net_income": 28711,
            "revenue": 387163,
            "common_shares": 613148,
            "book_valuer_per_share": 16.52,
            "book_valuer_per_share_4q_avg": 16.28,
            "equity": 1012686,
            "current_ratio": 300.19,
            "debt_ratio": 28.14,
            "inventory_turnover_ratio": 1.43,
            "account_receivable_turnover_ratio": null,
            "reinvestment_rate": null,
            "research_to_sale_ratio": null,
            "price_fair": 10.26,
            "eps_avg_yearly": 3.42,
            "eps_latest_yearly": 1.88,
            "eps_growth_yearly": -171.11
        },
        "20023": {
            "year_quarter": 20023,
            "year": 2002,
            "quarter": 3,
            "eps": 0.99,
            "eps_growth_year": -10,
            "eps_4q": 3.64,
            "eps_4q_growth_year": -22.39,
            "roe": 7.24,
            "roe_4q": 27.68,
            "gross_profit": 101331,
            "gross_margin": 25.73,
            "gross_margin_4q_avg": 26.74,
            "net_income": 76072,
            "revenue": 393889,
            "common_shares": 780435,
            "book_valuer_per_share": 13.96,
            "book_valuer_per_share_4q_avg": 16.09,
            "equity": 1089648,
            "current_ratio": 279.24,
            "debt_ratio": 30.6,
            "inventory_turnover_ratio": 1.48,
            "account_receivable_turnover_ratio": null,
            "reinvestment_rate": null,
            "research_to_sale_ratio": null,
            "price_fair": 126,
            "eps_avg_yearly": 3.6,
            "eps_latest_yearly": 3.96,
            "eps_growth_yearly": 33.45
        },
        "20024": {
            "year_quarter": 20024,
            "year": 2002,
            "quarter": 4,
            "eps": 1.06,
            "eps_growth_year": -34.57,
            "eps_4q": 3.4,
            "eps_4q_growth_year": -29.06,
            "roe": 7.24,
            "roe_4q": 24.57,
            "gross_profit": 152811,
            "gross_margin": 30.35,
            "gross_margin_4q_avg": 27.59,
            "net_income": 81892,
            "revenue": 503524,
            "common_shares": 780435,
            "book_valuer_per_share": 15.01,
            "book_valuer_per_share_4q_avg": 15.76,
            "equity": 1171179,
            "current_ratio": 285.86,
            "debt_ratio": 30.39,
            "inventory_turnover_ratio": 1.64,
            "account_receivable_turnover_ratio": null,
            "reinvestment_rate": null,
            "research_to_sale_ratio": null,
            "price_fair": 131.6,
            "eps_avg_yearly": 3.76,
            "eps_latest_yearly": 4.24,
            "eps_growth_yearly": 32.16
        },
        "20031": {
            "year_quarter": 20031,
            "year": 2003,
            "quarter": 1,
            "eps": 0.79,
            "eps_growth_year": -36.29,
            "eps_4q": 3.17,
            "eps_4q_growth_year": -34.72,
            "roe": 5.15,
            "roe_4q": 22.380000000000003,
            "gross_profit": 122281,
            "gross_margin": 29.73,
            "gross_margin_4q_avg": 28.09,
            "net_income": 61935,
            "revenue": 411308,
            "common_shares": 780435,
            "book_valuer_per_share": 15.8,
            "book_valuer_per_share_4q_avg": 15.32,
            "equity": 1232786,
            "current_ratio": 329.17,
            "debt_ratio": 26.45,
            "inventory_turnover_ratio": 1.28,
            "account_receivable_turnover_ratio": null,
            "reinvestment_rate": null,
            "research_to_sale_ratio": null,
            "price_fair": 55.86,
            "eps_avg_yearly": 3.64,
            "eps_latest_yearly": 3.16,
            "eps_growth_yearly": 5.35
        },
        "20032": {
            "year_quarter": 20032,
            "year": 2003,
            "quarter": 2,
            "eps": 0.88,
            "eps_growth_year": 87.23,
            "eps_4q": 3.69,
            "eps_4q_growth_year": -16.4,
            "roe": 5.81,
            "roe_4q": 25.440000000000005,
            "gross_profit": 128641,
            "gross_margin": 28.24,
            "gross_margin_4q_avg": 28.51,
            "net_income": 68828,
            "revenue": 455557,
            "common_shares": 780435,
            "book_valuer_per_share": 14.57,
            "book_valuer_per_share_4q_avg": 14.84,
            "equity": 1137203,
            "current_ratio": 263.66,
            "debt_ratio": 32.96,
            "inventory_turnover_ratio": 1.43,
            "account_receivable_turnover_ratio": null,
            "reinvestment_rate": null,
            "research_to_sale_ratio": null,
            "price_fair": 79.82,
            "eps_avg_yearly": 3.62,
            "eps_latest_yearly": 3.52,
            "eps_growth_yearly": 12.05
        },
        "20033": {
            "year_quarter": 20033,
            "year": 2003,
            "quarter": 3,
            "eps": 1,
            "eps_growth_year": 1.01,
            "eps_4q": 3.52,
            "eps_4q_growth_year": -3.2,
            "roe": 7.16,
            "roe_4q": 25.36,
            "gross_profit": 148274,
            "gross_margin": 26.74,
            "gross_margin_4q_avg": 28.77,
            "net_income": 84387,
            "revenue": 554542,
            "common_shares": 855870,
            "book_valuer_per_share": 14.24,
            "book_valuer_per_share_4q_avg": 14.91,
            "equity": 1219006,
            "current_ratio": 260.7,
            "debt_ratio": 33.53,
            "inventory_turnover_ratio": 1.62,
            "account_receivable_turnover_ratio": null,
            "reinvestment_rate": null,
            "research_to_sale_ratio": null,
            "price_fair": 103.33,
            "eps_avg_yearly": 3.67,
            "eps_latest_yearly": 4,
            "eps_growth_yearly": 18.12
        },
        "20034": {
            "year_quarter": 20034,
            "year": 2003,
            "quarter": 4,
            "eps": 1.25,
            "eps_growth_year": 17.92,
            "eps_4q": 3.75,
            "eps_4q_growth_year": 10.34,
            "roe": 8.44,
            "roe_4q": 26.560000000000002,
            "gross_profit": 150094,
            "gross_margin": 26.15,
            "gross_margin_4q_avg": 27.72,
            "net_income": 107389,
            "revenue": 574016,
            "common_shares": 855870,
            "book_valuer_per_share": 15.5,
            "book_valuer_per_share_4q_avg": 15.03,
            "equity": 1326572,
            "current_ratio": 269.82,
            "debt_ratio": 31.92,
            "inventory_turnover_ratio": 1.18,
            "account_receivable_turnover_ratio": null,
            "reinvestment_rate": 14.09,
            "research_to_sale_ratio": null,
            "price_fair": 134.4,
            "eps_avg_yearly": 3.84,
            "eps_latest_yearly": 5,
            "eps_growth_yearly": 28.36
        },
        "20041": {
            "year_quarter": 20041,
            "year": 2004,
            "quarter": 1,
            "eps": 0.67,
            "eps_growth_year": -15.19,
            "eps_4q": 3.73,
            "eps_4q_growth_year": 17.5,
            "roe": 4.22,
            "roe_4q": 25.63,
            "gross_profit": 103262,
            "gross_margin": 24.01,
            "gross_margin_4q_avg": 26.29,
            "net_income": 57132,
            "revenue": 430054,
            "common_shares": 855870,
            "book_valuer_per_share": 16.12,
            "book_valuer_per_share_4q_avg": 15.11,
            "equity": 1379509,
            "current_ratio": 384.06,
            "debt_ratio": 21.53,
            "inventory_turnover_ratio": 0.87,
            "account_receivable_turnover_ratio": null,
            "reinvestment_rate": 5.09,
            "research_to_sale_ratio": null,
            "price_fair": 54.12,
            "eps_avg_yearly": 3.71,
            "eps_latest_yearly": 2.68,
            "eps_growth_yearly": 4.58
        },
        "20042": {
            "year_quarter": 20042,
            "year": 2004,
            "quarter": 2,
            "eps": 0.62,
            "eps_growth_year": -29.55,
            "eps_4q": 3.52,
            "eps_4q_growth_year": -4.55,
            "roe": 4.06,
            "roe_4q": 23.88,
            "gross_profit": 116007,
            "gross_margin": 27.27,
            "gross_margin_4q_avg": 26.04,
            "net_income": 53149,
            "revenue": 425441,
            "common_shares": 855870,
            "book_valuer_per_share": 14.49,
            "book_valuer_per_share_4q_avg": 15.09,
            "equity": 1240369,
            "current_ratio": 267.57,
            "debt_ratio": 29.83,
            "inventory_turnover_ratio": 0.8,
            "account_receivable_turnover_ratio": null,
            "reinvestment_rate": 4.67,
            "research_to_sale_ratio": null,
            "price_fair": 39.97,
            "eps_avg_yearly": 3.59,
            "eps_latest_yearly": 2.48,
            "eps_growth_yearly": 1.14
        },
        "20043": {
            "year_quarter": 20043,
            "year": 2004,
            "quarter": 3,
            "eps": 0.95,
            "eps_growth_year": -5,
            "eps_4q": 3.51,
            "eps_4q_growth_year": -0.4,
            "roe": 6.31,
            "roe_4q": 23.03,
            "gross_profit": 131972,
            "gross_margin": 24.14,
            "gross_margin_4q_avg": 25.39,
            "net_income": 80901,
            "revenue": 546744,
            "common_shares": 855870,
            "book_valuer_per_share": 15.45,
            "book_valuer_per_share_4q_avg": 15.39,
            "equity": 1322351,
            "current_ratio": 269.59,
            "debt_ratio": 29.52,
            "inventory_turnover_ratio": 0.91,
            "account_receivable_turnover_ratio": null,
            "reinvestment_rate": 4.43,
            "research_to_sale_ratio": null,
            "price_fair": 109.63,
            "eps_avg_yearly": 3.61,
            "eps_latest_yearly": 3.8,
            "eps_growth_yearly": 20.39
        },
        "20044": {
            "year_quarter": 20044,
            "year": 2004,
            "quarter": 4,
            "eps": 0.33,
            "eps_growth_year": -73.6,
            "eps_4q": 2.33,
            "eps_4q_growth_year": -37.92,
            "roe": 2.37,
            "roe_4q": 16.959999999999997,
            "gross_profit": 131021,
            "gross_margin": 22.26,
            "gross_margin_4q_avg": 24.42,
            "net_income": 31535,
            "revenue": 588476,
            "common_shares": 947898,
            "book_valuer_per_share": 14.12,
            "book_valuer_per_share_4q_avg": 15.05,
            "equity": 1341112,
            "current_ratio": 235.7,
            "debt_ratio": 35.19,
            "inventory_turnover_ratio": 0.84,
            "account_receivable_turnover_ratio": null,
            "reinvestment_rate": 16.55,
            "research_to_sale_ratio": null,
            "price_fair": 10.25,
            "eps_avg_yearly": 3.42,
            "eps_latest_yearly": 1.32,
            "eps_growth_yearly": -3.06
        },
        "20051": {
            "year_quarter": 20051,
            "year": 2005,
            "quarter": 1,
            "eps": 1.1,
            "eps_growth_year": 64.18,
            "eps_4q": 2.84,
            "eps_4q_growth_year": -23.69,
            "roe": 7.51,
            "roe_4q": 20.249999999999996,
            "gross_profit": 132975,
            "gross_margin": 24.81,
            "gross_margin_4q_avg": 24.62,
            "net_income": 104464,
            "revenue": 536078,
            "common_shares": 947898,
            "book_valuer_per_share": 15.19,
            "book_valuer_per_share_4q_avg": 14.81,
            "equity": 1440051,
            "current_ratio": 350.62,
            "debt_ratio": 21,
            "inventory_turnover_ratio": 0.8,
            "account_receivable_turnover_ratio": null,
            "reinvestment_rate": 5.03,
            "research_to_sale_ratio": null,
            "price_fair": 122.23,
            "eps_avg_yearly": 3.49,
            "eps_latest_yearly": 4.4,
            "eps_growth_yearly": 68.97
        },
        "20052": {
            "year_quarter": 20052,
            "year": 2005,
            "quarter": 2,
            "eps": 0.9,
            "eps_growth_year": 45.16,
            "eps_4q": 3.19,
            "eps_4q_growth_year": -9.41,
            "roe": 5.74,
            "roe_4q": 21.93,
            "gross_profit": 153094,
            "gross_margin": 25.86,
            "gross_margin_4q_avg": 24.27,
            "net_income": 85168,
            "revenue": 592062,
            "common_shares": 947898,
            "book_valuer_per_share": 16.1,
            "book_valuer_per_share_4q_avg": 15.22,
            "equity": 1526233,
            "current_ratio": 321.76,
            "debt_ratio": 23.99,
            "inventory_turnover_ratio": 1.17,
            "account_receivable_turnover_ratio": null,
            "reinvestment_rate": 4.43,
            "research_to_sale_ratio": null,
            "price_fair": 122.5,
            "eps_avg_yearly": 3.5,
            "eps_latest_yearly": 3.6,
            "eps_growth_yearly": 58.85
        },
        "20053": {
            "year_quarter": 20053,
            "year": 2005,
            "quarter": 3,
            "eps": 1.71,
            "eps_growth_year": 80,
            "eps_4q": 4.05,
            "eps_4q_growth_year": 15.47,
            "roe": 10.02,
            "roe_4q": 25.64,
            "gross_profit": 170554,
            "gross_margin": 26.87,
            "gross_margin_4q_avg": 24.95,
            "net_income": 161719,
            "revenue": 634703,
            "common_shares": 947898,
            "book_valuer_per_share": 17.94,
            "book_valuer_per_share_4q_avg": 15.84,
            "equity": 1700912,
            "current_ratio": 353.49,
            "debt_ratio": 22.3,
            "inventory_turnover_ratio": 1.13,
            "account_receivable_turnover_ratio": null,
            "reinvestment_rate": 3.98,
            "research_to_sale_ratio": null,
            "price_fair": 130.29,
            "eps_avg_yearly": 3.72,
            "eps_latest_yearly": 6.84,
            "eps_growth_yearly": 78.92
        },
        "20054": {
            "year_quarter": 20054,
            "year": 2005,
            "quarter": 4,
            "eps": 0.32,
            "eps_growth_year": -3.03,
            "eps_4q": 3.56,
            "eps_4q_growth_year": 52.92,
            "roe": 2.04,
            "roe_4q": 25.309999999999995,
            "gross_profit": 151585,
            "gross_margin": 21.6,
            "gross_margin_4q_avg": 24.79,
            "net_income": 34659,
            "revenue": 701889,
            "common_shares": 1092604,
            "book_valuer_per_share": 15.14,
            "book_valuer_per_share_4q_avg": 16.09,
            "equity": 1691562,
            "current_ratio": 210.31,
            "debt_ratio": 39.68,
            "inventory_turnover_ratio": 0.9,
            "account_receivable_turnover_ratio": null,
            "reinvestment_rate": 24.41,
            "research_to_sale_ratio": null,
            "price_fair": 124.95,
            "eps_avg_yearly": 3.57,
            "eps_latest_yearly": 1.28,
            "eps_growth_yearly": 53.67
        },
        "20061": {
            "year_quarter": 20061,
            "year": 2006,
            "quarter": 1,
            "eps": 1.13,
            "eps_growth_year": 2.73,
            "eps_4q": 3.7,
            "eps_4q_growth_year": 29.96,
            "roe": 7.06,
            "roe_4q": 24.86,
            "gross_profit": 178862,
            "gross_margin": 25.64,
            "gross_margin_4q_avg": 24.99,
            "net_income": 124002,
            "revenue": 697627,
            "common_shares": 1092604,
            "book_valuer_per_share": 16.68,
            "book_valuer_per_share_4q_avg": 16.47,
            "equity": 1822615,
            "current_ratio": 393.56,
            "debt_ratio": 31,
            "inventory_turnover_ratio": 0.8,
            "account_receivable_turnover_ratio": null,
            "reinvestment_rate": 4.06,
            "research_to_sale_ratio": null,
            "price_fair": 123.99,
            "eps_avg_yearly": 3.54,
            "eps_latest_yearly": 4.52,
            "eps_growth_yearly": 122.81
        },
        "20062": {
            "year_quarter": 20062,
            "year": 2006,
            "quarter": 2,
            "eps": -0.03,
            "eps_growth_year": -103.33,
            "eps_4q": 2.9,
            "eps_4q_growth_year": -9.19,
            "roe": -0.19,
            "roe_4q": 18.93,
            "gross_profit": 115023,
            "gross_margin": 18.31,
            "gross_margin_4q_avg": 23.11,
            "net_income": -3676,
            "revenue": 628065,
            "common_shares": 1092604,
            "book_valuer_per_share": 18.17,
            "book_valuer_per_share_4q_avg": 16.98,
            "equity": 1985141,
            "current_ratio": 369.86,
            "debt_ratio": 23.93,
            "inventory_turnover_ratio": 0.87,
            "account_receivable_turnover_ratio": null,
            "reinvestment_rate": 4.59,
            "research_to_sale_ratio": null,
            "price_fair": 127.87,
            "eps_avg_yearly": 3.65,
            "eps_latest_yearly": 4.52,
            "eps_growth_yearly": 147.56
        },
        "20063": {
            "year_quarter": 20063,
            "year": 2006,
            "quarter": 3,
            "eps": 0.61,
            "eps_growth_year": -64.33,
            "eps_4q": 1.78,
            "eps_4q_growth_year": -56.15,
            "roe": 4.01,
            "roe_4q": 12.919999999999998,
            "gross_profit": 142278,
            "gross_margin": 20.38,
            "gross_margin_4q_avg": 21.48,
            "net_income": 81117,
            "revenue": 698024,
            "common_shares": 1385755,
            "book_valuer_per_share": 14.85,
            "book_valuer_per_share_4q_avg": 16.21,
            "equity": 2057425,
            "current_ratio": 326.64,
            "debt_ratio": 22.82,
            "inventory_turnover_ratio": 0.76,
            "account_receivable_turnover_ratio": null,
            "reinvestment_rate": 4.72,
            "research_to_sale_ratio": null,
            "price_fair": 127.1,
            "eps_avg_yearly": 3.63,
            "eps_latest_yearly": 4.52,
            "eps_growth_yearly": 126.49
        },
        "20064": {
            "year_quarter": 20064,
            "year": 2006,
            "quarter": 4,
            "eps": 0.38,
            "eps_growth_year": 18.75,
            "eps_4q": 1.88,
            "eps_4q_growth_year": -47.2,
            "roe": 2.05,
            "roe_4q": 12.93,
            "gross_profit": 167947,
            "gross_margin": 19.94,
            "gross_margin_4q_avg": 21.07,
            "net_income": 50967,
            "revenue": 842114,
            "common_shares": 1387640,
            "book_valuer_per_share": 16.2,
            "book_valuer_per_share_4q_avg": 16.48,
            "equity": 2916284,
            "current_ratio": 271.71,
            "debt_ratio": 28.34,
            "inventory_turnover_ratio": 0.73,
            "account_receivable_turnover_ratio": null,
            "reinvestment_rate": 58.79,
            "research_to_sale_ratio": null,
            "price_fair": 120.3,
            "eps_avg_yearly": 3.44,
            "eps_latest_yearly": 1.52,
            "eps_growth_yearly": 113.7
        },
        "20071": {
            "year_quarter": 20071,
            "year": 2007,
            "quarter": 1,
            "eps": 0.48,
            "eps_growth_year": -57.52,
            "eps_4q": 1.37,
            "eps_4q_growth_year": -62.89,
            "roe": 2.27,
            "roe_4q": 8.14,
            "gross_profit": 154132,
            "gross_margin": 22.25,
            "gross_margin_4q_avg": 20.22,
            "net_income": 69153,
            "revenue": 692740,
            "common_shares": 1587640,
            "book_valuer_per_share": 20.03,
            "book_valuer_per_share_4q_avg": 17.31,
            "equity": 3180829,
            "current_ratio": 517.08,
            "debt_ratio": 16.17,
            "inventory_turnover_ratio": 0.53,
            "account_receivable_turnover_ratio": null,
            "reinvestment_rate": 7.52,
            "research_to_sale_ratio": null,
            "price_fair": 117.2,
            "eps_avg_yearly": 3.35,
            "eps_latest_yearly": 1.92,
            "eps_growth_yearly": 128.49
        },
        "20072": {
            "year_quarter": 20072,
            "year": 2007,
            "quarter": 2,
            "eps": 0.25,
            "eps_growth_year": null,
            "eps_4q": 1.52,
            "eps_4q_growth_year": -47.67,
            "roe": 1.26,
            "roe_4q": 9.59,
            "gross_profit": 148821,
            "gross_margin": 18.79,
            "gross_margin_4q_avg": 20.34,
            "net_income": 39709,
            "revenue": 792139,
            "common_shares": 1587640,
            "book_valuer_per_share": 19.63,
            "book_valuer_per_share_4q_avg": 17.68,
            "equity": 3116816,
            "current_ratio": 394.57,
            "debt_ratio": 20.62,
            "inventory_turnover_ratio": 0.65,
            "account_receivable_turnover_ratio": null,
            "reinvestment_rate": 12.86,
            "research_to_sale_ratio": null,
            "price_fair": 110.9,
            "eps_avg_yearly": 3.17,
            "eps_latest_yearly": 1,
            "eps_growth_yearly": 111.55
        },
        "20073": {
            "year_quarter": 20073,
            "year": 2007,
            "quarter": 3,
            "eps": 0.58,
            "eps_growth_year": -4.92,
            "eps_4q": 1.6,
            "eps_4q_growth_year": -10.08,
            "roe": 2.88,
            "roe_4q": 8.46,
            "gross_profit": 169369,
            "gross_margin": 19.56,
            "gross_margin_4q_avg": 20.14,
            "net_income": 91189,
            "revenue": 865744,
            "common_shares": 1587640,
            "book_valuer_per_share": 20.2,
            "book_valuer_per_share_4q_avg": 19.02,
            "equity": 3207055,
            "current_ratio": 443.79,
            "debt_ratio": 18.15,
            "inventory_turnover_ratio": 0.66,
            "account_receivable_turnover_ratio": null,
            "reinvestment_rate": 15.55,
            "research_to_sale_ratio": null,
            "price_fair": 106.7,
            "eps_avg_yearly": 3.05,
            "eps_latest_yearly": 2.32,
            "eps_growth_yearly": 145.37
        },
        "20074": {
            "year_quarter": 20074,
            "year": 2007,
            "quarter": 4,
            "eps": 0.43,
            "eps_growth_year": 13.16,
            "eps_4q": 1.59,
            "eps_4q_growth_year": -15.36,
            "roe": 2.05,
            "roe_4q": 8.459999999999999,
            "gross_profit": 179285,
            "gross_margin": 15.33,
            "gross_margin_4q_avg": 18.98,
            "net_income": 73980,
            "revenue": 1169596,
            "common_shares": 1711775,
            "book_valuer_per_share": 19.05,
            "book_valuer_per_share_4q_avg": 19.73,
            "equity": 3995673,
            "current_ratio": 294.58,
            "debt_ratio": 28.36,
            "inventory_turnover_ratio": 0.76,
            "account_receivable_turnover_ratio": null,
            "reinvestment_rate": 91.18,
            "research_to_sale_ratio": null,
            "price_fair": 98.5,
            "eps_avg_yearly": 2.81,
            "eps_latest_yearly": 1.72,
            "eps_growth_yearly": 130.83
        },
        "20081": {
            "year_quarter": 20081,
            "year": 2008,
            "quarter": 1,
            "eps": 0.02,
            "eps_growth_year": -95.83,
            "eps_4q": 0.11,
            "eps_4q_growth_year": -91.7,
            "roe": -0.92,
            "roe_4q": 5.27,
            "gross_profit": 157064,
            "gross_margin": 14.97,
            "gross_margin_4q_avg": 17.16,
            "net_income": -36586,
            "revenue": 1049168,
            "common_shares": 1711775,
            "book_valuer_per_share": 18.94,
            "book_valuer_per_share_4q_avg": 19.46,
            "equity": 3936564,
            "current_ratio": 308.78,
            "debt_ratio": 29.6,
            "inventory_turnover_ratio": 0.6,
            "account_receivable_turnover_ratio": null,
            "reinvestment_rate": 102.5,
            "research_to_sale_ratio": null,
            "price_fair": 92,
            "eps_avg_yearly": 2.63,
            "eps_latest_yearly": 0.08,
            "eps_growth_yearly": 116.85
        },
        "20082": {
            "year_quarter": 20082,
            "year": 2008,
            "quarter": 2,
            "eps": -0.27,
            "eps_growth_year": -208,
            "eps_4q": 0.7,
            "eps_4q_growth_year": -53.96,
            "roe": -0.11,
            "roe_4q": 3.8999999999999995,
            "gross_profit": 245955,
            "gross_margin": 12.87,
            "gross_margin_4q_avg": 15.68,
            "net_income": -4679,
            "revenue": 1911418,
            "common_shares": 1711775,
            "book_valuer_per_share": 18.06,
            "book_valuer_per_share_4q_avg": 19.06,
            "equity": 4240083,
            "current_ratio": 329.62,
            "debt_ratio": 27.18,
            "inventory_turnover_ratio": 1.14,
            "account_receivable_turnover_ratio": null,
            "reinvestment_rate": 105.1,
            "research_to_sale_ratio": null,
            "price_fair": 92.4,
            "eps_avg_yearly": 2.64,
            "eps_latest_yearly": 0.08,
            "eps_growth_yearly": 128.13
        },
        "20083": {
            "year_quarter": 20083,
            "year": 2008,
            "quarter": 3,
            "eps": 0.59,
            "eps_growth_year": 1.72,
            "eps_4q": 0.52,
            "eps_4q_growth_year": -67.33,
            "roe": 3.03,
            "roe_4q": 4.05,
            "gross_profit": 260730,
            "gross_margin": 18.38,
            "gross_margin_4q_avg": 15.39,
            "net_income": 153465,
            "revenue": 1418380,
            "common_shares": 1711775,
            "book_valuer_per_share": 19.11,
            "book_valuer_per_share_4q_avg": 18.79,
            "equity": 5891559,
            "current_ratio": 307.72,
            "debt_ratio": 28.93,
            "inventory_turnover_ratio": 0.77,
            "account_receivable_turnover_ratio": null,
            "reinvestment_rate": 112.96,
            "research_to_sale_ratio": null,
            "price_fair": 89.02,
            "eps_avg_yearly": 2.54,
            "eps_latest_yearly": 0.08,
            "eps_growth_yearly": 121.07
        },
        "20084": {
            "year_quarter": 20084,
            "year": 2008,
            "quarter": 4,
            "eps": -0.55,
            "eps_growth_year": -227.91,
            "eps_4q": -1.93,
            "eps_4q_growth_year": -221.38,
            "roe": -1.74,
            "roe_4q": 0.2599999999999997,
            "gross_profit": 58547,
            "gross_margin": 8.39,
            "gross_margin_4q_avg": 13.65,
            "net_income": -108025,
            "revenue": 697413,
            "common_shares": 1832481,
            "book_valuer_per_share": 16.96,
            "book_valuer_per_share_4q_avg": 18.27,
            "equity": 6546482,
            "current_ratio": 374.58,
            "debt_ratio": 21.93,
            "inventory_turnover_ratio": 0.39,
            "account_receivable_turnover_ratio": 1.21,
            "reinvestment_rate": 143.65,
            "research_to_sale_ratio": null,
            "price_fair": 92.91,
            "eps_avg_yearly": 2.65,
            "eps_latest_yearly": 0.08,
            "eps_growth_yearly": 155.81
        },
        "20091": {
            "year_quarter": 20091,
            "year": 2009,
            "quarter": 1,
            "eps": 0.05,
            "eps_growth_year": 150,
            "eps_4q": -0.19,
            "eps_4q_growth_year": -269.8,
            "roe": -0.13,
            "roe_4q": 1.0499999999999996,
            "gross_profit": 70907,
            "gross_margin": 13.65,
            "gross_margin_4q_avg": 13.32,
            "net_income": -8667,
            "revenue": 519428,
            "common_shares": 1832481,
            "book_valuer_per_share": 17.11,
            "book_valuer_per_share_4q_avg": 17.81,
            "equity": 6556350,
            "current_ratio": 371.92,
            "debt_ratio": 21.58,
            "inventory_turnover_ratio": 0.26,
            "account_receivable_turnover_ratio": 0.46,
            "reinvestment_rate": 191.5,
            "research_to_sale_ratio": null,
            "price_fair": 86.8,
            "eps_avg_yearly": 2.48,
            "eps_latest_yearly": 0.08,
            "eps_growth_yearly": 78.06
        },
        "20092": {
            "year_quarter": 20092,
            "year": 2009,
            "quarter": 2,
            "eps": -0.44,
            "eps_growth_year": null,
            "eps_4q": -0.35,
            "eps_4q_growth_year": -150.69,
            "roe": -1.49,
            "roe_4q": -0.3300000000000005,
            "gross_profit": 104037,
            "gross_margin": 13.81,
            "gross_margin_4q_avg": 13.56,
            "net_income": -96781,
            "revenue": 753180,
            "common_shares": 1832481,
            "book_valuer_per_share": 16.61,
            "book_valuer_per_share_4q_avg": 17.45,
            "equity": 6448429,
            "current_ratio": 401.28,
            "debt_ratio": 20.43,
            "inventory_turnover_ratio": 0.38,
            "account_receivable_turnover_ratio": 0.65,
            "reinvestment_rate": 234.9,
            "research_to_sale_ratio": null,
            "price_fair": 82.44,
            "eps_avg_yearly": 2.36,
            "eps_latest_yearly": 0.08,
            "eps_growth_yearly": 94.81
        },
        "20093": {
            "year_quarter": 20093,
            "year": 2009,
            "quarter": 3,
            "eps": 0.03,
            "eps_growth_year": -94.92,
            "eps_4q": -0.72,
            "eps_4q_growth_year": -237.83,
            "roe": 0.15,
            "roe_4q": -3.21,
            "gross_profit": 149406,
            "gross_margin": 17.96,
            "gross_margin_4q_avg": 13.45,
            "net_income": 6925,
            "revenue": 832054,
            "common_shares": 1832481,
            "book_valuer_per_share": 16.58,
            "book_valuer_per_share_4q_avg": 16.82,
            "equity": 3072298,
            "current_ratio": 222.6,
            "debt_ratio": 33.79,
            "inventory_turnover_ratio": 0.51,
            "account_receivable_turnover_ratio": 0.65,
            "reinvestment_rate": 98.58,
            "research_to_sale_ratio": null,
            "price_fair": 62.83,
            "eps_avg_yearly": 1.8,
            "eps_latest_yearly": 0.08,
            "eps_growth_yearly": 61.66
        },
        "20094": {
            "year_quarter": 20094,
            "year": 2009,
            "quarter": 4,
            "eps": -0.47,
            "eps_growth_year": null,
            "eps_4q": -0.83,
            "eps_4q_growth_year": null,
            "roe": -3.05,
            "roe_4q": -4.52,
            "gross_profit": 125583,
            "gross_margin": 18.75,
            "gross_margin_4q_avg": 16.04,
            "net_income": -92299,
            "revenue": 669911,
            "common_shares": 1832481,
            "book_valuer_per_share": 16.19,
            "book_valuer_per_share_4q_avg": 16.62,
            "equity": 2975024,
            "current_ratio": 206.21,
            "debt_ratio": 37.45,
            "inventory_turnover_ratio": 0.51,
            "account_receivable_turnover_ratio": 1.12,
            "reinvestment_rate": 160.79,
            "research_to_sale_ratio": null,
            "price_fair": 65.4,
            "eps_avg_yearly": 1.87,
            "eps_latest_yearly": 0.08,
            "eps_growth_yearly": 116.92
        },
        "20101": {
            "year_quarter": 20101,
            "year": 2010,
            "quarter": 1,
            "eps": 0.19,
            "eps_growth_year": 280,
            "eps_4q": -0.67,
            "eps_4q_growth_year": null,
            "roe": 1.18,
            "roe_4q": -3.21,
            "gross_profit": 168827,
            "gross_margin": 18.04,
            "gross_margin_4q_avg": 17.14,
            "net_income": 35257,
            "revenue": 935733,
            "common_shares": 1832481,
            "book_valuer_per_share": 16.45,
            "book_valuer_per_share_4q_avg": 16.46,
            "equity": 3019854,
            "current_ratio": 193.14,
            "debt_ratio": 40.88,
            "inventory_turnover_ratio": 0.62,
            "account_receivable_turnover_ratio": 0.71,
            "reinvestment_rate": 279.66,
            "research_to_sale_ratio": 2.44,
            "price_fair": 4.28,
            "eps_avg_yearly": 1.43,
            "eps_latest_yearly": 0.08,
            "eps_growth_yearly": -32.34
        },
        "20102": {
            "year_quarter": 20102,
            "year": 2010,
            "quarter": 2,
            "eps": 1.13,
            "eps_growth_year": null,
            "eps_4q": 0.9,
            "eps_4q_growth_year": null,
            "roe": 6.49,
            "roe_4q": 4.7700000000000005,
            "gross_profit": 385412,
            "gross_margin": 23.7,
            "gross_margin_4q_avg": 19.61,
            "net_income": 202730,
            "revenue": 1626246,
            "common_shares": 1832481,
            "book_valuer_per_share": 17.6,
            "book_valuer_per_share_4q_avg": 16.71,
            "equity": 3226940,
            "current_ratio": 177.9,
            "debt_ratio": 46.37,
            "inventory_turnover_ratio": 0.86,
            "account_receivable_turnover_ratio": 1.13,
            "reinvestment_rate": 160.23,
            "research_to_sale_ratio": 2.17,
            "price_fair": 65.4,
            "eps_avg_yearly": 1.87,
            "eps_latest_yearly": 4.52,
            "eps_growth_yearly": 254.98
        },
        "20103": {
            "year_quarter": 20103,
            "year": 2010,
            "quarter": 3,
            "eps": 2.14,
            "eps_growth_year": 7038.32,
            "eps_4q": 3,
            "eps_4q_growth_year": null,
            "roe": 11.45,
            "roe_4q": 16.069999999999997,
            "gross_profit": 610923,
            "gross_margin": 27.34,
            "gross_margin_4q_avg": 21.96,
            "net_income": 391301,
            "revenue": 2234135,
            "common_shares": 1832481,
            "book_valuer_per_share": 19.69,
            "book_valuer_per_share_4q_avg": 17.48,
            "equity": 3609888,
            "current_ratio": 180.1,
            "debt_ratio": 46.73,
            "inventory_turnover_ratio": 1.01,
            "account_receivable_turnover_ratio": 1.29,
            "reinvestment_rate": 96.17,
            "research_to_sale_ratio": 2,
            "price_fair": 94.68,
            "eps_avg_yearly": 2.71,
            "eps_latest_yearly": 8.56,
            "eps_growth_yearly": 267.8
        },
        "20104": {
            "year_quarter": 20104,
            "year": 2010,
            "quarter": 4,
            "eps": -0.05,
            "eps_growth_year": null,
            "eps_4q": 3.42,
            "eps_4q_growth_year": null,
            "roe": -0.27,
            "roe_4q": 18.85,
            "gross_profit": 351077,
            "gross_margin": 19.77,
            "gross_margin_4q_avg": 22.21,
            "net_income": -9661,
            "revenue": 1775524,
            "common_shares": 1832481,
            "book_valuer_per_share": 19.53,
            "book_valuer_per_share_4q_avg": 18.32,
            "equity": 3580850,
            "current_ratio": 191.72,
            "debt_ratio": 43.65,
            "inventory_turnover_ratio": 0.84,
            "account_receivable_turnover_ratio": 0.94,
            "reinvestment_rate": 13.74,
            "research_to_sale_ratio": 2.01,
            "price_fair": 100.6,
            "eps_avg_yearly": 2.87,
            "eps_latest_yearly": 8.56,
            "eps_growth_yearly": 327.6
        },
        "20111": {
            "year_quarter": 20111,
            "year": 2011,
            "quarter": 1,
            "eps": 0.52,
            "eps_growth_year": 173.68,
            "eps_4q": 3.73,
            "eps_4q_growth_year": null,
            "roe": 2.7,
            "roe_4q": 20.369999999999997,
            "gross_profit": 223517,
            "gross_margin": 14.82,
            "gross_margin_4q_avg": 21.41,
            "net_income": 98574,
            "revenue": 1508016,
            "common_shares": 1832481,
            "book_valuer_per_share": 20.07,
            "book_valuer_per_share_4q_avg": 19.22,
            "equity": 3707492,
            "current_ratio": 200.97,
            "debt_ratio": 41.42,
            "inventory_turnover_ratio": 0.72,
            "account_receivable_turnover_ratio": 0.74,
            "reinvestment_rate": 98.14,
            "research_to_sale_ratio": 1.63,
            "price_fair": 106.17,
            "eps_avg_yearly": 3.03,
            "eps_latest_yearly": 8.56,
            "eps_growth_yearly": 364.66
        },
        "20112": {
            "year_quarter": 20112,
            "year": 2011,
            "quarter": 2,
            "eps": 0,
            "eps_growth_year": -99.64,
            "eps_4q": 2.44,
            "eps_4q_growth_year": 172.72,
            "roe": -0.03,
            "roe_4q": 13.85,
            "gross_profit": 118686,
            "gross_margin": 12.07,
            "gross_margin_4q_avg": 18.5,
            "net_income": -989,
            "revenue": 983376,
            "common_shares": 1832481,
            "book_valuer_per_share": 18.93,
            "book_valuer_per_share_4q_avg": 19.56,
            "equity": 3497395,
            "current_ratio": 189.06,
            "debt_ratio": 43.27,
            "inventory_turnover_ratio": 0.46,
            "account_receivable_turnover_ratio": 0.45,
            "reinvestment_rate": 91.34,
            "research_to_sale_ratio": 2.8,
            "price_fair": 120.4,
            "eps_avg_yearly": 3.44,
            "eps_latest_yearly": 8.56,
            "eps_growth_yearly": 475.93
        },
        "20113": {
            "year_quarter": 20113,
            "year": 2011,
            "quarter": 3,
            "eps": -1.42,
            "eps_growth_year": -166.1,
            "eps_4q": -0.98,
            "eps_4q_growth_year": -132.48,
            "roe": -8.23,
            "roe_4q": -5.83,
            "gross_profit": -182,
            "gross_margin": -0.03,
            "gross_margin_4q_avg": 11.66,
            "net_income": -277369,
            "revenue": 683353,
            "common_shares": 1832481,
            "book_valuer_per_share": 17.51,
            "book_valuer_per_share_4q_avg": 19.01,
            "equity": 3239851,
            "current_ratio": 177.43,
            "debt_ratio": 46.86,
            "inventory_turnover_ratio": 0.34,
            "account_receivable_turnover_ratio": 0.36,
            "reinvestment_rate": 163.07,
            "research_to_sale_ratio": 4.25,
            "price_fair": 130.2,
            "eps_avg_yearly": 3.72,
            "eps_latest_yearly": 8.56,
            "eps_growth_yearly": 462.91
        },
        "20114": {
            "year_quarter": 20114,
            "year": 2011,
            "quarter": 4,
            "eps": -6.04,
            "eps_growth_year": null,
            "eps_4q": -6.96,
            "eps_4q_growth_year": -303.86,
            "roe": -45.25,
            "roe_4q": -50.81,
            "gross_profit": -162261,
            "gross_margin": -36.92,
            "gross_margin_4q_avg": -2.52,
            "net_income": -1194423,
            "revenue": 439507,
            "common_shares": 1959971,
            "book_valuer_per_share": 10.3,
            "book_valuer_per_share_4q_avg": 16.7,
            "equity": 2039380,
            "current_ratio": 120.36,
            "debt_ratio": 64.9,
            "inventory_turnover_ratio": 0.31,
            "account_receivable_turnover_ratio": 0.3,
            "reinvestment_rate": null,
            "research_to_sale_ratio": 4.67,
            "price_fair": 153.53,
            "eps_avg_yearly": 4.39,
            "eps_latest_yearly": 8.56,
            "eps_growth_yearly": 651.69
        },
        "20121": {
            "year_quarter": 20121,
            "year": 2012,
            "quarter": 1,
            "eps": -1.07,
            "eps_growth_year": -305.77,
            "eps_4q": -8.52,
            "eps_4q_growth_year": -328.08,
            "roe": -10.77,
            "roe_4q": -64.28,
            "gross_profit": 123756,
            "gross_margin": 26.13,
            "gross_margin_4q_avg": 0.31,
            "net_income": -207892,
            "revenue": 473693,
            "common_shares": 1948782,
            "book_valuer_per_share": 9.2,
            "book_valuer_per_share_4q_avg": 13.99,
            "equity": 1821728,
            "current_ratio": 117.92,
            "debt_ratio": 65.51,
            "inventory_turnover_ratio": 0.18,
            "account_receivable_turnover_ratio": 0.49,
            "reinvestment_rate": null,
            "research_to_sale_ratio": 4.14,
            "price_fair": 228.9,
            "eps_avg_yearly": 6.54,
            "eps_latest_yearly": 8.56,
            "eps_growth_yearly": 1168.23
        },
        "20122": {
            "year_quarter": 20122,
            "year": 2012,
            "quarter": 2,
            "eps": -2.46,
            "eps_growth_year": -60450.65,
            "eps_4q": -10.98,
            "eps_4q_growth_year": -549.51,
            "roe": -30.19,
            "roe_4q": -94.44000000000001,
            "gross_profit": 45033,
            "gross_margin": 7.96,
            "gross_margin_4q_avg": -0.72,
            "net_income": -478130,
            "revenue": 565883,
            "common_shares": 1948781,
            "book_valuer_per_share": 6.75,
            "book_valuer_per_share_4q_avg": 10.94,
            "equity": 1345849,
            "current_ratio": 194.67,
            "debt_ratio": 63.15,
            "inventory_turnover_ratio": 0.28,
            "account_receivable_turnover_ratio": 0.86,
            "reinvestment_rate": null,
            "research_to_sale_ratio": 4.1,
            "price_fair": 228.9,
            "eps_avg_yearly": 6.54,
            "eps_latest_yearly": 8.56,
            "eps_growth_yearly": 1168.23
        },
        "20123": {
            "year_quarter": 20123,
            "year": 2012,
            "quarter": 3,
            "eps": -0.6,
            "eps_growth_year": null,
            "eps_4q": -10.16,
            "eps_4q_growth_year": null,
            "roe": -9.49,
            "roe_4q": -95.7,
            "gross_profit": 11483,
            "gross_margin": 1.97,
            "gross_margin_4q_avg": -0.22,
            "net_income": -121900,
            "revenue": 581562,
            "common_shares": 1948782,
            "book_valuer_per_share": 6.14,
            "book_valuer_per_share_4q_avg": 8.1,
            "equity": 1223808,
            "current_ratio": 176.04,
            "debt_ratio": 66.07,
            "inventory_turnover_ratio": 0.34,
            "account_receivable_turnover_ratio": 0.98,
            "reinvestment_rate": null,
            "research_to_sale_ratio": 2.81,
            "price_fair": 228.9,
            "eps_avg_yearly": 6.54,
            "eps_latest_yearly": 8.56,
            "eps_growth_yearly": 1168.23
        },
        "20124": {
            "year_quarter": 20124,
            "year": 2012,
            "quarter": 4,
            "eps": -1.58,
            "eps_growth_year": null,
            "eps_4q": -5.7,
            "eps_4q_growth_year": null,
            "roe": -28.03,
            "roe_4q": -78.48,
            "gross_profit": -40090,
            "gross_margin": -5.89,
            "gross_margin_4q_avg": 7.54,
            "net_income": -302117,
            "revenue": 680381,
            "common_shares": 1948781,
            "book_valuer_per_share": 4.62,
            "book_valuer_per_share_4q_avg": 6.68,
            "equity": 931558,
            "current_ratio": 114.87,
            "debt_ratio": 69.89,
            "inventory_turnover_ratio": 0.5,
            "account_receivable_turnover_ratio": 1.16,
            "reinvestment_rate": null,
            "research_to_sale_ratio": 2.48,
            "price_fair": 228.9,
            "eps_avg_yearly": 6.54,
            "eps_latest_yearly": 8.56,
            "eps_growth_yearly": 1168.23
        },
        "20131": {
            "year_quarter": 20131,
            "year": 2013,
            "quarter": 1,
            "eps": -0.76,
            "eps_growth_year": null,
            "eps_4q": -5.4,
            "eps_4q_growth_year": null,
            "roe": -17.51,
            "roe_4q": -85.22000000000001,
            "gross_profit": -65655,
            "gross_margin": -21.17,
            "gross_margin_4q_avg": -4.28,
            "net_income": -148737,
            "revenue": 310077,
            "common_shares": 1948781,
            "book_valuer_per_share": 3.77,
            "book_valuer_per_share_4q_avg": 5.32,
            "equity": 767165,
            "current_ratio": 107.77,
            "debt_ratio": 72.56,
            "inventory_turnover_ratio": 0.31,
            "account_receivable_turnover_ratio": 0.69,
            "reinvestment_rate": null,
            "research_to_sale_ratio": 5.55,
            "price_fair": 228.9,
            "eps_avg_yearly": 6.54,
            "eps_latest_yearly": 8.56,
            "eps_growth_yearly": 1168.23
        },
        "20132": {
            "year_quarter": 20132,
            "year": 2013,
            "quarter": 2,
            "eps": -0.59,
            "eps_growth_year": null,
            "eps_4q": -3.53,
            "eps_4q_growth_year": null,
            "roe": -13.41,
            "roe_4q": -68.44,
            "gross_profit": 22899,
            "gross_margin": 5.28,
            "gross_margin_4q_avg": -4.95,
            "net_income": -96336,
            "revenue": 433867,
            "common_shares": 1948781,
            "book_valuer_per_share": 3.37,
            "book_valuer_per_share_4q_avg": 4.48,
            "equity": 669846,
            "current_ratio": 101.74,
            "debt_ratio": 74.04,
            "inventory_turnover_ratio": 0.37,
            "account_receivable_turnover_ratio": 1.3,
            "reinvestment_rate": null,
            "research_to_sale_ratio": 3.97,
            "price_fair": 228.9,
            "eps_avg_yearly": 6.54,
            "eps_latest_yearly": 8.56,
            "eps_growth_yearly": 1168.23
        },
        "20133": {
            "year_quarter": 20133,
            "year": 2013,
            "quarter": 3,
            "eps": -0.7,
            "eps_growth_year": null,
            "eps_4q": -3.63,
            "eps_4q_growth_year": null,
            "roe": -22.03,
            "roe_4q": -80.98,
            "gross_profit": 19088,
            "gross_margin": 3.79,
            "gross_margin_4q_avg": -4.5,
            "net_income": -133134,
            "revenue": 503427,
            "common_shares": 1948781,
            "book_valuer_per_share": 2.68,
            "book_valuer_per_share_4q_avg": 3.61,
            "equity": 539022,
            "current_ratio": 95.22,
            "debt_ratio": 79.66,
            "inventory_turnover_ratio": 0.49,
            "account_receivable_turnover_ratio": 1.45,
            "reinvestment_rate": null,
            "research_to_sale_ratio": 3.34,
            "price_fair": 228.9,
            "eps_avg_yearly": 6.54,
            "eps_latest_yearly": 8.56,
            "eps_growth_yearly": 1168.23
        },
        "20134": {
            "year_quarter": 20134,
            "year": 2013,
            "quarter": 4,
            "eps": -0.63,
            "eps_growth_year": null,
            "eps_4q": -2.68,
            "eps_4q_growth_year": null,
            "roe": -31.29,
            "roe_4q": -84.24000000000001,
            "gross_profit": 11861,
            "gross_margin": 2.07,
            "gross_margin_4q_avg": -2.51,
            "net_income": -144757,
            "revenue": 573154,
            "common_shares": 1948781,
            "book_valuer_per_share": 2.01,
            "book_valuer_per_share_4q_avg": 2.96,
            "equity": 386145,
            "current_ratio": 85.92,
            "debt_ratio": 80.85,
            "inventory_turnover_ratio": 0.67,
            "account_receivable_turnover_ratio": 1.49,
            "reinvestment_rate": null,
            "research_to_sale_ratio": 3.06,
            "price_fair": 228.9,
            "eps_avg_yearly": 6.54,
            "eps_latest_yearly": 8.56,
            "eps_growth_yearly": 1168.23
        },
        "20141": {
            "year_quarter": 20141,
            "year": 2014,
            "quarter": 1,
            "eps": 0.25,
            "eps_growth_year": null,
            "eps_4q": -1.67,
            "eps_4q_growth_year": null,
            "roe": 12.24,
            "roe_4q": -54.489999999999995,
            "gross_profit": 47796,
            "gross_margin": 13.86,
            "gross_margin_4q_avg": 6.25,
            "net_income": 49093,
            "revenue": 344743,
            "common_shares": 1948781,
            "book_valuer_per_share": 2.16,
            "book_valuer_per_share_4q_avg": 2.56,
            "equity": 415798,
            "current_ratio": 87.48,
            "debt_ratio": 78.45,
            "inventory_turnover_ratio": 0.41,
            "account_receivable_turnover_ratio": 1,
            "reinvestment_rate": null,
            "research_to_sale_ratio": 5.86,
            "price_fair": 228.9,
            "eps_avg_yearly": 6.54,
            "eps_latest_yearly": 8.56,
            "eps_growth_yearly": 1168.23
        },
        "20142": {
            "year_quarter": 20142,
            "year": 2014,
            "quarter": 2,
            "eps": -0.4,
            "eps_growth_year": null,
            "eps_4q": -1.48,
            "eps_4q_growth_year": null,
            "roe": -20.2,
            "roe_4q": -61.28,
            "gross_profit": 17288,
            "gross_margin": 5.4,
            "gross_margin_4q_avg": 6.28,
            "net_income": -76682,
            "revenue": 320383,
            "common_shares": 1948781,
            "book_valuer_per_share": 1.78,
            "book_valuer_per_share_4q_avg": 2.16,
            "equity": 343377,
            "current_ratio": 83.39,
            "debt_ratio": 82.05,
            "inventory_turnover_ratio": 0.38,
            "account_receivable_turnover_ratio": 1.21,
            "reinvestment_rate": null,
            "research_to_sale_ratio": 5.65,
            "price_fair": 299.6,
            "eps_avg_yearly": 8.56,
            "eps_latest_yearly": 8.56,
            "eps_growth_yearly": 357.52
        },
        "20143": {
            "year_quarter": 20143,
            "year": 2014,
            "quarter": 3,
            "eps": -0.24,
            "eps_growth_year": null,
            "eps_4q": -1.02,
            "eps_4q_growth_year": null,
            "roe": -14.59,
            "roe_4q": -53.839999999999996,
            "gross_profit": 50615,
            "gross_margin": 11.08,
            "gross_margin_4q_avg": 8.1,
            "net_income": -46269,
            "revenue": 456936,
            "common_shares": 1948781,
            "book_valuer_per_share": 1.51,
            "book_valuer_per_share_4q_avg": 1.87,
            "equity": 290945,
            "current_ratio": 82.57,
            "debt_ratio": 84.81,
            "inventory_turnover_ratio": 0.48,
            "account_receivable_turnover_ratio": 1.68,
            "reinvestment_rate": null,
            "research_to_sale_ratio": 3.9,
            "price_fair": 0,
            "eps_avg_yearly": 0,
            "eps_latest_yearly": 0,
            "eps_growth_yearly": 0
        },
        "20144": {
            "year_quarter": 20144,
            "year": 2014,
            "quarter": 4,
            "eps": -0.43,
            "eps_growth_year": null,
            "eps_4q": -0.83,
            "eps_4q_growth_year": null,
            "roe": -44.06,
            "roe_4q": -66.61000000000001,
            "gross_profit": -9523,
            "gross_margin": -2.06,
            "gross_margin_4q_avg": 7.07,
            "net_income": -101587,
            "revenue": 463072,
            "common_shares": 1948781,
            "book_valuer_per_share": 0.97,
            "book_valuer_per_share_4q_avg": 1.61,
            "equity": 170139,
            "current_ratio": 77.07,
            "debt_ratio": 90.71,
            "inventory_turnover_ratio": 0.61,
            "account_receivable_turnover_ratio": 1.44,
            "reinvestment_rate": null,
            "research_to_sale_ratio": 3.41,
            "price_fair": 0,
            "eps_avg_yearly": 0,
            "eps_latest_yearly": 0,
            "eps_growth_yearly": 0
        },
        "20151": {
            "year_quarter": 20151,
            "year": 2015,
            "quarter": 1,
            "eps": -0.41,
            "eps_growth_year": -264,
            "eps_4q": -1.49,
            "eps_4q_growth_year": null,
            "roe": -61.43,
            "roe_4q": -140.28,
            "gross_profit": 3074,
            "gross_margin": 0.96,
            "gross_margin_4q_avg": 3.85,
            "net_income": -80643,
            "revenue": 321178,
            "common_shares": 1948781,
            "book_valuer_per_share": 0.58,
            "book_valuer_per_share_4q_avg": 1.21,
            "equity": 92402,
            "current_ratio": 71.13,
            "debt_ratio": 94.41,
            "inventory_turnover_ratio": 0.48,
            "account_receivable_turnover_ratio": 1.05,
            "reinvestment_rate": null,
            "research_to_sale_ratio": 6.41,
            "price_fair": 0,
            "eps_avg_yearly": 0,
            "eps_latest_yearly": 0,
            "eps_growth_yearly": 0
        },
        "20152": {
            "year_quarter": 20152,
            "year": 2015,
            "quarter": 2,
            "eps": 0.26,
            "eps_growth_year": null,
            "eps_4q": -0.83,
            "eps_4q_growth_year": null,
            "roe": 43.86,
            "roe_4q": -76.22,
            "gross_profit": 32584,
            "gross_margin": 10.4,
            "gross_margin_4q_avg": 5.1,
            "net_income": 53328,
            "revenue": 313201,
            "common_shares": 1948781,
            "book_valuer_per_share": 0.86,
            "book_valuer_per_share_4q_avg": 0.98,
            "equity": 150759,
            "current_ratio": 74.52,
            "debt_ratio": 90.59,
            "inventory_turnover_ratio": 0.46,
            "account_receivable_turnover_ratio": 1.17,
            "reinvestment_rate": null,
            "research_to_sale_ratio": 5.04,
            "price_fair": 0,
            "eps_avg_yearly": 0,
            "eps_latest_yearly": 0,
            "eps_growth_yearly": 0
        },
        "20153": {
            "year_quarter": 20153,
            "year": 2015,
            "quarter": 3,
            "eps": -0.01,
            "eps_growth_year": null,
            "eps_4q": -0.6,
            "eps_4q_growth_year": null,
            "roe": -1.16,
            "roe_4q": -62.79,
            "gross_profit": 21809,
            "gross_margin": 6.21,
            "gross_margin_4q_avg": 3.88,
            "net_income": -1632,
            "revenue": 350924,
            "common_shares": 1948781,
            "book_valuer_per_share": 0.76,
            "book_valuer_per_share_4q_avg": 0.79,
            "equity": 131511,
            "current_ratio": 73.57,
            "debt_ratio": 91.79,
            "inventory_turnover_ratio": 0.56,
            "account_receivable_turnover_ratio": 1.25,
            "reinvestment_rate": null,
            "research_to_sale_ratio": 4.45,
            "price_fair": 0,
            "eps_avg_yearly": 0,
            "eps_latest_yearly": 0,
            "eps_growth_yearly": 0
        },
        "20154": {
            "year_quarter": 20154,
            "year": 2015,
            "quarter": 4,
            "eps": -0.17,
            "eps_growth_year": null,
            "eps_4q": -0.34,
            "eps_4q_growth_year": null,
            "roe": -30.22,
            "roe_4q": -48.95,
            "gross_profit": 45944,
            "gross_margin": 10.59,
            "gross_margin_4q_avg": 7.04,
            "net_income": -36173,
            "revenue": 433674,
            "common_shares": 1948781,
            "book_valuer_per_share": 0.65,
            "book_valuer_per_share_4q_avg": 0.71,
            "equity": 107895,
            "current_ratio": 71.05,
            "debt_ratio": 92.83,
            "inventory_turnover_ratio": 0.72,
            "account_receivable_turnover_ratio": 1.48,
            "reinvestment_rate": null,
            "research_to_sale_ratio": 2.59,
            "price_fair": 0,
            "eps_avg_yearly": 0,
            "eps_latest_yearly": 0,
            "eps_growth_yearly": 0
        },
        "20161": {
            "year_quarter": 20161,
            "year": 2016,
            "quarter": 1,
            "eps": -0.39,
            "eps_growth_year": null,
            "eps_4q": -0.31,
            "eps_4q_growth_year": null,
            "roe": -102.55,
            "roe_4q": -90.06999999999998,
            "gross_profit": 7327,
            "gross_margin": 2.79,
            "gross_margin_4q_avg": 7.5,
            "net_income": -75554,
            "revenue": 262953,
            "common_shares": 1948781,
            "book_valuer_per_share": 0.3,
            "book_valuer_per_share_4q_avg": 0.64,
            "equity": 39452,
            "current_ratio": 66.27,
            "debt_ratio": 97.22,
            "inventory_turnover_ratio": 0.53,
            "account_receivable_turnover_ratio": 0.96,
            "reinvestment_rate": null,
            "research_to_sale_ratio": 5.16,
            "price_fair": 0,
            "eps_avg_yearly": 0,
            "eps_latest_yearly": 0,
            "eps_growth_yearly": 0
        },
        "20162": {
            "year_quarter": 20162,
            "year": 2016,
            "quarter": 2,
            "eps": -0.11,
            "eps_growth_year": -142.31,
            "eps_4q": -0.68,
            "eps_4q_growth_year": null,
            "roe": -157.9,
            "roe_4q": -291.83,
            "gross_profit": 39053,
            "gross_margin": 12.19,
            "gross_margin_4q_avg": 7.95,
            "net_income": -37131,
            "revenue": 320396,
            "common_shares": 1948781,
            "book_valuer_per_share": 0.22,
            "book_valuer_per_share_4q_avg": 0.48,
            "equity": 7578,
            "current_ratio": 65.7,
            "debt_ratio": 99.44,
            "inventory_turnover_ratio": 0.61,
            "account_receivable_turnover_ratio": 1.17,
            "reinvestment_rate": null,
            "research_to_sale_ratio": 4.11,
            "price_fair": 0,
            "eps_avg_yearly": 0,
            "eps_latest_yearly": 0,
            "eps_growth_yearly": 0
        },
        "20163": {
            "year_quarter": 20163,
            "year": 2016,
            "quarter": 3,
            "eps": -0.07,
            "eps_growth_year": null,
            "eps_4q": -0.74,
            "eps_4q_growth_year": null,
            "roe": -221.01,
            "roe_4q": -511.67999999999995,
            "gross_profit": 50628,
            "gross_margin": 16.17,
            "gross_margin_4q_avg": 10.44,
            "net_income": -14210,
            "revenue": 313105,
            "common_shares": 1948781,
            "book_valuer_per_share": 0.21,
            "book_valuer_per_share_4q_avg": 0.35,
            "equity": 5281,
            "current_ratio": 67.06,
            "debt_ratio": 99.61,
            "inventory_turnover_ratio": 0.58,
            "account_receivable_turnover_ratio": 1.1,
            "reinvestment_rate": null,
            "research_to_sale_ratio": 4.3,
            "price_fair": 0,
            "eps_avg_yearly": 0,
            "eps_latest_yearly": 0,
            "eps_growth_yearly": 0
        },
        "20164": {
            "year_quarter": 20164,
            "year": 2016,
            "quarter": 4,
            "eps": null,
            "eps_growth_year": null,
            "eps_4q": null,
            "eps_4q_growth_year": null,
            "roe": null,
            "roe_4q": -481.46,
            "gross_profit": null,
            "gross_margin": null,
            "gross_margin_4q_avg": 7.79,
            "net_income": null,
            "revenue": null,
            "common_shares": null,
            "book_valuer_per_share": null,
            "book_valuer_per_share_4q_avg": 0.18,
            "equity": null,
            "current_ratio": null,
            "debt_ratio": null,
            "inventory_turnover_ratio": null,
            "account_receivable_turnover_ratio": null,
            "reinvestment_rate": null,
            "research_to_sale_ratio": null,
            "price_fair": 0,
            "eps_avg_yearly": 0,
            "eps_latest_yearly": 0,
            "eps_growth_yearly": 0
        },
        "20171": {
            "year_quarter": 20171,
            "year": 2017,
            "quarter": 1,
            "eps": 0.09,
            "eps_growth_year": null,
            "eps_4q": null,
            "eps_4q_growth_year": null,
            "roe": -35.2,
            "roe_4q": -414.11,
            "gross_profit": 57410,
            "gross_margin": 21.9,
            "gross_margin_4q_avg": 12.57,
            "net_income": -16490,
            "revenue": 262141,
            "common_shares": 1948781,
            "book_valuer_per_share": 0.43,
            "book_valuer_per_share_4q_avg": 0.22,
            "equity": 46841,
            "current_ratio": 69.66,
            "debt_ratio": 96.35,
            "inventory_turnover_ratio": 0.47,
            "account_receivable_turnover_ratio": 1.07,
            "reinvestment_rate": null,
            "research_to_sale_ratio": 5.11,
            "price_fair": 0,
            "eps_avg_yearly": 0,
            "eps_latest_yearly": 0,
            "eps_growth_yearly": 0
        },
        "20172": {
            "year_quarter": 20172,
            "year": 2017,
            "quarter": 2,
            "eps": -0.41,
            "eps_growth_year": null,
            "eps_4q": null,
            "eps_4q_growth_year": null,
            "roe": -1107.33,
            "roe_4q": -1363.54,
            "gross_profit": 66848,
            "gross_margin": 23.68,
            "gross_margin_4q_avg": 15.44,
            "net_income": -80525,
            "revenue": 282354,
            "common_shares": 1948781,
            "book_valuer_per_share": 0.03,
            "book_valuer_per_share_4q_avg": 0.17,
            "equity": -32297,
            "current_ratio": 66.03,
            "debt_ratio": 102.55,
            "inventory_turnover_ratio": 0.49,
            "account_receivable_turnover_ratio": 1.09,
            "reinvestment_rate": null,
            "research_to_sale_ratio": 4.65,
            "price_fair": 0,
            "eps_avg_yearly": 0,
            "eps_latest_yearly": 0,
            "eps_growth_yearly": 0
        },
        "20173": {
            "year_quarter": 20173,
            "year": 2017,
            "quarter": 3,
            "eps": 0.08,
            "eps_growth_year": null,
            "eps_4q": null,
            "eps_4q_growth_year": null,
            "roe": -56.25,
            "roe_4q": -1198.78,
            "gross_profit": 90120,
            "gross_margin": 26.94,
            "gross_margin_4q_avg": 18.13,
            "net_income": 14697,
            "revenue": 334548,
            "common_shares": 1948781,
            "book_valuer_per_share": 0.09,
            "book_valuer_per_share_4q_avg": 0.14,
            "equity": -19961,
            "current_ratio": 67.71,
            "debt_ratio": 101.55,
            "inventory_turnover_ratio": 0.56,
            "account_receivable_turnover_ratio": 1.22,
            "reinvestment_rate": null,
            "research_to_sale_ratio": 3.8,
            "price_fair": 0,
            "eps_avg_yearly": 0,
            "eps_latest_yearly": 0,
            "eps_growth_yearly": 0
        },
        "20174": {
            "year_quarter": 20174,
            "year": 2017,
            "quarter": 4,
            "eps": 0.11,
            "eps_growth_year": null,
            "eps_4q": -0.31,
            "eps_4q_growth_year": null,
            "roe": -272.95,
            "roe_4q": -1471.73,
            "gross_profit": 63945,
            "gross_margin": 21.47,
            "gross_margin_4q_avg": 23.5,
            "net_income": 23247,
            "revenue": 297766,
            "common_shares": 1948781,
            "book_valuer_per_share": 0.19,
            "book_valuer_per_share_4q_avg": 0.19,
            "equity": 2927,
            "current_ratio": 67.62,
            "debt_ratio": 99.76,
            "inventory_turnover_ratio": 0.56,
            "account_receivable_turnover_ratio": 1.13,
            "reinvestment_rate": null,
            "research_to_sale_ratio": 4.42,
            "price_fair": 15.4,
            "eps_avg_yearly": 0.44,
            "eps_latest_yearly": 0.44,
            "eps_growth_yearly": 150
        },
        "20181": {
            "year_quarter": 20181,
            "year": 2018,
            "quarter": 1,
            "eps": -0.05,
            "eps_growth_year": -155.56,
            "eps_4q": -0.27,
            "eps_4q_growth_year": null,
            "roe": 968.04,
            "roe_4q": -468.49,
            "gross_profit": 55671,
            "gross_margin": 24.34,
            "gross_margin_4q_avg": 24.11,
            "net_income": -8814,
            "revenue": 228714,
            "common_shares": 1948781,
            "book_valuer_per_share": 0.16,
            "book_valuer_per_share_4q_avg": 0.12,
            "equity": -4748,
            "current_ratio": 65.77,
            "debt_ratio": 100.41,
            "inventory_turnover_ratio": 0.43,
            "account_receivable_turnover_ratio": 0.97,
            "reinvestment_rate": null,
            "research_to_sale_ratio": 6.18,
            "price_fair": 15.4,
            "eps_avg_yearly": 0.44,
            "eps_latest_yearly": 0.44,
            "eps_growth_yearly": 150
        },
        "20182": {
            "year_quarter": 20182,
            "year": 2018,
            "quarter": 2,
            "eps": 0.01,
            "eps_growth_year": null,
            "eps_4q": 0.15,
            "eps_4q_growth_year": null,
            "roe": -35.49,
            "roe_4q": 603.3499999999999,
            "gross_profit": 59862,
            "gross_margin": 22.58,
            "gross_margin_4q_avg": 23.83,
            "net_income": 2214,
            "revenue": 265072,
            "common_shares": 1948781,
            "book_valuer_per_share": 0.15,
            "book_valuer_per_share_4q_avg": 0.15,
            "equity": -7728,
            "current_ratio": 67.09,
            "debt_ratio": 100.64,
            "inventory_turnover_ratio": 0.5,
            "account_receivable_turnover_ratio": 1.15,
            "reinvestment_rate": null,
            "research_to_sale_ratio": 5.13,
            "price_fair": 15.4,
            "eps_avg_yearly": 0.44,
            "eps_latest_yearly": 0.44,
            "eps_growth_yearly": 150
        },
        "20183": {
            "year_quarter": 20183,
            "year": 2018,
            "quarter": 3,
            "eps": 0.04,
            "eps_growth_year": -50,
            "eps_4q": 0.09,
            "eps_4q_growth_year": null,
            "roe": -432.09,
            "roe_4q": 227.51,
            "gross_profit": 67951,
            "gross_margin": 25.98,
            "gross_margin_4q_avg": 23.59,
            "net_income": 7352,
            "revenue": 261598,
            "common_shares": 1948781,
            "book_valuer_per_share": 0.18,
            "book_valuer_per_share_4q_avg": 0.17,
            "equity": 4325,
            "current_ratio": 67.79,
            "debt_ratio": 99.64,
            "inventory_turnover_ratio": 0.45,
            "account_receivable_turnover_ratio": 1.12,
            "reinvestment_rate": null,
            "research_to_sale_ratio": 4.69,
            "price_fair": 10.5,
            "eps_avg_yearly": 0.3,
            "eps_latest_yearly": 0.16,
            "eps_growth_yearly": 675
        },
        "20184": {
            "year_quarter": 20184,
            "year": 2018,
            "quarter": 4,
            "eps": -0,
            "eps_growth_year": -103.63,
            "eps_4q": -0.02,
            "eps_4q_growth_year": null,
            "roe": -14.94,
            "roe_4q": 485.52,
            "gross_profit": 60218,
            "gross_margin": 20.08,
            "gross_margin_4q_avg": 23.25,
            "net_income": -2562,
            "revenue": 299951,
            "common_shares": 1948781,
            "book_valuer_per_share": 0.32,
            "book_valuer_per_share_4q_avg": 0.2,
            "equity": 29980,
            "current_ratio": 69.18,
            "debt_ratio": 97.5,
            "inventory_turnover_ratio": 0.55,
            "account_receivable_turnover_ratio": 1.38,
            "reinvestment_rate": null,
            "research_to_sale_ratio": 4.05,
            "price_fair": 10.5,
            "eps_avg_yearly": 0.3,
            "eps_latest_yearly": 0.16,
            "eps_growth_yearly": 675
        },
        "20191": {
            "year_quarter": 20191,
            "year": 2019,
            "quarter": 1,
            "eps": 0,
            "eps_growth_year": null,
            "eps_4q": 0.02,
            "eps_4q_growth_year": null,
            "roe": -3.65,
            "roe_4q": -486.16999999999996,
            "gross_profit": 60971,
            "gross_margin": 20.99,
            "gross_margin_4q_avg": 22.41,
            "net_income": -1020,
            "revenue": 290522,
            "common_shares": 1948781,
            "book_valuer_per_share": 0.3,
            "book_valuer_per_share_4q_avg": 0.24,
            "equity": 25905,
            "current_ratio": 68.93,
            "debt_ratio": 97.84,
            "inventory_turnover_ratio": 0.54,
            "account_receivable_turnover_ratio": 1.31,
            "reinvestment_rate": null,
            "research_to_sale_ratio": 4.41,
            "price_fair": 10.5,
            "eps_avg_yearly": 0.3,
            "eps_latest_yearly": 0.16,
            "eps_growth_yearly": 675
        },
        "20192": {
            "year_quarter": 20192,
            "year": 2019,
            "quarter": 2,
            "eps": 0.33,
            "eps_growth_year": 3200,
            "eps_4q": 0.35,
            "eps_4q_growth_year": 123.35,
            "roe": 110.94,
            "roe_4q": -339.74,
            "gross_profit": 64003,
            "gross_margin": 24.68,
            "gross_margin_4q_avg": 22.93,
            "net_income": 64959,
            "revenue": 259379,
            "common_shares": 1948781,
            "book_valuer_per_share": 0.64,
            "book_valuer_per_share_4q_avg": 0.36,
            "equity": 91198,
            "current_ratio": 73.55,
            "debt_ratio": 92.38,
            "inventory_turnover_ratio": 0.47,
            "account_receivable_turnover_ratio": 1.1,
            "reinvestment_rate": null,
            "research_to_sale_ratio": 5.25,
            "price_fair": 10.5,
            "eps_avg_yearly": 0.3,
            "eps_latest_yearly": 0.16,
            "eps_growth_yearly": 675
        },
        "20193": {
            "year_quarter": 20193,
            "year": 2019,
            "quarter": 3,
            "eps": 0.14,
            "eps_growth_year": 250,
            "eps_4q": 0.48,
            "eps_4q_growth_year": 433.14,
            "roe": 25.47,
            "roe_4q": 117.82,
            "gross_profit": 76383,
            "gross_margin": 24.33,
            "gross_margin_4q_avg": 22.52,
            "net_income": 27313,
            "revenue": 313953,
            "common_shares": 1948781,
            "book_valuer_per_share": 0.81,
            "book_valuer_per_share_4q_avg": 0.52,
            "equity": 123259,
            "current_ratio": 77.5,
            "debt_ratio": 90.14,
            "inventory_turnover_ratio": 0.55,
            "account_receivable_turnover_ratio": 1.17,
            "reinvestment_rate": null,
            "research_to_sale_ratio": 3.57,
            "price_fair": 13.53,
            "eps_avg_yearly": 0.39,
            "eps_latest_yearly": 0.56,
            "eps_growth_yearly": 373.23
        },
        "20194": {
            "year_quarter": 20194,
            "year": 2019,
            "quarter": 4,
            "eps": -0.09,
            "eps_growth_year": null,
            "eps_4q": 0.39,
            "eps_4q_growth_year": null,
            "roe": -13.12,
            "roe_4q": 119.63999999999999,
            "gross_profit": 66728,
            "gross_margin": 19.31,
            "gross_margin_4q_avg": 22.33,
            "net_income": -15213,
            "revenue": 345495,
            "common_shares": 1948781,
            "book_valuer_per_share": 0.72,
            "book_valuer_per_share_4q_avg": 0.62,
            "equity": 108588,
            "current_ratio": 76.79,
            "debt_ratio": 91.17,
            "inventory_turnover_ratio": 0.66,
            "account_receivable_turnover_ratio": 1.23,
            "reinvestment_rate": null,
            "research_to_sale_ratio": 4.12,
            "price_fair": 13.53,
            "eps_avg_yearly": 0.39,
            "eps_latest_yearly": 0.56,
            "eps_growth_yearly": 373.23
        },
        "20201": {
            "year_quarter": 20201,
            "year": 2020,
            "quarter": 1,
            "eps": -0.01,
            "eps_growth_year": null,
            "eps_4q": 0.38,
            "eps_4q_growth_year": 1942.56,
            "roe": -3.16,
            "roe_4q": 120.13,
            "gross_profit": 46321,
            "gross_margin": 23.63,
            "gross_margin_4q_avg": 22.99,
            "net_income": -3392,
            "revenue": 195997,
            "common_shares": 1948781,
            "book_valuer_per_share": 0.71,
            "book_valuer_per_share_4q_avg": 0.72,
            "equity": 105857,
            "current_ratio": 74.33,
            "debt_ratio": 91.04,
            "inventory_turnover_ratio": 0.36,
            "account_receivable_turnover_ratio": 0.76,
            "reinvestment_rate": null,
            "research_to_sale_ratio": 5.96,
            "price_fair": 13.53,
            "eps_avg_yearly": 0.39,
            "eps_latest_yearly": 0.56,
            "eps_growth_yearly": 373.23
        },
        "20202": {
            "year_quarter": 20202,
            "year": 2020,
            "quarter": 2,
            "eps": -0.08,
            "eps_growth_year": -124.24,
            "eps_4q": -0.04,
            "eps_4q_growth_year": -110.48,
            "roe": -15.37,
            "roe_4q": -6.18,
            "gross_profit": 50524,
            "gross_margin": 17.37,
            "gross_margin_4q_avg": 21.16,
            "net_income": -15398,
            "revenue": 290792,
            "common_shares": 1948781,
            "book_valuer_per_share": 0.66,
            "book_valuer_per_share_4q_avg": 0.73,
            "equity": 94450,
            "current_ratio": 73.49,
            "debt_ratio": 91.97,
            "inventory_turnover_ratio": 0.58,
            "account_receivable_turnover_ratio": 1.16,
            "reinvestment_rate": null,
            "research_to_sale_ratio": 3.8,
            "price_fair": 13.53,
            "eps_avg_yearly": 0.39,
            "eps_latest_yearly": 0.56,
            "eps_growth_yearly": 373.23
        },
        "20203": {
            "year_quarter": 20203,
            "year": 2020,
            "quarter": 3,
            "eps": 0.03,
            "eps_growth_year": -78.57,
            "eps_4q": -0.15,
            "eps_4q_growth_year": -131.67,
            "roe": 8.9,
            "roe_4q": -22.75,
            "gross_profit": 62681,
            "gross_margin": 22.81,
            "gross_margin_4q_avg": 20.78,
            "net_income": 8785,
            "revenue": 274748,
            "common_shares": 1948781,
            "book_valuer_per_share": 0.68,
            "book_valuer_per_share_4q_avg": 0.69,
            "equity": 102877,
            "current_ratio": 74.28,
            "debt_ratio": 91.28,
            "inventory_turnover_ratio": 0.52,
            "account_receivable_turnover_ratio": 1.12,
            "reinvestment_rate": null,
            "research_to_sale_ratio": 3.73,
            "price_fair": 13.53,
            "eps_avg_yearly": 0.39,
            "eps_latest_yearly": 0.56,
            "eps_growth_yearly": 373.23
        },
        "20204": {
            "year_quarter": 20204,
            "year": 2020,
            "quarter": 4,
            "eps": -0.19,
            "eps_growth_year": null,
            "eps_4q": -0.25,
            "eps_4q_growth_year": -163.93,
            "roe": -42.16,
            "roe_4q": -51.78999999999999,
            "gross_profit": 47794,
            "gross_margin": 17.21,
            "gross_margin_4q_avg": 20.26,
            "net_income": -36608,
            "revenue": 277734,
            "common_shares": 1948781,
            "book_valuer_per_share": 0.52,
            "book_valuer_per_share_4q_avg": 0.64,
            "equity": 70775,
            "current_ratio": 70.77,
            "debt_ratio": 93.71,
            "inventory_turnover_ratio": 0.58,
            "account_receivable_turnover_ratio": 1.21,
            "reinvestment_rate": null,
            "research_to_sale_ratio": 3.78,
            "price_fair": 13.53,
            "eps_avg_yearly": 0.39,
            "eps_latest_yearly": 0.56,
            "eps_growth_yearly": 373.23
        },
        "20211": {
            "year_quarter": 20211,
            "year": 2021,
            "quarter": 1,
            "eps": -0.01,
            "eps_growth_year": null,
            "eps_4q": -0.25,
            "eps_4q_growth_year": -165.99,
            "roe": -5.29,
            "roe_4q": -53.919999999999995,
            "gross_profit": 49459,
            "gross_margin": 22.22,
            "gross_margin_4q_avg": 19.9,
            "net_income": -3639,
            "revenue": 222620,
            "common_shares": 1948781,
            "book_valuer_per_share": 0.5,
            "book_valuer_per_share_4q_avg": 0.59,
            "equity": 66884,
            "current_ratio": 70.95,
            "debt_ratio": 94.17,
            "inventory_turnover_ratio": 0.43,
            "account_receivable_turnover_ratio": 1.04,
            "reinvestment_rate": null,
            "research_to_sale_ratio": 5.4,
            "price_fair": 13.53,
            "eps_avg_yearly": 0.39,
            "eps_latest_yearly": 0.56,
            "eps_growth_yearly": 373.23
        },
        "20212": {
            "year_quarter": 20212,
            "year": 2021,
            "quarter": 2,
            "eps": 0.03,
            "eps_growth_year": null,
            "eps_4q": -0.14,
            "eps_4q_growth_year": null,
            "roe": 8.86,
            "roe_4q": -29.689999999999998,
            "gross_profit": 47887,
            "gross_margin": 18.63,
            "gross_margin_4q_avg": 20.22,
            "net_income": 6313,
            "revenue": 257096,
            "common_shares": 1948781,
            "book_valuer_per_share": 0.55,
            "book_valuer_per_share_4q_avg": 0.56,
            "equity": 75561,
            "current_ratio": 75.87,
            "debt_ratio": 93.5,
            "inventory_turnover_ratio": 0.49,
            "account_receivable_turnover_ratio": 1.27,
            "reinvestment_rate": -86.41,
            "research_to_sale_ratio": 4.56,
            "price_fair": 13.53,
            "eps_avg_yearly": 0.39,
            "eps_latest_yearly": 0.56,
            "eps_growth_yearly": 373.23
        },
        "20213": {
            "year_quarter": 20213,
            "year": 2021,
            "quarter": 3,
            "eps": -0.11,
            "eps_growth_year": -466.67,
            "eps_4q": -0.28,
            "eps_4q_growth_year": null,
            "roe": -31.24,
            "roe_4q": -69.83,
            "gross_profit": 35003,
            "gross_margin": 13.26,
            "gross_margin_4q_avg": 17.83,
            "net_income": -20422,
            "revenue": 263973,
            "common_shares": 1948781,
            "book_valuer_per_share": 0.44,
            "book_valuer_per_share_4q_avg": 0.5,
            "equity": 55164,
            "current_ratio": 76.16,
            "debt_ratio": 95.55,
            "inventory_turnover_ratio": 0.49,
            "account_receivable_turnover_ratio": 1.3,
            "reinvestment_rate": -193.94,
            "research_to_sale_ratio": 4.22,
            "price_fair": 13.53,
            "eps_avg_yearly": 0.39,
            "eps_latest_yearly": 0.56,
            "eps_growth_yearly": 373.23
        },
        "20214": {
            "year_quarter": 20214,
            "year": 2021,
            "quarter": 4,
            "eps": 0.21,
            "eps_growth_year": null,
            "eps_4q": 0.12,
            "eps_4q_growth_year": null,
            "roe": 52.06,
            "roe_4q": 24.390000000000004,
            "gross_profit": 33959,
            "gross_margin": 13.34,
            "gross_margin_4q_avg": 16.86,
            "net_income": 40420,
            "revenue": 254551,
            "common_shares": 1948781,
            "book_valuer_per_share": 0.67,
            "book_valuer_per_share_4q_avg": 0.54,
            "equity": 100126,
            "current_ratio": 74.48,
            "debt_ratio": 91.48,
            "inventory_turnover_ratio": 0.45,
            "account_receivable_turnover_ratio": 1.29,
            "reinvestment_rate": -105.15,
            "research_to_sale_ratio": 3.37,
            "price_fair": 12.6,
            "eps_avg_yearly": 0.36,
            "eps_latest_yearly": 0.56,
            "eps_growth_yearly": 484.85
        },
        "20221": {
            "year_quarter": 20221,
            "year": 2022,
            "quarter": 1,
            "eps": 0.34,
            "eps_growth_year": null,
            "eps_4q": 0.47,
            "eps_4q_growth_year": null,
            "roe": 50.65,
            "roe_4q": 80.33000000000001,
            "gross_profit": 47963,
            "gross_margin": 23.33,
            "gross_margin_4q_avg": 17.14,
            "net_income": 67149,
            "revenue": 205606,
            "common_shares": 1948781,
            "book_valuer_per_share": 1,
            "book_valuer_per_share_4q_avg": 0.67,
            "equity": 165023,
            "current_ratio": 80.12,
            "debt_ratio": 85.83,
            "inventory_turnover_ratio": 0.32,
            "account_receivable_turnover_ratio": 1.19,
            "reinvestment_rate": -39.52,
            "research_to_sale_ratio": 7.07,
            "price_fair": 24.27,
            "eps_avg_yearly": 0.69,
            "eps_latest_yearly": 1.36,
            "eps_growth_yearly": 405.77
        },
        "20222": {
            "year_quarter": 20222,
            "year": 2022,
            "quarter": 2,
            "eps": 0.27,
            "eps_growth_year": 800,
            "eps_4q": 0.71,
            "eps_4q_growth_year": null,
            "roe": 27.39,
            "roe_4q": 98.86,
            "gross_profit": 68995,
            "gross_margin": 22.56,
            "gross_margin_4q_avg": 18.12,
            "net_income": 51770,
            "revenue": 305771,
            "common_shares": 1948781,
            "book_valuer_per_share": 1.25,
            "book_valuer_per_share_4q_avg": 0.84,
            "equity": 213014,
            "current_ratio": 85.59,
            "debt_ratio": 82.77,
            "inventory_turnover_ratio": 0.47,
            "account_receivable_turnover_ratio": 1.58,
            "reinvestment_rate": -28.31,
            "research_to_sale_ratio": 3.71,
            "price_fair": 27.65,
            "eps_avg_yearly": 0.79,
            "eps_latest_yearly": 1.08,
            "eps_growth_yearly": 283.74
        },
        "20223": {
            "year_quarter": 20223,
            "year": 2022,
            "quarter": 3,
            "eps": 0.16,
            "eps_growth_year": null,
            "eps_4q": 0.98,
            "eps_4q_growth_year": null,
            "roe": 7.65,
            "roe_4q": 137.75,
            "gross_profit": 72640,
            "gross_margin": 19.96,
            "gross_margin_4q_avg": 19.8,
            "net_income": 23492,
            "revenue": 363941,
            "common_shares": 1948781,
            "book_valuer_per_share": 2.24,
            "book_valuer_per_share_4q_avg": 1.29,
            "equity": 401533,
            "current_ratio": 88.75,
            "debt_ratio": 73.55,
            "inventory_turnover_ratio": 0.58,
            "account_receivable_turnover_ratio": 1.38,
            "reinvestment_rate": -23,
            "research_to_sale_ratio": 3.03,
            "price_fair": 2.73,
            "eps_avg_yearly": 0.91,
            "eps_latest_yearly": 0.64,
            "eps_growth_yearly": -57
        },
        "20224": {
            "year_quarter": 20224,
            "year": 2022,
            "quarter": 4,
            "eps": 0.32,
            "eps_growth_year": 50.61,
            "eps_4q": 4.16,
            "eps_4q_growth_year": 3381.03,
            "roe": 3.82,
            "roe_4q": 89.50999999999999,
            "gross_profit": 103778,
            "gross_margin": 26.74,
            "gross_margin_4q_avg": 23.15,
            "net_income": 15262,
            "revenue": 388081,
            "common_shares": 389756,
            "book_valuer_per_share": 11.04,
            "book_valuer_per_share_4q_avg": 3.88,
            "equity": 398400,
            "current_ratio": 89.27,
            "debt_ratio": 72.32,
            "inventory_turnover_ratio": 0.6,
            "account_receivable_turnover_ratio": 1.32,
            "reinvestment_rate": -21.95,
            "research_to_sale_ratio": 2.51,
            "price_fair": 34.44,
            "eps_avg_yearly": 0.98,
            "eps_latest_yearly": 1.28,
            "eps_growth_yearly": 34.4
        },
        "20231": {
            "year_quarter": 20231,
            "year": 2023,
            "quarter": 1,
            "eps": 0.24,
            "eps_growth_year": -29.41,
            "eps_4q": 2.69,
            "eps_4q_growth_year": 466.31,
            "roe": 2.45,
            "roe_4q": 41.31,
            "gross_profit": 64399,
            "gross_margin": 18.29,
            "gross_margin_4q_avg": 21.89,
            "net_income": 9841,
            "revenue": 352049,
            "common_shares": 389756,
            "book_valuer_per_share": 11.19,
            "book_valuer_per_share_4q_avg": 6.43,
            "equity": 404358,
            "current_ratio": 90.41,
            "debt_ratio": 72.02,
            "inventory_turnover_ratio": 0.66,
            "account_receivable_turnover_ratio": 1.19,
            "reinvestment_rate": -20.38,
            "research_to_sale_ratio": 3.49,
            "price_fair": 21.56,
            "eps_avg_yearly": 0.98,
            "eps_latest_yearly": 0.96,
            "eps_growth_yearly": 12
        }
    },
    "months": {
        "2002-08": {
            "month": "2002-08",
            "price": "59.80",
            "revenue": 141101
        },
        "2002-09": {
            "month": "2002-09",
            "price": "52.56",
            "revenue": 130924
        },
        "2002-10": {
            "month": "2002-10",
            "price": "41.15",
            "revenue": 154948
        },
        "2002-11": {
            "month": "2002-11",
            "price": "45.47",
            "revenue": 200993
        },
        "2002-12": {
            "month": "2002-12",
            "price": "41.92",
            "revenue": 184584
        },
        "2003-01": {
            "month": "2003-01",
            "price": "40.05",
            "revenue": 154497
        },
        "2003-02": {
            "month": "2003-02",
            "price": "37.95",
            "revenue": 126767
        },
        "2003-03": {
            "month": "2003-03",
            "price": "38.78",
            "revenue": 155634
        },
        "2003-04": {
            "month": "2003-04",
            "price": "38.72",
            "revenue": 161595
        },
        "2003-05": {
            "month": "2003-05",
            "price": "37.33",
            "revenue": 159540
        },
        "2003-06": {
            "month": "2003-06",
            "price": "45.55",
            "revenue": 169022
        },
        "2003-07": {
            "month": "2003-07",
            "price": "54.36",
            "revenue": 200393
        },
        "2003-08": {
            "month": "2003-08",
            "price": "54.57",
            "revenue": 201141
        },
        "2003-09": {
            "month": "2003-09",
            "price": "50.01",
            "revenue": 187279
        },
        "2003-10": {
            "month": "2003-10",
            "price": "50.05",
            "revenue": 201081
        },
        "2003-11": {
            "month": "2003-11",
            "price": "48.01",
            "revenue": 211829
        },
        "2003-12": {
            "month": "2003-12",
            "price": "46.17",
            "revenue": 201399
        },
        "2004-01": {
            "month": "2004-01",
            "price": "46.02",
            "revenue": 117367
        },
        "2004-02": {
            "month": "2004-02",
            "price": "46.28",
            "revenue": 163847
        },
        "2004-03": {
            "month": "2004-03",
            "price": "47.25",
            "revenue": 170172
        },
        "2004-04": {
            "month": "2004-04",
            "price": "44.73",
            "revenue": 161300
        },
        "2004-05": {
            "month": "2004-05",
            "price": "38.62",
            "revenue": 159894
        },
        "2004-06": {
            "month": "2004-06",
            "price": "38.37",
            "revenue": 177102
        },
        "2004-07": {
            "month": "2004-07",
            "price": "31.90",
            "revenue": 182230
        },
        "2004-08": {
            "month": "2004-08",
            "price": "29.42",
            "revenue": 201720
        },
        "2004-09": {
            "month": "2004-09",
            "price": "29.73",
            "revenue": 203820
        },
        "2004-10": {
            "month": "2004-10",
            "price": "29.34",
            "revenue": 203929
        },
        "2004-11": {
            "month": "2004-11",
            "price": "32.28",
            "revenue": 211531
        },
        "2004-12": {
            "month": "2004-12",
            "price": "39.67",
            "revenue": 221543
        },
        "2005-01": {
            "month": "2005-01",
            "price": "39.73",
            "revenue": 197754
        },
        "2005-02": {
            "month": "2005-02",
            "price": "42.34",
            "revenue": 144121
        },
        "2005-03": {
            "month": "2005-03",
            "price": "45.38",
            "revenue": 220757
        },
        "2005-04": {
            "month": "2005-04",
            "price": "43.81",
            "revenue": 203787
        },
        "2005-05": {
            "month": "2005-05",
            "price": "44.04",
            "revenue": 216099
        },
        "2005-06": {
            "month": "2005-06",
            "price": "50.58",
            "revenue": 227671
        },
        "2005-07": {
            "month": "2005-07",
            "price": "57.24",
            "revenue": 208967
        },
        "2005-08": {
            "month": "2005-08",
            "price": "53.13",
            "revenue": 237182
        },
        "2005-09": {
            "month": "2005-09",
            "price": "44.22",
            "revenue": 234401
        },
        "2005-10": {
            "month": "2005-10",
            "price": "42.64",
            "revenue": 235344
        },
        "2005-11": {
            "month": "2005-11",
            "price": "44.59",
            "revenue": 262454
        },
        "2005-12": {
            "month": "2005-12",
            "price": "46.61",
            "revenue": 276875
        },
        "2006-01": {
            "month": "2006-01",
            "price": "50.08",
            "revenue": 228411
        },
        "2006-02": {
            "month": "2006-02",
            "price": "51.88",
            "revenue": 215369
        },
        "2006-03": {
            "month": "2006-03",
            "price": "53.07",
            "revenue": 296179
        },
        "2006-04": {
            "month": "2006-04",
            "price": "65.19",
            "revenue": 217523
        },
        "2006-05": {
            "month": "2006-05",
            "price": "121.14",
            "revenue": 236220
        },
        "2006-06": {
            "month": "2006-06",
            "price": "80.10",
            "revenue": 247032
        },
        "2006-07": {
            "month": "2006-07",
            "price": "82.10",
            "revenue": 222356
        },
        "2006-08": {
            "month": "2006-08",
            "price": "83.53",
            "revenue": 257716
        },
        "2006-09": {
            "month": "2006-09",
            "price": "75.06",
            "revenue": 278712
        },
        "2006-10": {
            "month": "2006-10",
            "price": "67.99",
            "revenue": 276005
        },
        "2006-11": {
            "month": "2006-11",
            "price": "64.08",
            "revenue": 285321
        },
        "2006-12": {
            "month": "2006-12",
            "price": "60.17",
            "revenue": 299092
        },
        "2007-01": {
            "month": "2007-01",
            "price": "63.55",
            "revenue": 256126
        },
        "2007-02": {
            "month": "2007-02",
            "price": "64.22",
            "revenue": 190189
        },
        "2007-03": {
            "month": "2007-03",
            "price": "74.95",
            "revenue": 261576
        },
        "2007-04": {
            "month": "2007-04",
            "price": "68.90",
            "revenue": 245665
        },
        "2007-05": {
            "month": "2007-05",
            "price": "61.24",
            "revenue": 268944
        },
        "2007-06": {
            "month": "2007-06",
            "price": "65.09",
            "revenue": 277250
        },
        "2007-07": {
            "month": "2007-07",
            "price": "68.53",
            "revenue": 262444
        },
        "2007-08": {
            "month": "2007-08",
            "price": "52.98",
            "revenue": 297110
        },
        "2007-09": {
            "month": "2007-09",
            "price": "47.91",
            "revenue": 307286
        },
        "2007-10": {
            "month": "2007-10",
            "price": "47.85",
            "revenue": 367730
        },
        "2007-11": {
            "month": "2007-11",
            "price": "40.44",
            "revenue": 407784
        },
        "2007-12": {
            "month": "2007-12",
            "price": "35.19",
            "revenue": 387232
        },
        "2008-01": {
            "month": "2008-01",
            "price": "29.78",
            "revenue": 288862
        },
        "2008-02": {
            "month": "2008-02",
            "price": "28.50",
            "revenue": 215940
        },
        "2008-03": {
            "month": "2008-03",
            "price": "33.46",
            "revenue": 281077
        },
        "2008-04": {
            "month": "2008-04",
            "price": "34.72",
            "revenue": 371724
        },
        "2008-05": {
            "month": "2008-05",
            "price": "36.46",
            "revenue": 401273
        },
        "2008-06": {
            "month": "2008-06",
            "price": "32.65",
            "revenue": 400222
        },
        "2008-07": {
            "month": "2008-07",
            "price": "25.33",
            "revenue": 389324
        },
        "2008-08": {
            "month": "2008-08",
            "price": "24.87",
            "revenue": 474075
        },
        "2008-09": {
            "month": "2008-09",
            "price": "19.15",
            "revenue": 476438
        },
        "2008-10": {
            "month": "2008-10",
            "price": "14.88",
            "revenue": 342789
        },
        "2008-11": {
            "month": "2008-11",
            "price": "10.96",
            "revenue": 248532
        },
        "2008-12": {
            "month": "2008-12",
            "price": "10.44",
            "revenue": 190361
        },
        "2009-01": {
            "month": "2009-01",
            "price": "11.14",
            "revenue": 132086
        },
        "2009-02": {
            "month": "2009-02",
            "price": "10.98",
            "revenue": 118424
        },
        "2009-03": {
            "month": "2009-03",
            "price": "13.10",
            "revenue": 191089
        },
        "2009-04": {
            "month": "2009-04",
            "price": "16.10",
            "revenue": 205615
        },
        "2009-05": {
            "month": "2009-05",
            "price": "19.26",
            "revenue": 216502
        },
        "2009-06": {
            "month": "2009-06",
            "price": "26.90",
            "revenue": 261094
        },
        "2009-07": {
            "month": "2009-07",
            "price": "28.01",
            "revenue": 239807
        },
        "2009-08": {
            "month": "2009-08",
            "price": "25.48",
            "revenue": 208377
        },
        "2009-09": {
            "month": "2009-09",
            "price": "23.91",
            "revenue": 244663
        },
        "2009-10": {
            "month": "2009-10",
            "price": "24.24",
            "revenue": 247633
        },
        "2009-11": {
            "month": "2009-11",
            "price": "24.29",
            "revenue": 192992
        },
        "2009-12": {
            "month": "2009-12",
            "price": "26.80",
            "revenue": 251073
        },
        "2010-01": {
            "month": "2010-01",
            "price": "25.25",
            "revenue": 226616
        },
        "2010-02": {
            "month": "2010-02",
            "price": "21.71",
            "revenue": 257493
        },
        "2010-03": {
            "month": "2010-03",
            "price": "24.21",
            "revenue": 352108
        },
        "2010-04": {
            "month": "2010-04",
            "price": "31.32",
            "revenue": 441054
        },
        "2010-05": {
            "month": "2010-05",
            "price": "34.45",
            "revenue": 505023
        },
        "2010-06": {
            "month": "2010-06",
            "price": "43.55",
            "revenue": 607657
        },
        "2010-07": {
            "month": "2010-07",
            "price": "61.54",
            "revenue": 651777
        },
        "2010-08": {
            "month": "2010-08",
            "price": "79.38",
            "revenue": 734518
        },
        "2010-09": {
            "month": "2010-09",
            "price": "84.00",
            "revenue": 738193
        },
        "2010-10": {
            "month": "2010-10",
            "price": "61.17",
            "revenue": 612725
        },
        "2010-11": {
            "month": "2010-11",
            "price": "54.65",
            "revenue": 593629
        },
        "2010-12": {
            "month": "2010-12",
            "price": "60.80",
            "revenue": 535499
        },
        "2011-01": {
            "month": "2011-01",
            "price": "67.22",
            "revenue": 538049
        },
        "2011-02": {
            "month": "2011-02",
            "price": "72.55",
            "revenue": 422171
        },
        "2011-03": {
            "month": "2011-03",
            "price": "69.85",
            "revenue": 442890
        },
        "2011-04": {
            "month": "2011-04",
            "price": "60.57",
            "revenue": 399550
        },
        "2011-05": {
            "month": "2011-05",
            "price": "50.36",
            "revenue": 341885
        },
        "2011-06": {
            "month": "2011-06",
            "price": "48.64",
            "revenue": 304958
        },
        "2011-07": {
            "month": "2011-07",
            "price": "42.25",
            "revenue": 231372
        },
        "2011-08": {
            "month": "2011-08",
            "price": "29.82",
            "revenue": 302206
        },
        "2011-09": {
            "month": "2011-09",
            "price": "26.72",
            "revenue": 351358
        },
        "2011-10": {
            "month": "2011-10",
            "price": "25.49",
            "revenue": 274734
        },
        "2011-11": {
            "month": "2011-11",
            "price": "17.43",
            "revenue": 185875
        },
        "2011-12": {
            "month": "2011-12",
            "price": "14.10",
            "revenue": 122146
        },
        "2012-01": {
            "month": "2012-01",
            "price": "14.64",
            "revenue": 174619
        },
        "2012-02": {
            "month": "2012-02",
            "price": "23.10",
            "revenue": 131700
        },
        "2012-03": {
            "month": "2012-03",
            "price": "22.62",
            "revenue": 154816
        },
        "2012-04": {
            "month": "2012-04",
            "price": "17.11",
            "revenue": 196412
        },
        "2012-05": {
            "month": "2012-05",
            "price": "15.46",
            "revenue": 182323
        },
        "2012-06": {
            "month": "2012-06",
            "price": "14.36",
            "revenue": 149765
        },
        "2012-07": {
            "month": "2012-07",
            "price": "12.47",
            "revenue": 185529
        },
        "2012-08": {
            "month": "2012-08",
            "price": "11.19",
            "revenue": 186647
        },
        "2012-09": {
            "month": "2012-09",
            "price": "11.46",
            "revenue": 182464
        },
        "2012-10": {
            "month": "2012-10",
            "price": "8.52",
            "revenue": 207884
        },
        "2012-11": {
            "month": "2012-11",
            "price": "8.60",
            "revenue": 254139
        },
        "2012-12": {
            "month": "2012-12",
            "price": "13.33",
            "revenue": 249226
        },
        "2013-01": {
            "month": "2013-01",
            "price": "14.96",
            "revenue": 118031
        },
        "2013-02": {
            "month": "2013-02",
            "price": "14.09",
            "revenue": 82708
        },
        "2013-03": {
            "month": "2013-03",
            "price": "13.44",
            "revenue": 109338
        },
        "2013-04": {
            "month": "2013-04",
            "price": "8.29",
            "revenue": 141257
        },
        "2013-05": {
            "month": "2013-05",
            "price": "6.82",
            "revenue": 150593
        },
        "2013-06": {
            "month": "2013-06",
            "price": "5.76",
            "revenue": 136292
        },
        "2013-07": {
            "month": "2013-07",
            "price": "4.91",
            "revenue": 151544
        },
        "2013-08": {
            "month": "2013-08",
            "price": "4.43",
            "revenue": 161475
        },
        "2013-09": {
            "month": "2013-09",
            "price": "4.48",
            "revenue": 164871
        },
        "2013-10": {
            "month": "2013-10",
            "price": "6.05",
            "revenue": 213874
        },
        "2013-11": {
            "month": "2013-11",
            "price": "5.58",
            "revenue": 197540
        },
        "2013-12": {
            "month": "2013-12",
            "price": "5.05",
            "revenue": 182142
        },
        "2014-01": {
            "month": "2014-01",
            "price": "5.48",
            "revenue": 133986
        },
        "2014-02": {
            "month": "2014-02",
            "price": "5.05",
            "revenue": 94975
        },
        "2014-03": {
            "month": "2014-03",
            "price": "4.94",
            "revenue": 121647
        },
        "2014-04": {
            "month": "2014-04",
            "price": "4.85",
            "revenue": 102718
        },
        "2014-05": {
            "month": "2014-05",
            "price": "5.19",
            "revenue": 104043
        },
        "2014-06": {
            "month": "2014-06",
            "price": "8.48",
            "revenue": 116899
        },
        "2014-07": {
            "month": "2014-07",
            "price": "7.27",
            "revenue": 152682
        },
        "2014-08": {
            "month": "2014-08",
            "price": "6.42",
            "revenue": 157942
        },
        "2014-09": {
            "month": "2014-09",
            "price": "5.57",
            "revenue": 147842
        },
        "2014-10": {
            "month": "2014-10",
            "price": "4.87",
            "revenue": 182896
        },
        "2014-11": {
            "month": "2014-11",
            "price": "4.74",
            "revenue": 130506
        },
        "2014-12": {
            "month": "2014-12",
            "price": "4.53",
            "revenue": 151410
        },
        "2015-01": {
            "month": "2015-01",
            "price": "4.67",
            "revenue": 160862
        },
        "2015-02": {
            "month": "2015-02",
            "price": "4.52",
            "revenue": 67838
        },
        "2015-03": {
            "month": "2015-03",
            "price": "4.54",
            "revenue": 92435
        },
        "2015-04": {
            "month": "2015-04",
            "price": "4.22",
            "revenue": 108660
        },
        "2015-05": {
            "month": "2015-05",
            "price": "3.38",
            "revenue": 105352
        },
        "2015-06": {
            "month": "2015-06",
            "price": "3.75",
            "revenue": 99755
        },
        "2015-07": {
            "month": "2015-07",
            "price": "2.95",
            "revenue": 111641
        },
        "2015-08": {
            "month": "2015-08",
            "price": "2.33",
            "revenue": 124637
        },
        "2015-09": {
            "month": "2015-09",
            "price": "2.49",
            "revenue": 113614
        },
        "2015-10": {
            "month": "2015-10",
            "price": "2.75",
            "revenue": 135716
        },
        "2015-11": {
            "month": "2015-11",
            "price": "3.18",
            "revenue": 129773
        },
        "2015-12": {
            "month": "2015-12",
            "price": "3.15",
            "revenue": 160537
        },
        "2016-01": {
            "month": "2016-01",
            "price": "2.55",
            "revenue": 112357
        },
        "2016-02": {
            "month": "2016-02",
            "price": "2.82",
            "revenue": 54520
        },
        "2016-03": {
            "month": "2016-03",
            "price": "2.59",
            "revenue": 105483
        },
        "2016-04": {
            "month": "2016-04",
            "price": "2.31",
            "revenue": 108638
        },
        "2016-05": {
            "month": "2016-05",
            "price": "2.06",
            "revenue": 109624
        },
        "2016-06": {
            "month": "2016-06",
            "price": "1.88",
            "revenue": 113375
        },
        "2016-07": {
            "month": "2016-07",
            "price": "2.67",
            "revenue": 105217
        },
        "2016-08": {
            "month": "2016-08",
            "price": "2.46",
            "revenue": 110666
        },
        "2016-09": {
            "month": "2016-09",
            "price": "2.25",
            "revenue": 102539
        },
        "2016-10": {
            "month": "2016-10",
            "price": "2.31",
            "revenue": 103217
        },
        "2016-11": {
            "month": "2016-11",
            "price": "2.11",
            "revenue": 113752
        },
        "2016-12": {
            "month": "2016-12",
            "price": "2.17",
            "revenue": 144806
        },
        "2017-01": {
            "month": "2017-01",
            "price": "2.28",
            "revenue": 74511
        },
        "2017-02": {
            "month": "2017-02",
            "price": "2.36",
            "revenue": 80590
        },
        "2017-03": {
            "month": "2017-03",
            "price": "2.34",
            "revenue": 112441
        },
        "2017-04": {
            "month": "2017-04",
            "price": "3.10",
            "revenue": 93885
        },
        "2017-05": {
            "month": "2017-05",
            "price": "2.94",
            "revenue": 90259
        },
        "2017-06": {
            "month": "2017-06",
            "price": "2.89",
            "revenue": 105098
        },
        "2017-07": {
            "month": "2017-07",
            "price": "2.58",
            "revenue": 102809
        },
        "2017-08": {
            "month": "2017-08",
            "price": "2.46",
            "revenue": 109470
        },
        "2017-09": {
            "month": "2017-09",
            "price": "2.51",
            "revenue": 125365
        },
        "2017-10": {
            "month": "2017-10",
            "price": "2.71",
            "revenue": 98038
        },
        "2017-11": {
            "month": "2017-11",
            "price": "2.54",
            "revenue": 94912
        },
        "2017-12": {
            "month": "2017-12",
            "price": "2.48",
            "revenue": 107591
        },
        "2018-01": {
            "month": "2018-01",
            "price": "2.31",
            "revenue": 80579
        },
        "2018-02": {
            "month": "2018-02",
            "price": "2.31",
            "revenue": 59102
        },
        "2018-03": {
            "month": "2018-03",
            "price": "2.66",
            "revenue": 90782
        },
        "2018-04": {
            "month": "2018-04",
            "price": "2.59",
            "revenue": 67040
        },
        "2018-05": {
            "month": "2018-05",
            "price": "2.37",
            "revenue": 101342
        },
        "2018-06": {
            "month": "2018-06",
            "price": "2.37",
            "revenue": 99444
        },
        "2018-07": {
            "month": "2018-07",
            "price": "2.26",
            "revenue": 99419
        },
        "2018-08": {
            "month": "2018-08",
            "price": "2.49",
            "revenue": 80594
        },
        "2018-09": {
            "month": "2018-09",
            "price": "2.52",
            "revenue": 73227
        },
        "2018-10": {
            "month": "2018-10",
            "price": "2.26",
            "revenue": 100571
        },
        "2018-11": {
            "month": "2018-11",
            "price": "2.10",
            "revenue": 99432
        },
        "2018-12": {
            "month": "2018-12",
            "price": "2.19",
            "revenue": 101442
        },
        "2019-01": {
            "month": "2019-01",
            "price": "2.46",
            "revenue": 114331
        },
        "2019-02": {
            "month": "2019-02",
            "price": "2.98",
            "revenue": 40247
        },
        "2019-03": {
            "month": "2019-03",
            "price": "2.56",
            "revenue": 137604
        },
        "2019-04": {
            "month": "2019-04",
            "price": "2.43",
            "revenue": 81395
        },
        "2019-05": {
            "month": "2019-05",
            "price": "2.42",
            "revenue": 85291
        },
        "2019-06": {
            "month": "2019-06",
            "price": "2.40",
            "revenue": 94734
        },
        "2019-07": {
            "month": "2019-07",
            "price": "2.33",
            "revenue": 90140
        },
        "2019-08": {
            "month": "2019-08",
            "price": "2.46",
            "revenue": 120374
        },
        "2019-09": {
            "month": "2019-09",
            "price": "2.75",
            "revenue": 102505
        },
        "2019-10": {
            "month": "2019-10",
            "price": "2.66",
            "revenue": 114013
        },
        "2019-11": {
            "month": "2019-11",
            "price": "2.55",
            "revenue": 93467
        },
        "2019-12": {
            "month": "2019-12",
            "price": "1.91",
            "revenue": 143547
        },
        "2020-01": {
            "month": "2020-01",
            "price": "1.94",
            "revenue": 68960
        },
        "2020-02": {
            "month": "2020-02",
            "price": "2.02",
            "revenue": 54882
        },
        "2020-03": {
            "month": "2020-03",
            "price": "1.55",
            "revenue": 73459
        },
        "2020-04": {
            "month": "2020-04",
            "price": "1.35",
            "revenue": 92324
        },
        "2020-05": {
            "month": "2020-05",
            "price": "1.44",
            "revenue": 113317
        },
        "2020-06": {
            "month": "2020-06",
            "price": "1.73",
            "revenue": 89060
        },
        "2020-07": {
            "month": "2020-07",
            "price": "2.81",
            "revenue": 99553
        },
        "2020-08": {
            "month": "2020-08",
            "price": "4.27",
            "revenue": 86823
        },
        "2020-09": {
            "month": "2020-09",
            "price": "10.67",
            "revenue": 90298
        },
        "2020-10": {
            "month": "2020-10",
            "price": "7.39",
            "revenue": 90462
        },
        "2020-11": {
            "month": "2020-11",
            "price": "6.03",
            "revenue": 87757
        },
        "2020-12": {
            "month": "2020-12",
            "price": "5.18",
            "revenue": 99154
        },
        "2021-01": {
            "month": "2021-01",
            "price": "4.41",
            "revenue": 86726
        },
        "2021-02": {
            "month": "2021-02",
            "price": "4.19",
            "revenue": 55391
        },
        "2021-03": {
            "month": "2021-03",
            "price": "4.50",
            "revenue": 80202
        },
        "2021-04": {
            "month": "2021-04",
            "price": "4.73",
            "revenue": 87431
        },
        "2021-05": {
            "month": "2021-05",
            "price": "4.20",
            "revenue": 79015
        },
        "2021-06": {
            "month": "2021-06",
            "price": "3.98",
            "revenue": 90857
        },
        "2021-07": {
            "month": "2021-07",
            "price": "4.08",
            "revenue": 78115
        },
        "2021-08": {
            "month": "2021-08",
            "price": "3.75",
            "revenue": 97653
        },
        "2021-09": {
            "month": "2021-09",
            "price": "3.79",
            "revenue": 88679
        },
        "2021-10": {
            "month": "2021-10",
            "price": "3.83",
            "revenue": 95866
        },
        "2021-11": {
            "month": "2021-11",
            "price": "3.65",
            "revenue": 65254
        },
        "2021-12": {
            "month": "2021-12",
            "price": "3.73",
            "revenue": 94882
        },
        "2022-01": {
            "month": "2022-01",
            "price": "4.65",
            "revenue": 79123
        },
        "2022-02": {
            "month": "2022-02",
            "price": "4.87",
            "revenue": 51117
        },
        "2022-03": {
            "month": "2022-03",
            "price": "4.68",
            "revenue": 77017
        },
        "2022-04": {
            "month": "2022-04",
            "price": "4.28",
            "revenue": 96103
        },
        "2022-05": {
            "month": "2022-05",
            "price": "4.25",
            "revenue": 104095
        },
        "2022-06": {
            "month": "2022-06",
            "price": "4.62",
            "revenue": 103535
        },
        "2022-07": {
            "month": "2022-07",
            "price": "4.38",
            "revenue": 86016
        },
        "2022-08": {
            "month": "2022-08",
            "price": "5.74",
            "revenue": 148084
        },
        "2022-09": {
            "month": "2022-09",
            "price": "7.41",
            "revenue": 129340
        },
        "2022-10": {
            "month": "2022-10",
            "price": "6.76",
            "revenue": 113986
        },
        "2022-11": {
            "month": "2022-11",
            "price": "6.55",
            "revenue": 137737
        },
        "2022-12": {
            "month": "2022-12",
            "price": "20.87",
            "revenue": 131379
        },
        "2023-01": {
            "month": "2023-01",
            "price": "26.25",
            "revenue": 91892
        },
        "2023-02": {
            "month": "2023-02",
            "price": "29.23",
            "revenue": 92949
        },
        "2023-03": {
            "month": "2023-03",
            "price": "32.21",
            "revenue": 162715
        },
        "2023-04": {
            "month": "2023-04",
            "price": "40.04",
            "revenue": 113387
        }
    }
}
