{
    "summary": {
        "stock_name": "健鼎",
        "stock_id": "3044",
        "category": "電子零組件",
        "main_business": "印刷電路板<br>工業自動化機械<br>電子收銀機系統",
        "website_url": "http://www.tripod-tech.com",
        "ceo": "黃樂仁",
        "pe_ratio": 10,
        "report_year_from": 2001,
        "report_year_to": 2023,
        "age": 22,
        "eps_negative_percentage": 0,
        "eps_growth_avg": {
            "last_all": 9.04,
            "last_2y": 0.95,
            "last_4y": 7.67,
            "last_8y": 11.67,
            "last_12y": 6.84,
            "last_16y": 5.57,
            "last_20y": 9.04,
            "at_2006_last_3y": 35.02,
            "at_2007_last_3y": 30.89,
            "at_2008_last_3y": 12.52,
            "at_2009_last_3y": 1.47,
            "at_2010_last_3y": 10.96,
            "at_2011_last_3y": 2.3,
            "at_2012_last_3y": 2.97,
            "at_2013_last_3y": -4.03,
            "at_2014_last_3y": -15.86,
            "at_2015_last_3y": -8.27,
            "at_2016_last_3y": 6.4,
            "at_2017_last_3y": 16.66,
            "at_2018_last_3y": 17.18,
            "at_2019_last_3y": 20.93,
            "at_2020_last_3y": 14.76,
            "at_2021_last_3y": 8.15,
            "at_2022_last_3y": 6.3,
            "at_2023_last_3y": 6.3,
            "at_2006_last_all": 23.09,
            "at_2007_last_all": 21.18,
            "at_2008_last_all": 13.12,
            "at_2009_last_all": 12.61,
            "at_2010_last_all": 17.7,
            "at_2011_last_all": 13.63,
            "at_2012_last_all": 9.43,
            "at_2013_last_all": 7.06,
            "at_2014_last_all": 7.37,
            "at_2015_last_all": 7.37,
            "at_2016_last_all": 8.62,
            "at_2017_last_all": 9.46,
            "at_2018_last_all": 9.68,
            "at_2019_last_all": 10.38,
            "at_2020_last_all": 9.91,
            "at_2021_last_all": 9.2,
            "at_2022_last_all": 9.04,
            "at_2023_last_all": 9.04
        },
        "latest_eps": 11.22,
        "latest_price": 117,
        "latest_roe": 14,
        "latest_gross_margin": 15.3,
        "latest_equity": 43057329,
        "latest_revenue": 14228829,
        "latest_gross_profit": 2177340,
        "latest_net_income": 1143498,
        "latest_debt_ratio": 43.62,
        "latest_current_ratio": 166,
        "latest_account_receivable_turnover_ratio": 0.83,
        "latest_inventory_turnover_ratio": 1.15,
        "latest_reinvestment_rate": 22.42,
        "latest_research_to_sale_ratio": 0.42
    },
    "eps_dividends": {
        "2001": {
            "cash": 0,
            "stock": 2,
            "eps": 3.49
        },
        "2002": {
            "cash": 0,
            "stock": 2,
            "eps": 2.63
        },
        "2003": {
            "cash": 1,
            "stock": 1,
            "eps": 3.37
        },
        "2004": {
            "cash": 1,
            "stock": 1,
            "eps": 4.66
        },
        "2005": {
            "cash": 1,
            "stock": 2,
            "eps": 7.14
        },
        "2006": {
            "cash": 1,
            "stock": 1,
            "eps": 8.6
        },
        "2007": {
            "cash": 2,
            "stock": 1,
            "eps": 9.6
        },
        "2008": {
            "cash": 2,
            "stock": 1,
            "eps": 6.22
        },
        "2009": {
            "cash": 2,
            "stock": 0,
            "eps": 6.78
        },
        "2010": {
            "cash": 3,
            "stock": 0,
            "eps": 10.74
        },
        "2011": {
            "cash": 8,
            "stock": 1,
            "eps": 8.27
        },
        "2012": {
            "cash": 0,
            "stock": 0,
            "eps": 5.58
        },
        "2013": {
            "cash": 3,
            "stock": 0,
            "eps": 4.52
        },
        "2014": {
            "cash": 2,
            "stock": 0,
            "eps": 5.02
        },
        "2015": {
            "cash": 3,
            "stock": 0,
            "eps": 5.39
        },
        "2016": {
            "cash": 3,
            "stock": 0,
            "eps": 6.8
        },
        "2017": {
            "cash": 4,
            "stock": 0,
            "eps": 8.3
        },
        "2018": {
            "cash": 5,
            "stock": 0,
            "eps": 9.39
        },
        "2019": {
            "cash": 6,
            "stock": 0,
            "eps": 11.49
        },
        "2020": {
            "cash": 7,
            "stock": 0,
            "eps": 11.66
        },
        "2021": {
            "cash": 7,
            "stock": 0,
            "eps": 11.15
        },
        "2022": {
            "cash": 7,
            "stock": 0,
            "eps": 11.79
        },
        "2023": {
            "cash": 7,
            "stock": 0,
            "eps": 2.18
        }
    },
    "dividends": {
        "2001-06-22": {
            "cash": 0,
            "stock": 2
        },
        "2002-06-21": {
            "cash": 0.3,
            "stock": 1.9
        },
        "2003-03-18": {
            "cash": 1,
            "stock": 0.6
        },
        "2004-02-25": {
            "cash": 0.99,
            "stock": 1.49
        },
        "2005-02-24": {
            "cash": 1,
            "stock": 2
        },
        "2006-04-26": {
            "cash": 1.4,
            "stock": 1.1
        },
        "2007-04-26": {
            "cash": 1.6,
            "stock": 1.4
        },
        "2008-04-29": {
            "cash": 2.4,
            "stock": 0.6
        },
        "2009-04-28": {
            "cash": 2.2,
            "stock": 0.1
        },
        "2010-04-26": {
            "cash": 2.7,
            "stock": 0
        },
        "2011-01-01": {
            "cash": 3.6,
            "stock": 0
        },
        "2011-04-27": {
            "cash": 4.3,
            "stock": 1.1
        },
        "2013-05-08": {
            "cash": 2.5,
            "stock": 0
        },
        "2014-08-27": {
            "cash": 2.25,
            "stock": 0
        },
        "2015-08-21": {
            "cash": 2.75,
            "stock": 0
        },
        "2016-08-18": {
            "cash": 3.25,
            "stock": 0
        },
        "2017-08-18": {
            "cash": 4.25,
            "stock": 0
        },
        "2018-08-17": {
            "cash": 5.25,
            "stock": 0
        },
        "2019-08-08": {
            "cash": 5.9,
            "stock": 0
        },
        "2020-08-07": {
            "cash": 7.25,
            "stock": 0
        },
        "2021-08-11": {
            "cash": 7.35,
            "stock": 0
        },
        "2022-08-17": {
            "cash": 7,
            "stock": 0
        },
        "2023-05-09": {
            "cash": 7.45,
            "stock": 0
        }
    },
    "prices": {
        "200101": "無",
        "200102": "無",
        "200103": "無",
        "200104": "無",
        "200105": "無",
        "200106": "無",
        "200107": "無",
        "200108": "無",
        "200109": "無",
        "200110": "無",
        "200111": "無",
        "200112": "無",
        "200201": "無",
        "200202": "無",
        "200203": "無",
        "200204": "無",
        "200205": "無",
        "200206": "無",
        "200207": "無",
        "200208": "31.62",
        "200209": "25.60",
        "200210": "23.81",
        "200211": "25.70",
        "200212": "24.40",
        "200301": "24.53",
        "200302": "26.48",
        "200303": "27.38",
        "200304": "26.02",
        "200305": "24.54",
        "200306": "30.95",
        "200307": "33.12",
        "200308": "33.63",
        "200309": "34.38",
        "200310": "33.75",
        "200311": "36.14",
        "200312": "35.81",
        "200401": "40.81",
        "200402": "46.98",
        "200403": "47.15",
        "200404": "48.97",
        "200405": "44.82",
        "200406": "43.93",
        "200407": "38.50",
        "200408": "34.53",
        "200409": "38.75",
        "200410": "38.96",
        "200411": "42.30",
        "200412": "44.84",
        "200501": "42.82",
        "200502": "47.12",
        "200503": "48.53",
        "200504": "51.16",
        "200505": "53.44",
        "200506": "61.55",
        "200507": "67.84",
        "200508": "66.26",
        "200509": "67.37",
        "200510": "69.23",
        "200511": "73.66",
        "200512": "87.06",
        "200601": "100.03",
        "200602": "104.31",
        "200603": "101.21",
        "200604": "116.87",
        "200605": "120.36",
        "200606": "112.02",
        "200607": "107.12",
        "200608": "97.72",
        "200609": "101.70",
        "200610": "102.25",
        "200611": "109.98",
        "200612": "113.07",
        "200701": "128.86",
        "200702": "135.33",
        "200703": "135.52",
        "200704": "130.22",
        "200705": "134.43",
        "200706": "157.85",
        "200707": "163.25",
        "200708": "137.00",
        "200709": "135.69",
        "200710": "132.16",
        "200711": "117.11",
        "200712": "113.48",
        "200801": "90.63",
        "200802": "102.03",
        "200803": "103.15",
        "200804": "107.88",
        "200805": "105.81",
        "200806": "94.10",
        "200807": "79.93",
        "200808": "73.64",
        "200809": "65.42",
        "200810": "47.91",
        "200811": "35.72",
        "200812": "33.15",
        "200901": "34.63",
        "200902": "38.16",
        "200903": "44.34",
        "200904": "49.86",
        "200905": "60.28",
        "200906": "57.08",
        "200907": "63.27",
        "200908": "72.40",
        "200909": "79.35",
        "200910": "87.49",
        "200911": "86.56",
        "200912": "95.47",
        "201001": "107.68",
        "201002": "102.70",
        "201003": "106.20",
        "201004": "107.05",
        "201005": "110.95",
        "201006": "121.67",
        "201007": "122.11",
        "201008": "117.59",
        "201009": "114.36",
        "201010": "113.00",
        "201011": "122.23",
        "201012": "127.28",
        "201101": "128.10",
        "201102": "126.64",
        "201103": "128.83",
        "201104": "136.08",
        "201105": "131.88",
        "201106": "126.17",
        "201107": "118.31",
        "201108": "92.29",
        "201109": "85.76",
        "201110": "80.87",
        "201111": "77.07",
        "201112": "69.45",
        "201201": "76.62",
        "201202": "89.14",
        "201203": "94.74",
        "201204": "93.88",
        "201205": "87.76",
        "201206": "82.79",
        "201207": "74.80",
        "201208": "68.97",
        "201209": "71.79",
        "201210": "65.33",
        "201211": "55.77",
        "201212": "62.25",
        "201301": "60.60",
        "201302": "60.42",
        "201303": "62.95",
        "201304": "64.38",
        "201305": "69.71",
        "201306": "64.98",
        "201307": "65.66",
        "201308": "60.44",
        "201309": "59.72",
        "201310": "56.93",
        "201311": "49.84",
        "201312": "51.64",
        "201401": "55.97",
        "201402": "56.12",
        "201403": "59.02",
        "201404": "58.46",
        "201405": "57.91",
        "201406": "58.13",
        "201407": "57.76",
        "201408": "58.56",
        "201409": "61.92",
        "201410": "56.30",
        "201411": "59.40",
        "201412": "62.24",
        "201501": "65.10",
        "201502": "68.18",
        "201503": "64.45",
        "201504": "61.98",
        "201505": "57.19",
        "201506": "55.39",
        "201507": "54.16",
        "201508": "46.25",
        "201509": "47.60",
        "201510": "49.99",
        "201511": "55.70",
        "201512": "57.02",
        "201601": "54.38",
        "201602": "57.05",
        "201603": "59.52",
        "201604": "59.56",
        "201605": "57.20",
        "201606": "62.22",
        "201607": "63.98",
        "201608": "66.12",
        "201609": "67.54",
        "201610": "73.94",
        "201611": "72.07",
        "201612": "73.30",
        "201701": "75.30",
        "201702": "79.56",
        "201703": "84.42",
        "201704": "83.85",
        "201705": "89.02",
        "201706": "93.16",
        "201707": "98.45",
        "201708": "106.71",
        "201709": "105.14",
        "201710": "112.45",
        "201711": "102.75",
        "201712": "93.86",
        "201801": "98.47",
        "201802": "92.82",
        "201803": "101.60",
        "201804": "93.18",
        "201805": "86.29",
        "201806": "86.10",
        "201807": "82.32",
        "201808": "91.53",
        "201809": "88.34",
        "201810": "75.99",
        "201811": "80.54",
        "201812": "81.35",
        "201901": "81.94",
        "201902": "85.84",
        "201903": "97.36",
        "201904": "100.34",
        "201905": "95.75",
        "201906": "102.32",
        "201907": "106.67",
        "201908": "109.78",
        "201909": "115.05",
        "201910": "111.50",
        "201911": "128.07",
        "201912": "125.59",
        "202001": "122.57",
        "202002": "115.18",
        "202003": "97.90",
        "202004": "101.26",
        "202005": "110.48",
        "202006": "125.62",
        "202007": "123.26",
        "202008": "121.29",
        "202009": "113.02",
        "202010": "116.58",
        "202011": "119.45",
        "202012": "120.74",
        "202101": "127.05",
        "202102": "131.73",
        "202103": "138.59",
        "202104": "139.82",
        "202105": "128.14",
        "202106": "129.74",
        "202107": "127.66",
        "202108": "115.59",
        "202109": "115.62",
        "202110": "113.98",
        "202111": "118.66",
        "202112": "122.80",
        "202201": "125.42",
        "202202": "128.03",
        "202203": "130.85",
        "202204": "127.08",
        "202205": "119.02",
        "202206": "116.57",
        "202207": "101.32",
        "202208": "101.65",
        "202209": "97.51",
        "202210": "90.17",
        "202211": "94.40",
        "202212": "96.61",
        "202301": "98.20",
        "202302": "102.47",
        "202303": "108.83",
        "202304": "114.71",
        "202305": "116.00"
    },
    "quarters": {
        "20011": {
            "year_quarter": 20011,
            "year": 2001,
            "quarter": 1,
            "eps": 1.11,
            "eps_growth_year": 70.77,
            "eps_4q": 3.41,
            "eps_4q_growth_year": 62.34,
            "roe": 6.7,
            "roe_4q": 6.7,
            "gross_profit": 190044,
            "gross_margin": 19.87,
            "gross_margin_4q_avg": 19.87,
            "net_income": 105532,
            "revenue": 956447,
            "common_shares": 950000,
            "book_valuer_per_share": 17.14,
            "book_valuer_per_share_4q_avg": 17.14,
            "equity": 1628018,
            "current_ratio": 128.14,
            "debt_ratio": 53.73,
            "inventory_turnover_ratio": 1.91,
            "account_receivable_turnover_ratio": null,
            "reinvestment_rate": null,
            "research_to_sale_ratio": null,
            "price_fair": 0,
            "eps_avg_yearly": 0,
            "eps_latest_yearly": 0,
            "eps_growth_yearly": 0
        },
        "20012": {
            "year_quarter": 20012,
            "year": 2001,
            "quarter": 2,
            "eps": 1.01,
            "eps_growth_year": 77.19,
            "eps_4q": 3.66,
            "eps_4q_growth_year": 23.53,
            "roe": 5.43,
            "roe_4q": 12.129999999999999,
            "gross_profit": 184602,
            "gross_margin": 19.57,
            "gross_margin_4q_avg": 19.72,
            "net_income": 104226,
            "revenue": 943224,
            "common_shares": 1135000,
            "book_valuer_per_share": 19.51,
            "book_valuer_per_share_4q_avg": 18.33,
            "equity": 2214335,
            "current_ratio": 189.06,
            "debt_ratio": 43.1,
            "inventory_turnover_ratio": 2.13,
            "account_receivable_turnover_ratio": null,
            "reinvestment_rate": null,
            "research_to_sale_ratio": null,
            "price_fair": 0,
            "eps_avg_yearly": 0,
            "eps_latest_yearly": 0,
            "eps_growth_yearly": 0
        },
        "20013": {
            "year_quarter": 20013,
            "year": 2001,
            "quarter": 3,
            "eps": 0.76,
            "eps_growth_year": -8.43,
            "eps_4q": 3.05,
            "eps_4q_growth_year": -3.68,
            "roe": 4.37,
            "roe_4q": 16.5,
            "gross_profit": 187071,
            "gross_margin": 19.28,
            "gross_margin_4q_avg": 19.57,
            "net_income": 98927,
            "revenue": 970328,
            "common_shares": 1382000,
            "book_valuer_per_share": 16.74,
            "book_valuer_per_share_4q_avg": 17.8,
            "equity": 2313323,
            "current_ratio": 183.23,
            "debt_ratio": 41.73,
            "inventory_turnover_ratio": 2.69,
            "account_receivable_turnover_ratio": null,
            "reinvestment_rate": null,
            "research_to_sale_ratio": null,
            "price_fair": 0,
            "eps_avg_yearly": 0,
            "eps_latest_yearly": 0,
            "eps_growth_yearly": 0
        },
        "20014": {
            "year_quarter": 20014,
            "year": 2001,
            "quarter": 4,
            "eps": 0.61,
            "eps_growth_year": -34.41,
            "eps_4q": 2.95,
            "eps_4q_growth_year": 1.55,
            "roe": 3.42,
            "roe_4q": 19.919999999999998,
            "gross_profit": 193963,
            "gross_margin": 18.82,
            "gross_margin_4q_avg": 19.39,
            "net_income": 80506,
            "revenue": 1030578,
            "common_shares": 1382000,
            "book_valuer_per_share": 17.33,
            "book_valuer_per_share_4q_avg": 17.68,
            "equity": 2394395,
            "current_ratio": 178.61,
            "debt_ratio": 41.12,
            "inventory_turnover_ratio": 3.09,
            "account_receivable_turnover_ratio": null,
            "reinvestment_rate": null,
            "research_to_sale_ratio": null,
            "price_fair": 0,
            "eps_avg_yearly": 0,
            "eps_latest_yearly": 0,
            "eps_growth_yearly": 0
        },
        "20021": {
            "year_quarter": 20021,
            "year": 2002,
            "quarter": 1,
            "eps": 0.73,
            "eps_growth_year": -34.23,
            "eps_4q": 2.79,
            "eps_4q_growth_year": -18.4,
            "roe": 4.12,
            "roe_4q": 17.34,
            "gross_profit": 189875,
            "gross_margin": 20.17,
            "gross_margin_4q_avg": 19.46,
            "net_income": 100741,
            "revenue": 941400,
            "common_shares": 1382000,
            "book_valuer_per_share": 18.05,
            "book_valuer_per_share_4q_avg": 17.91,
            "equity": 2495139,
            "current_ratio": 193.38,
            "debt_ratio": 37.63,
            "inventory_turnover_ratio": 2.98,
            "account_receivable_turnover_ratio": null,
            "reinvestment_rate": null,
            "research_to_sale_ratio": null,
            "price_fair": 102.2,
            "eps_avg_yearly": 2.92,
            "eps_latest_yearly": 2.92,
            "eps_growth_yearly": 78.69
        },
        "20022": {
            "year_quarter": 20022,
            "year": 2002,
            "quarter": 2,
            "eps": 0.56,
            "eps_growth_year": -44.55,
            "eps_4q": 2.21,
            "eps_4q_growth_year": -39.41,
            "roe": 3.78,
            "roe_4q": 15.690000000000001,
            "gross_profit": 192316,
            "gross_margin": 19.03,
            "gross_margin_4q_avg": 19.33,
            "net_income": 94811,
            "revenue": 1010408,
            "common_shares": 1382000,
            "book_valuer_per_share": 18.21,
            "book_valuer_per_share_4q_avg": 17.58,
            "equity": 2516085,
            "current_ratio": 246.27,
            "debt_ratio": 49.98,
            "inventory_turnover_ratio": 3.66,
            "account_receivable_turnover_ratio": null,
            "reinvestment_rate": null,
            "research_to_sale_ratio": null,
            "price_fair": 7.74,
            "eps_avg_yearly": 2.58,
            "eps_latest_yearly": 2.24,
            "eps_growth_yearly": -7.23
        },
        "20023": {
            "year_quarter": 20023,
            "year": 2002,
            "quarter": 3,
            "eps": 0.6,
            "eps_growth_year": -21.05,
            "eps_4q": 2.25,
            "eps_4q_growth_year": -26.35,
            "roe": 3.9,
            "roe_4q": 15.22,
            "gross_profit": 198221,
            "gross_margin": 19.03,
            "gross_margin_4q_avg": 19.26,
            "net_income": 100467,
            "revenue": 1041773,
            "common_shares": 1679580,
            "book_valuer_per_share": 15.69,
            "book_valuer_per_share_4q_avg": 17.32,
            "equity": 2634497,
            "current_ratio": 236.87,
            "debt_ratio": 49.85,
            "inventory_turnover_ratio": 4.08,
            "account_receivable_turnover_ratio": null,
            "reinvestment_rate": null,
            "research_to_sale_ratio": null,
            "price_fair": 37.05,
            "eps_avg_yearly": 2.52,
            "eps_latest_yearly": 2.4,
            "eps_growth_yearly": 4.7
        },
        "20024": {
            "year_quarter": 20024,
            "year": 2002,
            "quarter": 4,
            "eps": 0.74,
            "eps_growth_year": 21.31,
            "eps_4q": 2.5,
            "eps_4q_growth_year": -15.09,
            "roe": 4.61,
            "roe_4q": 16.41,
            "gross_profit": 257976,
            "gross_margin": 20.43,
            "gross_margin_4q_avg": 19.67,
            "net_income": 124182,
            "revenue": 1262569,
            "common_shares": 1679580,
            "book_valuer_per_share": 16.41,
            "book_valuer_per_share_4q_avg": 17.09,
            "equity": 2755738,
            "current_ratio": 177.81,
            "debt_ratio": 54.07,
            "inventory_turnover_ratio": 3.76,
            "account_receivable_turnover_ratio": null,
            "reinvestment_rate": 112.36,
            "research_to_sale_ratio": null,
            "price_fair": 92.05,
            "eps_avg_yearly": 2.63,
            "eps_latest_yearly": 2.96,
            "eps_growth_yearly": 26.86
        },
        "20031": {
            "year_quarter": 20031,
            "year": 2003,
            "quarter": 1,
            "eps": 0.71,
            "eps_growth_year": -2.74,
            "eps_4q": 2.61,
            "eps_4q_growth_year": -6.41,
            "roe": 4.25,
            "roe_4q": 16.54,
            "gross_profit": 243268,
            "gross_margin": 19.2,
            "gross_margin_4q_avg": 19.42,
            "net_income": 119574,
            "revenue": 1266886,
            "common_shares": 1679580,
            "book_valuer_per_share": 17.13,
            "book_valuer_per_share_4q_avg": 16.86,
            "equity": 2877279,
            "current_ratio": 148.01,
            "debt_ratio": 49.22,
            "inventory_turnover_ratio": 3.25,
            "account_receivable_turnover_ratio": null,
            "reinvestment_rate": 54.49,
            "research_to_sale_ratio": null,
            "price_fair": 75.47,
            "eps_avg_yearly": 2.67,
            "eps_latest_yearly": 2.84,
            "eps_growth_yearly": 18.25
        },
        "20032": {
            "year_quarter": 20032,
            "year": 2003,
            "quarter": 2,
            "eps": 0.66,
            "eps_growth_year": 17.86,
            "eps_4q": 2.55,
            "eps_4q_growth_year": 14.99,
            "roe": 4.24,
            "roe_4q": 17,
            "gross_profit": 258362,
            "gross_margin": 19.81,
            "gross_margin_4q_avg": 19.62,
            "net_income": 120399,
            "revenue": 1304486,
            "common_shares": 1679580,
            "book_valuer_per_share": 16.71,
            "book_valuer_per_share_4q_avg": 16.49,
            "equity": 2806157,
            "current_ratio": 157.2,
            "debt_ratio": 50.24,
            "inventory_turnover_ratio": 3.56,
            "account_receivable_turnover_ratio": null,
            "reinvestment_rate": 44.22,
            "research_to_sale_ratio": null,
            "price_fair": 54.69,
            "eps_avg_yearly": 2.67,
            "eps_latest_yearly": 2.64,
            "eps_growth_yearly": 10.51
        },
        "20033": {
            "year_quarter": 20033,
            "year": 2003,
            "quarter": 3,
            "eps": 0.95,
            "eps_growth_year": 58.33,
            "eps_4q": 2.91,
            "eps_4q_growth_year": 29.22,
            "roe": 5.5,
            "roe_4q": 18.6,
            "gross_profit": 325676,
            "gross_margin": 19.49,
            "gross_margin_4q_avg": 19.73,
            "net_income": 176887,
            "revenue": 1670811,
            "common_shares": 1890276,
            "book_valuer_per_share": 19.2,
            "book_valuer_per_share_4q_avg": 17.36,
            "equity": 3630154,
            "current_ratio": 144.6,
            "debt_ratio": 41.07,
            "inventory_turnover_ratio": 4.33,
            "account_receivable_turnover_ratio": null,
            "reinvestment_rate": 41.95,
            "research_to_sale_ratio": null,
            "price_fair": 99,
            "eps_avg_yearly": 2.83,
            "eps_latest_yearly": 3.8,
            "eps_growth_yearly": 34.12
        },
        "20034": {
            "year_quarter": 20034,
            "year": 2003,
            "quarter": 4,
            "eps": 1.05,
            "eps_growth_year": 41.89,
            "eps_4q": 3.23,
            "eps_4q_growth_year": 28.98,
            "roe": 5.32,
            "roe_4q": 19.310000000000002,
            "gross_profit": 386306,
            "gross_margin": 19.53,
            "gross_margin_4q_avg": 19.51,
            "net_income": 200818,
            "revenue": 1978296,
            "common_shares": 2116333,
            "book_valuer_per_share": 18.52,
            "book_valuer_per_share_4q_avg": 17.89,
            "equity": 3918987,
            "current_ratio": 135.38,
            "debt_ratio": 56.54,
            "inventory_turnover_ratio": 3.39,
            "account_receivable_turnover_ratio": null,
            "reinvestment_rate": 131.94,
            "research_to_sale_ratio": null,
            "price_fair": 105,
            "eps_avg_yearly": 3,
            "eps_latest_yearly": 4.2,
            "eps_growth_yearly": 35.12
        },
        "20041": {
            "year_quarter": 20041,
            "year": 2004,
            "quarter": 1,
            "eps": 1.07,
            "eps_growth_year": 50.7,
            "eps_4q": 3.43,
            "eps_4q_growth_year": 31.42,
            "roe": 5.63,
            "roe_4q": 20.689999999999998,
            "gross_profit": 327827,
            "gross_margin": 16.93,
            "gross_margin_4q_avg": 18.94,
            "net_income": 226235,
            "revenue": 1935887,
            "common_shares": 2116333,
            "book_valuer_per_share": 19.44,
            "book_valuer_per_share_4q_avg": 18.47,
            "equity": 4114065,
            "current_ratio": 193.12,
            "debt_ratio": 50.88,
            "inventory_turnover_ratio": 2.81,
            "account_receivable_turnover_ratio": null,
            "reinvestment_rate": 31.14,
            "research_to_sale_ratio": null,
            "price_fair": 109.98,
            "eps_avg_yearly": 3.14,
            "eps_latest_yearly": 4.28,
            "eps_growth_yearly": 32.06
        },
        "20042": {
            "year_quarter": 20042,
            "year": 2004,
            "quarter": 2,
            "eps": 1.07,
            "eps_growth_year": 62.12,
            "eps_4q": 3.49,
            "eps_4q_growth_year": 37.15,
            "roe": 6.39,
            "roe_4q": 22.84,
            "gross_profit": 357377,
            "gross_margin": 15.18,
            "gross_margin_4q_avg": 17.78,
            "net_income": 266683,
            "revenue": 2354563,
            "common_shares": 2132208,
            "book_valuer_per_share": 19.83,
            "book_valuer_per_share_4q_avg": 19.25,
            "equity": 4229201,
            "current_ratio": 181.58,
            "debt_ratio": 50.61,
            "inventory_turnover_ratio": 4.01,
            "account_receivable_turnover_ratio": null,
            "reinvestment_rate": 25.73,
            "research_to_sale_ratio": null,
            "price_fair": 113.96,
            "eps_avg_yearly": 3.26,
            "eps_latest_yearly": 4.28,
            "eps_growth_yearly": 28.85
        },
        "20043": {
            "year_quarter": 20043,
            "year": 2004,
            "quarter": 3,
            "eps": 1.17,
            "eps_growth_year": 23.16,
            "eps_4q": 3.96,
            "eps_4q_growth_year": 36.12,
            "roe": 6.65,
            "roe_4q": 23.99,
            "gross_profit": 347889,
            "gross_margin": 15.37,
            "gross_margin_4q_avg": 16.75,
            "net_income": 291407,
            "revenue": 2263695,
            "common_shares": 2503378,
            "book_valuer_per_share": 18.09,
            "book_valuer_per_share_4q_avg": 18.97,
            "equity": 4529327,
            "current_ratio": 173.73,
            "debt_ratio": 48.13,
            "inventory_turnover_ratio": 4.55,
            "account_receivable_turnover_ratio": null,
            "reinvestment_rate": 33.97,
            "research_to_sale_ratio": null,
            "price_fair": 118.49,
            "eps_avg_yearly": 3.39,
            "eps_latest_yearly": 4.68,
            "eps_growth_yearly": 29.63
        },
        "20044": {
            "year_quarter": 20044,
            "year": 2004,
            "quarter": 4,
            "eps": 1.35,
            "eps_growth_year": 28.57,
            "eps_4q": 4.49,
            "eps_4q_growth_year": 38.96,
            "roe": 7.2,
            "roe_4q": 25.87,
            "gross_profit": 394306,
            "gross_margin": 15.69,
            "gross_margin_4q_avg": 15.79,
            "net_income": 337451,
            "revenue": 2513858,
            "common_shares": 2522452,
            "book_valuer_per_share": 19.14,
            "book_valuer_per_share_4q_avg": 19.13,
            "equity": 4840819,
            "current_ratio": 101.19,
            "debt_ratio": 60.4,
            "inventory_turnover_ratio": 3.31,
            "account_receivable_turnover_ratio": null,
            "reinvestment_rate": 173.63,
            "research_to_sale_ratio": null,
            "price_fair": 124.37,
            "eps_avg_yearly": 3.55,
            "eps_latest_yearly": 5.4,
            "eps_growth_yearly": 32.29
        },
        "20051": {
            "year_quarter": 20051,
            "year": 2005,
            "quarter": 1,
            "eps": 1.35,
            "eps_growth_year": 26.17,
            "eps_4q": 4.89,
            "eps_4q_growth_year": 42.81,
            "roe": 6.82,
            "roe_4q": 27.060000000000002,
            "gross_profit": 379814,
            "gross_margin": 14.66,
            "gross_margin_4q_avg": 15.23,
            "net_income": 341301,
            "revenue": 2591658,
            "common_shares": 2527901,
            "book_valuer_per_share": 20.43,
            "book_valuer_per_share_4q_avg": 19.37,
            "equity": 5165151,
            "current_ratio": 160.76,
            "debt_ratio": 45.78,
            "inventory_turnover_ratio": 3.5,
            "account_receivable_turnover_ratio": null,
            "reinvestment_rate": 28.99,
            "research_to_sale_ratio": null,
            "price_fair": 129.34,
            "eps_avg_yearly": 3.7,
            "eps_latest_yearly": 5.4,
            "eps_growth_yearly": 29.8
        },
        "20052": {
            "year_quarter": 20052,
            "year": 2005,
            "quarter": 2,
            "eps": 1.41,
            "eps_growth_year": 31.78,
            "eps_4q": 4.56,
            "eps_4q_growth_year": 30.64,
            "roe": 8.32,
            "roe_4q": 28.990000000000002,
            "gross_profit": 377526,
            "gross_margin": 13.64,
            "gross_margin_4q_avg": 14.84,
            "net_income": 433804,
            "revenue": 2767632,
            "common_shares": 2527902,
            "book_valuer_per_share": 20.82,
            "book_valuer_per_share_4q_avg": 19.62,
            "equity": 5263628,
            "current_ratio": 126.28,
            "debt_ratio": 51.17,
            "inventory_turnover_ratio": 4.71,
            "account_receivable_turnover_ratio": null,
            "reinvestment_rate": 26.64,
            "research_to_sale_ratio": null,
            "price_fair": 134.2,
            "eps_avg_yearly": 3.83,
            "eps_latest_yearly": 5.64,
            "eps_growth_yearly": 28.95
        },
        "20053": {
            "year_quarter": 20053,
            "year": 2005,
            "quarter": 3,
            "eps": 2.03,
            "eps_growth_year": 73.5,
            "eps_4q": 5.65,
            "eps_4q_growth_year": 42.84,
            "roe": 11.02,
            "roe_4q": 33.36,
            "gross_profit": 419316,
            "gross_margin": 12.85,
            "gross_margin_4q_avg": 14.21,
            "net_income": 623935,
            "revenue": 3263768,
            "common_shares": 3079369,
            "book_valuer_per_share": 19.66,
            "book_valuer_per_share_4q_avg": 20.01,
            "equity": 6055467,
            "current_ratio": 133.53,
            "debt_ratio": 47.5,
            "inventory_turnover_ratio": 4.35,
            "account_receivable_turnover_ratio": null,
            "reinvestment_rate": 18.98,
            "research_to_sale_ratio": null,
            "price_fair": 144.2,
            "eps_avg_yearly": 4.12,
            "eps_latest_yearly": 8.12,
            "eps_growth_yearly": 38.74
        },
        "20054": {
            "year_quarter": 20054,
            "year": 2005,
            "quarter": 4,
            "eps": 2.35,
            "eps_growth_year": 74.07,
            "eps_4q": 6.87,
            "eps_4q_growth_year": 53.13,
            "roe": 10.99,
            "roe_4q": 37.15,
            "gross_profit": 485400,
            "gross_margin": 14.85,
            "gross_margin_4q_avg": 14,
            "net_income": 727054,
            "revenue": 3268664,
            "common_shares": 3234610,
            "book_valuer_per_share": 22.11,
            "book_valuer_per_share_4q_avg": 20.76,
            "equity": 7178574,
            "current_ratio": 97.08,
            "debt_ratio": 58.32,
            "inventory_turnover_ratio": 2.48,
            "account_receivable_turnover_ratio": null,
            "reinvestment_rate": 156.41,
            "research_to_sale_ratio": null,
            "price_fair": 155.75,
            "eps_avg_yearly": 4.45,
            "eps_latest_yearly": 9.4,
            "eps_growth_yearly": 40.26
        },
        "20061": {
            "year_quarter": 20061,
            "year": 2006,
            "quarter": 1,
            "eps": 2.17,
            "eps_growth_year": 60.74,
            "eps_4q": 7.68,
            "eps_4q_growth_year": 57.05,
            "roe": 9.38,
            "roe_4q": 39.71,
            "gross_profit": 425445,
            "gross_margin": 14.01,
            "gross_margin_4q_avg": 13.84,
            "net_income": 702512,
            "revenue": 3037206,
            "common_shares": 3234610,
            "book_valuer_per_share": 24.12,
            "book_valuer_per_share_4q_avg": 21.68,
            "equity": 7802775,
            "current_ratio": 143.18,
            "debt_ratio": 40.01,
            "inventory_turnover_ratio": 2.56,
            "account_receivable_turnover_ratio": null,
            "reinvestment_rate": 11.89,
            "research_to_sale_ratio": null,
            "price_fair": 168.35,
            "eps_avg_yearly": 4.81,
            "eps_latest_yearly": 8.68,
            "eps_growth_yearly": 33.43
        },
        "20062": {
            "year_quarter": 20062,
            "year": 2006,
            "quarter": 2,
            "eps": 1.95,
            "eps_growth_year": 38.3,
            "eps_4q": 7.58,
            "eps_4q_growth_year": 66.1,
            "roe": 9.04,
            "roe_4q": 40.43000000000001,
            "gross_profit": 356459,
            "gross_margin": 14.3,
            "gross_margin_4q_avg": 14,
            "net_income": 711308,
            "revenue": 2493447,
            "common_shares": 3234610,
            "book_valuer_per_share": 24.51,
            "book_valuer_per_share_4q_avg": 22.6,
            "equity": 7928231,
            "current_ratio": 106.45,
            "debt_ratio": 41.34,
            "inventory_turnover_ratio": 4.66,
            "account_receivable_turnover_ratio": null,
            "reinvestment_rate": 10.05,
            "research_to_sale_ratio": null,
            "price_fair": 180.51,
            "eps_avg_yearly": 5.16,
            "eps_latest_yearly": 7.8,
            "eps_growth_yearly": 36.72
        },
        "20063": {
            "year_quarter": 20063,
            "year": 2006,
            "quarter": 3,
            "eps": 2.16,
            "eps_growth_year": 6.4,
            "eps_4q": 8.01,
            "eps_4q_growth_year": 41.86,
            "roe": 9.41,
            "roe_4q": 38.82,
            "gross_profit": 269948,
            "gross_margin": 11.49,
            "gross_margin_4q_avg": 13.66,
            "net_income": 789868,
            "revenue": 2349308,
            "common_shares": 3651648,
            "book_valuer_per_share": 24.28,
            "book_valuer_per_share_4q_avg": 23.76,
            "equity": 8866367,
            "current_ratio": 117.52,
            "debt_ratio": 36.32,
            "inventory_turnover_ratio": 4.36,
            "account_receivable_turnover_ratio": null,
            "reinvestment_rate": 9.15,
            "research_to_sale_ratio": null,
            "price_fair": 194.16,
            "eps_avg_yearly": 5.55,
            "eps_latest_yearly": 8.64,
            "eps_growth_yearly": 37.62
        },
        "20064": {
            "year_quarter": 20064,
            "year": 2006,
            "quarter": 4,
            "eps": 2.32,
            "eps_growth_year": -1.28,
            "eps_4q": 8.34,
            "eps_4q_growth_year": 21.42,
            "roe": 9.06,
            "roe_4q": 36.89,
            "gross_profit": 612863,
            "gross_margin": 24.26,
            "gross_margin_4q_avg": 16.02,
            "net_income": 848712,
            "revenue": 2526065,
            "common_shares": 3721104,
            "book_valuer_per_share": 26.44,
            "book_valuer_per_share_4q_avg": 24.84,
            "equity": 9864876,
            "current_ratio": 120.3,
            "debt_ratio": 53.74,
            "inventory_turnover_ratio": 1.37,
            "account_receivable_turnover_ratio": null,
            "reinvestment_rate": 115.47,
            "research_to_sale_ratio": null,
            "price_fair": 207.99,
            "eps_avg_yearly": 5.94,
            "eps_latest_yearly": 9.28,
            "eps_growth_yearly": 33.64
        },
        "20071": {
            "year_quarter": 20071,
            "year": 2007,
            "quarter": 1,
            "eps": 2.22,
            "eps_growth_year": 2.3,
            "eps_4q": 8.53,
            "eps_4q_growth_year": 11,
            "roe": 8.01,
            "roe_4q": 35.519999999999996,
            "gross_profit": 331471,
            "gross_margin": 13.8,
            "gross_margin_4q_avg": 15.96,
            "net_income": 826993,
            "revenue": 2401781,
            "common_shares": 3721104,
            "book_valuer_per_share": 29.01,
            "book_valuer_per_share_4q_avg": 26.06,
            "equity": 10795693,
            "current_ratio": 140.51,
            "debt_ratio": 28.07,
            "inventory_turnover_ratio": 1.47,
            "account_receivable_turnover_ratio": null,
            "reinvestment_rate": 3.69,
            "research_to_sale_ratio": null,
            "price_fair": 221.2,
            "eps_avg_yearly": 6.32,
            "eps_latest_yearly": 8.88,
            "eps_growth_yearly": 33.58
        },
        "20072": {
            "year_quarter": 20072,
            "year": 2007,
            "quarter": 2,
            "eps": 2.14,
            "eps_growth_year": 9.74,
            "eps_4q": 7.87,
            "eps_4q_growth_year": 3.79,
            "roe": 8.47,
            "roe_4q": 34.95,
            "gross_profit": 292327,
            "gross_margin": 12.46,
            "gross_margin_4q_avg": 15.5,
            "net_income": 921398,
            "revenue": 2346293,
            "common_shares": 3721104,
            "book_valuer_per_share": 29.48,
            "book_valuer_per_share_4q_avg": 27.3,
            "equity": 10968731,
            "current_ratio": 127.9,
            "debt_ratio": 33.85,
            "inventory_turnover_ratio": 3.7,
            "account_receivable_turnover_ratio": null,
            "reinvestment_rate": 3.06,
            "research_to_sale_ratio": null,
            "price_fair": 234.15,
            "eps_avg_yearly": 6.69,
            "eps_latest_yearly": 8.56,
            "eps_growth_yearly": 34.44
        },
        "20073": {
            "year_quarter": 20073,
            "year": 2007,
            "quarter": 3,
            "eps": 2.5,
            "eps_growth_year": 15.74,
            "eps_4q": 8.53,
            "eps_4q_growth_year": 6.47,
            "roe": 9.34,
            "roe_4q": 34.88,
            "gross_profit": 341239,
            "gross_margin": 11.47,
            "gross_margin_4q_avg": 15.5,
            "net_income": 1076198,
            "revenue": 2975773,
            "common_shares": 4297002,
            "book_valuer_per_share": 28.1,
            "book_valuer_per_share_4q_avg": 28.26,
            "equity": 12076556,
            "current_ratio": 140.87,
            "debt_ratio": 33.03,
            "inventory_turnover_ratio": 4.58,
            "account_receivable_turnover_ratio": null,
            "reinvestment_rate": 0.9,
            "research_to_sale_ratio": null,
            "price_fair": 247.71,
            "eps_avg_yearly": 7.08,
            "eps_latest_yearly": 10,
            "eps_growth_yearly": 27.66
        },
        "20074": {
            "year_quarter": 20074,
            "year": 2007,
            "quarter": 4,
            "eps": 2.74,
            "eps_growth_year": 18.1,
            "eps_4q": 9.31,
            "eps_4q_growth_year": 11.58,
            "roe": 9.24,
            "roe_4q": 35.059999999999995,
            "gross_profit": 367512,
            "gross_margin": 13.75,
            "gross_margin_4q_avg": 12.87,
            "net_income": 1178018,
            "revenue": 2672046,
            "common_shares": 4297002,
            "book_valuer_per_share": 31.14,
            "book_valuer_per_share_4q_avg": 29.43,
            "equity": 13410986,
            "current_ratio": 100.9,
            "debt_ratio": 54.92,
            "inventory_turnover_ratio": 1.13,
            "account_receivable_turnover_ratio": null,
            "reinvestment_rate": 128.05,
            "research_to_sale_ratio": null,
            "price_fair": 262.5,
            "eps_avg_yearly": 7.5,
            "eps_latest_yearly": 10.96,
            "eps_growth_yearly": 27.43
        },
        "20081": {
            "year_quarter": 20081,
            "year": 2008,
            "quarter": 1,
            "eps": 1.96,
            "eps_growth_year": -11.71,
            "eps_4q": 9.38,
            "eps_4q_growth_year": 9.93,
            "roe": 6.15,
            "roe_4q": 33.2,
            "gross_profit": 1365182,
            "gross_margin": 18.82,
            "gross_margin_4q_avg": 14.13,
            "net_income": 839575,
            "revenue": 7252765,
            "common_shares": 4297002,
            "book_valuer_per_share": 32.22,
            "book_valuer_per_share_4q_avg": 30.24,
            "equity": 13874868,
            "current_ratio": 104.6,
            "debt_ratio": 54.62,
            "inventory_turnover_ratio": 1.7,
            "account_receivable_turnover_ratio": null,
            "reinvestment_rate": 134.57,
            "research_to_sale_ratio": null,
            "price_fair": 230.38,
            "eps_avg_yearly": 7.72,
            "eps_latest_yearly": 7.84,
            "eps_growth_yearly": 19.83
        },
        "20082": {
            "year_quarter": 20082,
            "year": 2008,
            "quarter": 2,
            "eps": 1.65,
            "eps_growth_year": -22.9,
            "eps_4q": 8.38,
            "eps_4q_growth_year": 6.47,
            "roe": 5.54,
            "roe_4q": 30.27,
            "gross_profit": 1475280,
            "gross_margin": 18.88,
            "gross_margin_4q_avg": 15.73,
            "net_income": 759701,
            "revenue": 7815498,
            "common_shares": 4297002,
            "book_valuer_per_share": 31.48,
            "book_valuer_per_share_4q_avg": 30.74,
            "equity": 13554622,
            "current_ratio": 107.59,
            "debt_ratio": 54.94,
            "inventory_turnover_ratio": 2.09,
            "account_receivable_turnover_ratio": null,
            "reinvestment_rate": 129.02,
            "research_to_sale_ratio": null,
            "price_fair": 203.6,
            "eps_avg_yearly": 7.87,
            "eps_latest_yearly": 6.6,
            "eps_growth_yearly": 15.88
        },
        "20083": {
            "year_quarter": 20083,
            "year": 2008,
            "quarter": 3,
            "eps": 1.9,
            "eps_growth_year": -24,
            "eps_4q": 7.93,
            "eps_4q_growth_year": -7.1,
            "roe": 6.12,
            "roe_4q": 27.050000000000004,
            "gross_profit": 1821773,
            "gross_margin": 21.38,
            "gross_margin_4q_avg": 18.21,
            "net_income": 877490,
            "revenue": 8522257,
            "common_shares": 4626858,
            "book_valuer_per_share": 32.65,
            "book_valuer_per_share_4q_avg": 31.87,
            "equity": 15132248,
            "current_ratio": 135.05,
            "debt_ratio": 58.14,
            "inventory_turnover_ratio": 2.36,
            "account_receivable_turnover_ratio": null,
            "reinvestment_rate": 125.53,
            "research_to_sale_ratio": null,
            "price_fair": 220.01,
            "eps_avg_yearly": 8.05,
            "eps_latest_yearly": 7.6,
            "eps_growth_yearly": 17.33
        },
        "20084": {
            "year_quarter": 20084,
            "year": 2008,
            "quarter": 4,
            "eps": 0.71,
            "eps_growth_year": -74.09,
            "eps_4q": 6.15,
            "eps_4q_growth_year": -33.96,
            "roe": 2.11,
            "roe_4q": 19.92,
            "gross_profit": 984430,
            "gross_margin": 14.6,
            "gross_margin_4q_avg": 18.42,
            "net_income": 324597,
            "revenue": 6740995,
            "common_shares": 4626858,
            "book_valuer_per_share": 33.78,
            "book_valuer_per_share_4q_avg": 32.53,
            "equity": 15649867,
            "current_ratio": 146.44,
            "debt_ratio": 55.17,
            "inventory_turnover_ratio": 2.15,
            "account_receivable_turnover_ratio": 1.65,
            "reinvestment_rate": 90.6,
            "research_to_sale_ratio": null,
            "price_fair": 23.67,
            "eps_avg_yearly": 7.89,
            "eps_latest_yearly": 2.84,
            "eps_growth_yearly": -2.17
        },
        "20091": {
            "year_quarter": 20091,
            "year": 2009,
            "quarter": 1,
            "eps": 0.52,
            "eps_growth_year": -73.47,
            "eps_4q": 4.86,
            "eps_4q_growth_year": -48.18,
            "roe": 1.48,
            "roe_4q": 15.25,
            "gross_profit": 869621,
            "gross_margin": 13.56,
            "gross_margin_4q_avg": 17.11,
            "net_income": 236837,
            "revenue": 6411722,
            "common_shares": 4626858,
            "book_valuer_per_share": 35.19,
            "book_valuer_per_share_4q_avg": 33.28,
            "equity": 16297136,
            "current_ratio": 151.57,
            "debt_ratio": 50.81,
            "inventory_turnover_ratio": 2.39,
            "account_receivable_turnover_ratio": 0.86,
            "reinvestment_rate": 120.01,
            "research_to_sale_ratio": null,
            "price_fair": 23.05,
            "eps_avg_yearly": 7.68,
            "eps_latest_yearly": 2.08,
            "eps_growth_yearly": -8.86
        },
        "20092": {
            "year_quarter": 20092,
            "year": 2009,
            "quarter": 2,
            "eps": 1.28,
            "eps_growth_year": -22.42,
            "eps_4q": 4.41,
            "eps_4q_growth_year": -47.31,
            "roe": 3.71,
            "roe_4q": 13.419999999999998,
            "gross_profit": 1415246,
            "gross_margin": 18.23,
            "gross_margin_4q_avg": 16.94,
            "net_income": 594914,
            "revenue": 7763098,
            "common_shares": 4626858,
            "book_valuer_per_share": 34.09,
            "book_valuer_per_share_4q_avg": 33.93,
            "equity": 15788480,
            "current_ratio": 152.22,
            "debt_ratio": 52.11,
            "inventory_turnover_ratio": 2.76,
            "account_receivable_turnover_ratio": 1.02,
            "reinvestment_rate": 107.79,
            "research_to_sale_ratio": null,
            "price_fair": 267.75,
            "eps_avg_yearly": 7.65,
            "eps_latest_yearly": 5.12,
            "eps_growth_yearly": 26.56
        },
        "20093": {
            "year_quarter": 20093,
            "year": 2009,
            "quarter": 3,
            "eps": 2.46,
            "eps_growth_year": 29.47,
            "eps_4q": 4.96,
            "eps_4q_growth_year": -37.42,
            "roe": 7.11,
            "roe_4q": 14.41,
            "gross_profit": 2163714,
            "gross_margin": 23.2,
            "gross_margin_4q_avg": 17.4,
            "net_income": 1152533,
            "revenue": 9325048,
            "common_shares": 4735188,
            "book_valuer_per_share": 35.09,
            "book_valuer_per_share_4q_avg": 34.54,
            "equity": 16632239,
            "current_ratio": 148.59,
            "debt_ratio": 53.42,
            "inventory_turnover_ratio": 3.06,
            "account_receivable_turnover_ratio": 1.02,
            "reinvestment_rate": 98.76,
            "research_to_sale_ratio": null,
            "price_fair": 271.51,
            "eps_avg_yearly": 7.76,
            "eps_latest_yearly": 9.84,
            "eps_growth_yearly": 38.62
        },
        "20094": {
            "year_quarter": 20094,
            "year": 2009,
            "quarter": 4,
            "eps": 2.52,
            "eps_growth_year": 254.93,
            "eps_4q": 6.72,
            "eps_4q_growth_year": 9.3,
            "roe": 6.89,
            "roe_4q": 19.19,
            "gross_profit": 2266812,
            "gross_margin": 22.84,
            "gross_margin_4q_avg": 19.46,
            "net_income": 1184753,
            "revenue": 9923682,
            "common_shares": 4735188,
            "book_valuer_per_share": 37.41,
            "book_valuer_per_share_4q_avg": 35.45,
            "equity": 17751689,
            "current_ratio": 160.91,
            "debt_ratio": 52.45,
            "inventory_turnover_ratio": 3.24,
            "account_receivable_turnover_ratio": 1.76,
            "reinvestment_rate": 214.89,
            "research_to_sale_ratio": null,
            "price_fair": 273,
            "eps_avg_yearly": 7.8,
            "eps_latest_yearly": 10.08,
            "eps_growth_yearly": 35.29
        },
        "20101": {
            "year_quarter": 20101,
            "year": 2010,
            "quarter": 1,
            "eps": 2.35,
            "eps_growth_year": 351.92,
            "eps_4q": 8.56,
            "eps_4q_growth_year": 76.1,
            "roe": 6.07,
            "roe_4q": 23.78,
            "gross_profit": 2079804,
            "gross_margin": 22.67,
            "gross_margin_4q_avg": 21.74,
            "net_income": 1107449,
            "revenue": 9174193,
            "common_shares": 4735188,
            "book_valuer_per_share": 39.53,
            "book_valuer_per_share_4q_avg": 36.53,
            "equity": 18758287,
            "current_ratio": 168.44,
            "debt_ratio": 52.17,
            "inventory_turnover_ratio": 2.9,
            "account_receivable_turnover_ratio": 0.83,
            "reinvestment_rate": 256.95,
            "research_to_sale_ratio": 0.48,
            "price_fair": 274.58,
            "eps_avg_yearly": 7.85,
            "eps_latest_yearly": 9.4,
            "eps_growth_yearly": 35.51
        },
        "20102": {
            "year_quarter": 20102,
            "year": 2010,
            "quarter": 2,
            "eps": 2.55,
            "eps_growth_year": 98.83,
            "eps_4q": 9.83,
            "eps_4q_growth_year": 122.81,
            "roe": 6.18,
            "roe_4q": 26.25,
            "gross_profit": 2317544,
            "gross_margin": 22.05,
            "gross_margin_4q_avg": 22.69,
            "net_income": 1177072,
            "revenue": 10508080,
            "common_shares": 4735188,
            "book_valuer_per_share": 40.19,
            "book_valuer_per_share_4q_avg": 38.06,
            "equity": 19322660,
            "current_ratio": 133.09,
            "debt_ratio": 54.99,
            "inventory_turnover_ratio": 2.86,
            "account_receivable_turnover_ratio": 0.95,
            "reinvestment_rate": 265.48,
            "research_to_sale_ratio": 0.47,
            "price_fair": 279.83,
            "eps_avg_yearly": 8,
            "eps_latest_yearly": 10.2,
            "eps_growth_yearly": 40.18
        },
        "20103": {
            "year_quarter": 20103,
            "year": 2010,
            "quarter": 3,
            "eps": 3.02,
            "eps_growth_year": 22.84,
            "eps_4q": 10.42,
            "eps_4q_growth_year": 109.98,
            "roe": 7.15,
            "roe_4q": 26.29,
            "gross_profit": 2601739,
            "gross_margin": 22.41,
            "gross_margin_4q_avg": 22.49,
            "net_income": 1414263,
            "revenue": 11609546,
            "common_shares": 4735188,
            "book_valuer_per_share": 42.17,
            "book_valuer_per_share_4q_avg": 39.83,
            "equity": 20251584,
            "current_ratio": 131.42,
            "debt_ratio": 55.31,
            "inventory_turnover_ratio": 2.69,
            "account_receivable_turnover_ratio": 0.98,
            "reinvestment_rate": 264.34,
            "research_to_sale_ratio": 0.49,
            "price_fair": 287.35,
            "eps_avg_yearly": 8.21,
            "eps_latest_yearly": 12.08,
            "eps_growth_yearly": 42.09
        },
        "20104": {
            "year_quarter": 20104,
            "year": 2010,
            "quarter": 4,
            "eps": 2.82,
            "eps_growth_year": 11.94,
            "eps_4q": 10.73,
            "eps_4q_growth_year": 59.71,
            "roe": 6.54,
            "roe_4q": 25.94,
            "gross_profit": 2477566,
            "gross_margin": 21.13,
            "gross_margin_4q_avg": 22.07,
            "net_income": 1319581,
            "revenue": 11724037,
            "common_shares": 4735188,
            "book_valuer_per_share": 41.88,
            "book_valuer_per_share_4q_avg": 40.94,
            "equity": 20102703,
            "current_ratio": 136.17,
            "debt_ratio": 54.11,
            "inventory_turnover_ratio": 2.69,
            "account_receivable_turnover_ratio": 0.96,
            "reinvestment_rate": 194.25,
            "research_to_sale_ratio": 0.46,
            "price_fair": 291.73,
            "eps_avg_yearly": 8.34,
            "eps_latest_yearly": 11.28,
            "eps_growth_yearly": 38.58
        },
        "20111": {
            "year_quarter": 20111,
            "year": 2011,
            "quarter": 1,
            "eps": 2.75,
            "eps_growth_year": 17.02,
            "eps_4q": 11.14,
            "eps_4q_growth_year": 30.16,
            "roe": 6.28,
            "roe_4q": 26.15,
            "gross_profit": 2247155,
            "gross_margin": 20.99,
            "gross_margin_4q_avg": 21.65,
            "net_income": 1314763,
            "revenue": 10705541,
            "common_shares": 4735188,
            "book_valuer_per_share": 45.31,
            "book_valuer_per_share_4q_avg": 42.39,
            "equity": 21738175,
            "current_ratio": 134.19,
            "debt_ratio": 53.96,
            "inventory_turnover_ratio": 2.64,
            "account_receivable_turnover_ratio": 0.87,
            "reinvestment_rate": 237.76,
            "research_to_sale_ratio": 0.44,
            "price_fair": 296.36,
            "eps_avg_yearly": 8.47,
            "eps_latest_yearly": 11,
            "eps_growth_yearly": 39.04
        },
        "20112": {
            "year_quarter": 20112,
            "year": 2011,
            "quarter": 2,
            "eps": 2.13,
            "eps_growth_year": -16.25,
            "eps_4q": 9.87,
            "eps_4q_growth_year": 0.38,
            "roe": 5.32,
            "roe_4q": 25.29,
            "gross_profit": 2120203,
            "gross_margin": 20.36,
            "gross_margin_4q_avg": 21.22,
            "net_income": 1122864,
            "revenue": 10413330,
            "common_shares": 4735188,
            "book_valuer_per_share": 42.71,
            "book_valuer_per_share_4q_avg": 43.02,
            "equity": 20513444,
            "current_ratio": 132.31,
            "debt_ratio": 50.44,
            "inventory_turnover_ratio": 2.62,
            "account_receivable_turnover_ratio": 0.87,
            "reinvestment_rate": 246.83,
            "research_to_sale_ratio": 0.45,
            "price_fair": 296.28,
            "eps_avg_yearly": 8.47,
            "eps_latest_yearly": 8.52,
            "eps_growth_yearly": 34.31
        },
        "20113": {
            "year_quarter": 20113,
            "year": 2011,
            "quarter": 3,
            "eps": 1.75,
            "eps_growth_year": -41.99,
            "eps_4q": 8.9,
            "eps_4q_growth_year": -14.55,
            "roe": 4.22,
            "roe_4q": 22.36,
            "gross_profit": 1965900,
            "gross_margin": 19.24,
            "gross_margin_4q_avg": 20.43,
            "net_income": 918960,
            "revenue": 10216853,
            "common_shares": 5256059,
            "book_valuer_per_share": 43.29,
            "book_valuer_per_share_4q_avg": 43.3,
            "equity": 23038156,
            "current_ratio": 142.66,
            "debt_ratio": 48.26,
            "inventory_turnover_ratio": 2.43,
            "account_receivable_turnover_ratio": 0.83,
            "reinvestment_rate": 271.98,
            "research_to_sale_ratio": 0.35,
            "price_fair": 289.71,
            "eps_avg_yearly": 8.28,
            "eps_latest_yearly": 7,
            "eps_growth_yearly": 25.64
        },
        "20114": {
            "year_quarter": 20114,
            "year": 2011,
            "quarter": 4,
            "eps": 1.64,
            "eps_growth_year": -41.83,
            "eps_4q": 8,
            "eps_4q_growth_year": -25.46,
            "roe": 3.68,
            "roe_4q": 19.5,
            "gross_profit": 1739193,
            "gross_margin": 18.19,
            "gross_margin_4q_avg": 19.7,
            "net_income": 863786,
            "revenue": 9562879,
            "common_shares": 5256059,
            "book_valuer_per_share": 44.84,
            "book_valuer_per_share_4q_avg": 44.04,
            "equity": 23853831,
            "current_ratio": 148.75,
            "debt_ratio": 45.17,
            "inventory_turnover_ratio": 2.21,
            "account_receivable_turnover_ratio": 0.81,
            "reinvestment_rate": -10.43,
            "research_to_sale_ratio": 0.67,
            "price_fair": 253.43,
            "eps_avg_yearly": 8,
            "eps_latest_yearly": 6.56,
            "eps_growth_yearly": 21.67
        },
        "20121": {
            "year_quarter": 20121,
            "year": 2012,
            "quarter": 1,
            "eps": 1.52,
            "eps_growth_year": -44.73,
            "eps_4q": 7.05,
            "eps_4q_growth_year": -36.72,
            "roe": 3.26,
            "roe_4q": 16.48,
            "gross_profit": 1652815,
            "gross_margin": 17.68,
            "gross_margin_4q_avg": 18.87,
            "net_income": 779090,
            "revenue": 9349914,
            "common_shares": 5256059,
            "book_valuer_per_share": 45.18,
            "book_valuer_per_share_4q_avg": 44.01,
            "equity": 24011997,
            "current_ratio": 139.78,
            "debt_ratio": 48.04,
            "inventory_turnover_ratio": 2.13,
            "account_receivable_turnover_ratio": 0.87,
            "reinvestment_rate": -10.16,
            "research_to_sale_ratio": 0.32,
            "price_fair": 276.24,
            "eps_avg_yearly": 7.89,
            "eps_latest_yearly": 6.08,
            "eps_growth_yearly": 26.96
        },
        "20122": {
            "year_quarter": 20122,
            "year": 2012,
            "quarter": 2,
            "eps": 1.58,
            "eps_growth_year": -25.74,
            "eps_4q": 6.5,
            "eps_4q_growth_year": -34.16,
            "roe": 3.57,
            "roe_4q": 14.73,
            "gross_profit": 1775110,
            "gross_margin": 17.71,
            "gross_margin_4q_avg": 18.21,
            "net_income": 841833,
            "revenue": 10024678,
            "common_shares": 5256059,
            "book_valuer_per_share": 43.53,
            "book_valuer_per_share_4q_avg": 44.21,
            "equity": 23154086,
            "current_ratio": 126.19,
            "debt_ratio": 50.08,
            "inventory_turnover_ratio": 2.13,
            "account_receivable_turnover_ratio": 0.93,
            "reinvestment_rate": -9.17,
            "research_to_sale_ratio": 0.31,
            "price_fair": 275.63,
            "eps_avg_yearly": 7.88,
            "eps_latest_yearly": 6.32,
            "eps_growth_yearly": 31.9
        },
        "20123": {
            "year_quarter": 20123,
            "year": 2012,
            "quarter": 3,
            "eps": 1.3,
            "eps_growth_year": -26.06,
            "eps_4q": 6.04,
            "eps_4q_growth_year": -32.12,
            "roe": 2.88,
            "roe_4q": 13.389999999999999,
            "gross_profit": 1632918,
            "gross_margin": 16.55,
            "gross_margin_4q_avg": 17.53,
            "net_income": 671109,
            "revenue": 9866605,
            "common_shares": 5256059,
            "book_valuer_per_share": 44.12,
            "book_valuer_per_share_4q_avg": 44.42,
            "equity": 23455642,
            "current_ratio": 130.98,
            "debt_ratio": 44.97,
            "inventory_turnover_ratio": 2.08,
            "account_receivable_turnover_ratio": 0.9,
            "reinvestment_rate": -9.89,
            "research_to_sale_ratio": 0.32,
            "price_fair": 260.17,
            "eps_avg_yearly": 7.73,
            "eps_latest_yearly": 5.2,
            "eps_growth_yearly": 23.68
        },
        "20124": {
            "year_quarter": 20124,
            "year": 2012,
            "quarter": 4,
            "eps": 1.18,
            "eps_growth_year": -28.12,
            "eps_4q": 5.58,
            "eps_4q_growth_year": -30.25,
            "roe": 2.6,
            "roe_4q": 12.31,
            "gross_profit": 1607197,
            "gross_margin": 16.27,
            "gross_margin_4q_avg": 17.05,
            "net_income": 618693,
            "revenue": 9879342,
            "common_shares": 5256059,
            "book_valuer_per_share": 45.58,
            "book_valuer_per_share_4q_avg": 44.6,
            "equity": 24221083,
            "current_ratio": 127.56,
            "debt_ratio": 46.94,
            "inventory_turnover_ratio": 2.19,
            "account_receivable_turnover_ratio": 0.91,
            "reinvestment_rate": -0.81,
            "research_to_sale_ratio": 0.39,
            "price_fair": 274.49,
            "eps_avg_yearly": 7.84,
            "eps_latest_yearly": 4.72,
            "eps_growth_yearly": 37.03
        },
        "20131": {
            "year_quarter": 20131,
            "year": 2013,
            "quarter": 1,
            "eps": 1.15,
            "eps_growth_year": -24.34,
            "eps_4q": 5.21,
            "eps_4q_growth_year": -26.05,
            "roe": 2.46,
            "roe_4q": 11.51,
            "gross_profit": 1423653,
            "gross_margin": 14.23,
            "gross_margin_4q_avg": 16.19,
            "net_income": 608208,
            "revenue": 10002068,
            "common_shares": 5256059,
            "book_valuer_per_share": 47.68,
            "book_valuer_per_share_4q_avg": 45.23,
            "equity": 25317308,
            "current_ratio": 130.91,
            "debt_ratio": 46.77,
            "inventory_turnover_ratio": 2.28,
            "account_receivable_turnover_ratio": 0.91,
            "reinvestment_rate": -10.86,
            "research_to_sale_ratio": 0.27,
            "price_fair": 280,
            "eps_avg_yearly": 8,
            "eps_latest_yearly": 4.6,
            "eps_growth_yearly": 43.08
        },
        "20132": {
            "year_quarter": 20132,
            "year": 2013,
            "quarter": 2,
            "eps": 1.03,
            "eps_growth_year": -34.93,
            "eps_4q": 4.65,
            "eps_4q_growth_year": -28.39,
            "roe": 2.15,
            "roe_4q": 10.09,
            "gross_profit": 1487545,
            "gross_margin": 14.55,
            "gross_margin_4q_avg": 15.4,
            "net_income": 539551,
            "revenue": 10227083,
            "common_shares": 5256059,
            "book_valuer_per_share": 46.79,
            "book_valuer_per_share_4q_avg": 46.04,
            "equity": 24852474,
            "current_ratio": 134.87,
            "debt_ratio": 44.29,
            "inventory_turnover_ratio": 2.23,
            "account_receivable_turnover_ratio": 0.9,
            "reinvestment_rate": 1.19,
            "research_to_sale_ratio": 0.27,
            "price_fair": 110.62,
            "eps_avg_yearly": 7.94,
            "eps_latest_yearly": 4.12,
            "eps_growth_yearly": 3.94
        },
        "20133": {
            "year_quarter": 20133,
            "year": 2013,
            "quarter": 3,
            "eps": 1.18,
            "eps_growth_year": -8.96,
            "eps_4q": 4.54,
            "eps_4q_growth_year": -24.82,
            "roe": 2.44,
            "roe_4q": 9.65,
            "gross_profit": 1436303,
            "gross_margin": 14.04,
            "gross_margin_4q_avg": 14.77,
            "net_income": 610754,
            "revenue": 10232663,
            "common_shares": 5256059,
            "book_valuer_per_share": 47.5,
            "book_valuer_per_share_4q_avg": 46.89,
            "equity": 25214012,
            "current_ratio": 139.27,
            "debt_ratio": 44.94,
            "inventory_turnover_ratio": 2.18,
            "account_receivable_turnover_ratio": 0.88,
            "reinvestment_rate": 0.33,
            "research_to_sale_ratio": 0.3,
            "price_fair": 22.85,
            "eps_avg_yearly": 7.62,
            "eps_latest_yearly": 4.72,
            "eps_growth_yearly": -15.47
        },
        "20134": {
            "year_quarter": 20134,
            "year": 2013,
            "quarter": 4,
            "eps": 1.16,
            "eps_growth_year": -2.05,
            "eps_4q": 4.52,
            "eps_4q_growth_year": -19.04,
            "roe": 2.37,
            "roe_4q": 9.420000000000002,
            "gross_profit": 1555174,
            "gross_margin": 15.08,
            "gross_margin_4q_avg": 14.48,
            "net_income": 608335,
            "revenue": 10309883,
            "common_shares": 5256059,
            "book_valuer_per_share": 49.33,
            "book_valuer_per_share_4q_avg": 47.83,
            "equity": 26177052,
            "current_ratio": 140.81,
            "debt_ratio": 46.75,
            "inventory_turnover_ratio": 2.15,
            "account_receivable_turnover_ratio": 0.89,
            "reinvestment_rate": -150.13,
            "research_to_sale_ratio": 0.3,
            "price_fair": 21.83,
            "eps_avg_yearly": 7.28,
            "eps_latest_yearly": 4.64,
            "eps_growth_yearly": -16.5
        },
        "20141": {
            "year_quarter": 20141,
            "year": 2014,
            "quarter": 1,
            "eps": 1.09,
            "eps_growth_year": -5.22,
            "eps_4q": 4.46,
            "eps_4q_growth_year": -14.51,
            "roe": 2.2,
            "roe_4q": 9.16,
            "gross_profit": 1465919,
            "gross_margin": 14.91,
            "gross_margin_4q_avg": 14.65,
            "net_income": 582214,
            "revenue": 9829805,
            "common_shares": 5256059,
            "book_valuer_per_share": 50.44,
            "book_valuer_per_share_4q_avg": 48.52,
            "equity": 26766545,
            "current_ratio": 141.65,
            "debt_ratio": 48,
            "inventory_turnover_ratio": 2.13,
            "account_receivable_turnover_ratio": 0.87,
            "reinvestment_rate": -156.85,
            "research_to_sale_ratio": 0.33,
            "price_fair": 20.89,
            "eps_avg_yearly": 6.96,
            "eps_latest_yearly": 4.36,
            "eps_growth_yearly": -16.32
        },
        "20142": {
            "year_quarter": 20142,
            "year": 2014,
            "quarter": 2,
            "eps": 1,
            "eps_growth_year": -2.91,
            "eps_4q": 4.43,
            "eps_4q_growth_year": -4.79,
            "roe": 2.05,
            "roe_4q": 9.06,
            "gross_profit": 1637849,
            "gross_margin": 15.84,
            "gross_margin_4q_avg": 14.97,
            "net_income": 535951,
            "revenue": 10337899,
            "common_shares": 5256059,
            "book_valuer_per_share": 48.43,
            "book_valuer_per_share_4q_avg": 48.93,
            "equity": 25454850,
            "current_ratio": 136.6,
            "debt_ratio": 51.08,
            "inventory_turnover_ratio": 2.34,
            "account_receivable_turnover_ratio": 0.92,
            "reinvestment_rate": -191.72,
            "research_to_sale_ratio": 0.33,
            "price_fair": 19.73,
            "eps_avg_yearly": 6.58,
            "eps_latest_yearly": 4,
            "eps_growth_yearly": -20.52
        },
        "20143": {
            "year_quarter": 20143,
            "year": 2014,
            "quarter": 3,
            "eps": 1.5,
            "eps_growth_year": 27.12,
            "eps_4q": 4.74,
            "eps_4q_growth_year": 4.46,
            "roe": 3.01,
            "roe_4q": 9.629999999999999,
            "gross_profit": 1853835,
            "gross_margin": 16.54,
            "gross_margin_4q_avg": 15.59,
            "net_income": 787462,
            "revenue": 11205218,
            "common_shares": 5256059,
            "book_valuer_per_share": 51.15,
            "book_valuer_per_share_4q_avg": 49.84,
            "equity": 26882994,
            "current_ratio": 140.99,
            "debt_ratio": 50.68,
            "inventory_turnover_ratio": 2.4,
            "account_receivable_turnover_ratio": 0.95,
            "reinvestment_rate": -212.84,
            "research_to_sale_ratio": 0.36,
            "price_fair": 18.59,
            "eps_avg_yearly": 6.2,
            "eps_latest_yearly": 6,
            "eps_growth_yearly": -12.62
        },
        "20144": {
            "year_quarter": 20144,
            "year": 2014,
            "quarter": 4,
            "eps": 1.43,
            "eps_growth_year": 23.55,
            "eps_4q": 5.02,
            "eps_4q_growth_year": 11.05,
            "roe": 2.71,
            "roe_4q": 9.969999999999999,
            "gross_profit": 1704563,
            "gross_margin": 15.41,
            "gross_margin_4q_avg": 15.68,
            "net_income": 750278,
            "revenue": 11060356,
            "common_shares": 5256059,
            "book_valuer_per_share": 54.02,
            "book_valuer_per_share_4q_avg": 51.01,
            "equity": 28393259,
            "current_ratio": 138.54,
            "debt_ratio": 51.93,
            "inventory_turnover_ratio": 2.2,
            "account_receivable_turnover_ratio": 0.9,
            "reinvestment_rate": -201.68,
            "research_to_sale_ratio": 0.37,
            "price_fair": 17.54,
            "eps_avg_yearly": 5.85,
            "eps_latest_yearly": 5.72,
            "eps_growth_yearly": -12.14
        },
        "20151": {
            "year_quarter": 20151,
            "year": 2015,
            "quarter": 1,
            "eps": 1.02,
            "eps_growth_year": -6.42,
            "eps_4q": 4.95,
            "eps_4q_growth_year": 11.1,
            "roe": 1.88,
            "roe_4q": 9.649999999999999,
            "gross_profit": 1432580,
            "gross_margin": 14.34,
            "gross_margin_4q_avg": 15.53,
            "net_income": 537675,
            "revenue": 9992899,
            "common_shares": 5256059,
            "book_valuer_per_share": 54.56,
            "book_valuer_per_share_4q_avg": 52.04,
            "equity": 28674513,
            "current_ratio": 142.24,
            "debt_ratio": 50.65,
            "inventory_turnover_ratio": 1.88,
            "account_receivable_turnover_ratio": 0.86,
            "reinvestment_rate": -210.99,
            "research_to_sale_ratio": 0.37,
            "price_fair": 16.25,
            "eps_avg_yearly": 5.42,
            "eps_latest_yearly": 4.08,
            "eps_growth_yearly": -18.68
        },
        "20152": {
            "year_quarter": 20152,
            "year": 2015,
            "quarter": 2,
            "eps": 0.99,
            "eps_growth_year": -1,
            "eps_4q": 4.94,
            "eps_4q_growth_year": 11.52,
            "roe": 1.86,
            "roe_4q": 9.46,
            "gross_profit": 1486239,
            "gross_margin": 14.52,
            "gross_margin_4q_avg": 15.2,
            "net_income": 521797,
            "revenue": 10233359,
            "common_shares": 5256059,
            "book_valuer_per_share": 52.06,
            "book_valuer_per_share_4q_avg": 52.95,
            "equity": 27361685,
            "current_ratio": 143.74,
            "debt_ratio": 49.64,
            "inventory_turnover_ratio": 1.91,
            "account_receivable_turnover_ratio": 0.93,
            "reinvestment_rate": -246.05,
            "research_to_sale_ratio": 0.37,
            "price_fair": 15.39,
            "eps_avg_yearly": 5.13,
            "eps_latest_yearly": 3.96,
            "eps_growth_yearly": -13.78
        },
        "20153": {
            "year_quarter": 20153,
            "year": 2015,
            "quarter": 3,
            "eps": 1.81,
            "eps_growth_year": 20.67,
            "eps_4q": 5.25,
            "eps_4q_growth_year": 10.61,
            "roe": 3.34,
            "roe_4q": 9.79,
            "gross_profit": 2024110,
            "gross_margin": 16.95,
            "gross_margin_4q_avg": 15.31,
            "net_income": 948821,
            "revenue": 11944209,
            "common_shares": 5256059,
            "book_valuer_per_share": 56.09,
            "book_valuer_per_share_4q_avg": 54.18,
            "equity": 29481793,
            "current_ratio": 144.56,
            "debt_ratio": 51.93,
            "inventory_turnover_ratio": 2.15,
            "account_receivable_turnover_ratio": 1.01,
            "reinvestment_rate": -274.99,
            "research_to_sale_ratio": 0.32,
            "price_fair": 110.03,
            "eps_avg_yearly": 5.15,
            "eps_latest_yearly": 7.24,
            "eps_growth_yearly": 11.39
        },
        "20154": {
            "year_quarter": 20154,
            "year": 2015,
            "quarter": 4,
            "eps": 1.57,
            "eps_growth_year": 9.88,
            "eps_4q": 5.39,
            "eps_4q_growth_year": 7.43,
            "roe": 2.78,
            "roe_4q": 9.86,
            "gross_profit": 1850435,
            "gross_margin": 16.5,
            "gross_margin_4q_avg": 15.58,
            "net_income": 824373,
            "revenue": 11212350,
            "common_shares": 5256059,
            "book_valuer_per_share": 56.64,
            "book_valuer_per_share_4q_avg": 54.84,
            "equity": 29767843,
            "current_ratio": 146.59,
            "debt_ratio": 52.39,
            "inventory_turnover_ratio": 2.07,
            "account_receivable_turnover_ratio": 0.9,
            "reinvestment_rate": -12.4,
            "research_to_sale_ratio": 0.34,
            "price_fair": 100.71,
            "eps_avg_yearly": 5.13,
            "eps_latest_yearly": 6.28,
            "eps_growth_yearly": 9.64
        },
        "20161": {
            "year_quarter": 20161,
            "year": 2016,
            "quarter": 1,
            "eps": 1.28,
            "eps_growth_year": 25.49,
            "eps_4q": 5.64,
            "eps_4q_growth_year": 13.99,
            "roe": 2.24,
            "roe_4q": 10.219999999999999,
            "gross_profit": 1506901,
            "gross_margin": 15.15,
            "gross_margin_4q_avg": 15.78,
            "net_income": 670349,
            "revenue": 9944897,
            "common_shares": 5256059,
            "book_valuer_per_share": 57.02,
            "book_valuer_per_share_4q_avg": 55.45,
            "equity": 29970987,
            "current_ratio": 155.37,
            "debt_ratio": 49.55,
            "inventory_turnover_ratio": 1.97,
            "account_receivable_turnover_ratio": 0.87,
            "reinvestment_rate": -17.34,
            "research_to_sale_ratio": 0.37,
            "price_fair": 85.4,
            "eps_avg_yearly": 5.07,
            "eps_latest_yearly": 5.12,
            "eps_growth_yearly": 6.85
        },
        "20162": {
            "year_quarter": 20162,
            "year": 2016,
            "quarter": 2,
            "eps": 1.32,
            "eps_growth_year": 33.33,
            "eps_4q": 5.97,
            "eps_4q_growth_year": 20.82,
            "roe": 2.38,
            "roe_4q": 10.74,
            "gross_profit": 1709121,
            "gross_margin": 16.03,
            "gross_margin_4q_avg": 16.16,
            "net_income": 694312,
            "revenue": 10662814,
            "common_shares": 5256059,
            "book_valuer_per_share": 53.98,
            "book_valuer_per_share_4q_avg": 55.93,
            "equity": 28371934,
            "current_ratio": 149.82,
            "debt_ratio": 51.89,
            "inventory_turnover_ratio": 2.18,
            "account_receivable_turnover_ratio": 0.96,
            "reinvestment_rate": -27.79,
            "research_to_sale_ratio": 0.39,
            "price_fair": 83.28,
            "eps_avg_yearly": 5,
            "eps_latest_yearly": 5.28,
            "eps_growth_yearly": 6.65
        },
        "20163": {
            "year_quarter": 20163,
            "year": 2016,
            "quarter": 3,
            "eps": 1.86,
            "eps_growth_year": 2.76,
            "eps_4q": 6.02,
            "eps_4q_growth_year": 14.75,
            "roe": 3.44,
            "roe_4q": 10.84,
            "gross_profit": 2317224,
            "gross_margin": 19.94,
            "gross_margin_4q_avg": 16.91,
            "net_income": 976311,
            "revenue": 11619134,
            "common_shares": 5256059,
            "book_valuer_per_share": 54.03,
            "book_valuer_per_share_4q_avg": 55.42,
            "equity": 28398348,
            "current_ratio": 150.33,
            "debt_ratio": 53.53,
            "inventory_turnover_ratio": 2.35,
            "account_receivable_turnover_ratio": 0.98,
            "reinvestment_rate": -43.81,
            "research_to_sale_ratio": 0.35,
            "price_fair": 160.99,
            "eps_avg_yearly": 5.14,
            "eps_latest_yearly": 7.44,
            "eps_growth_yearly": 21.31
        },
        "20164": {
            "year_quarter": 20164,
            "year": 2016,
            "quarter": 4,
            "eps": 2.34,
            "eps_growth_year": 49.46,
            "eps_4q": 6.8,
            "eps_4q_growth_year": 26.14,
            "roe": 4.25,
            "roe_4q": 12.31,
            "gross_profit": 2284287,
            "gross_margin": 20.24,
            "gross_margin_4q_avg": 17.84,
            "net_income": 1232068,
            "revenue": 11286082,
            "common_shares": 5256059,
            "book_valuer_per_share": 56.25,
            "book_valuer_per_share_4q_avg": 55.32,
            "equity": 29565702,
            "current_ratio": 154.79,
            "debt_ratio": 53.29,
            "inventory_turnover_ratio": 2.15,
            "account_receivable_turnover_ratio": 0.91,
            "reinvestment_rate": -53.1,
            "research_to_sale_ratio": 0.41,
            "price_fair": 190.14,
            "eps_avg_yearly": 5.43,
            "eps_latest_yearly": 9.36,
            "eps_growth_yearly": 30.06
        },
        "20171": {
            "year_quarter": 20171,
            "year": 2017,
            "quarter": 1,
            "eps": 1.71,
            "eps_growth_year": 33.59,
            "eps_4q": 7.24,
            "eps_4q_growth_year": 28.27,
            "roe": 3.09,
            "roe_4q": 13.16,
            "gross_profit": 1771203,
            "gross_margin": 17.22,
            "gross_margin_4q_avg": 18.36,
            "net_income": 900771,
            "revenue": 10285095,
            "common_shares": 5256059,
            "book_valuer_per_share": 54.7,
            "book_valuer_per_share_4q_avg": 54.74,
            "equity": 28760409,
            "current_ratio": 158.94,
            "debt_ratio": 51.44,
            "inventory_turnover_ratio": 1.96,
            "account_receivable_turnover_ratio": 0.86,
            "reinvestment_rate": -41.02,
            "research_to_sale_ratio": 0.37,
            "price_fair": 189.29,
            "eps_avg_yearly": 5.57,
            "eps_latest_yearly": 6.84,
            "eps_growth_yearly": 23.97
        },
        "20172": {
            "year_quarter": 20172,
            "year": 2017,
            "quarter": 2,
            "eps": 1.98,
            "eps_growth_year": 50,
            "eps_4q": 7.9,
            "eps_4q_growth_year": 32.3,
            "roe": 3.67,
            "roe_4q": 14.45,
            "gross_profit": 1962892,
            "gross_margin": 18.46,
            "gross_margin_4q_avg": 18.97,
            "net_income": 1042067,
            "revenue": 10636000,
            "common_shares": 5256059,
            "book_valuer_per_share": 53.28,
            "book_valuer_per_share_4q_avg": 54.57,
            "equity": 28013981,
            "current_ratio": 141.58,
            "debt_ratio": 57.47,
            "inventory_turnover_ratio": 1.92,
            "account_receivable_turnover_ratio": 0.91,
            "reinvestment_rate": -43.61,
            "research_to_sale_ratio": 0.39,
            "price_fair": 203.35,
            "eps_avg_yearly": 5.81,
            "eps_latest_yearly": 7.92,
            "eps_growth_yearly": 30.53
        },
        "20173": {
            "year_quarter": 20173,
            "year": 2017,
            "quarter": 3,
            "eps": 2.49,
            "eps_growth_year": 33.87,
            "eps_4q": 8.53,
            "eps_4q_growth_year": 41.58,
            "roe": 4.53,
            "roe_4q": 15.54,
            "gross_profit": 2236431,
            "gross_margin": 18.18,
            "gross_margin_4q_avg": 18.53,
            "net_income": 1306398,
            "revenue": 12301379,
            "common_shares": 5256059,
            "book_valuer_per_share": 56.31,
            "book_valuer_per_share_4q_avg": 55.14,
            "equity": 29602056,
            "current_ratio": 136.13,
            "debt_ratio": 59.61,
            "inventory_turnover_ratio": 2.05,
            "account_receivable_turnover_ratio": 0.96,
            "reinvestment_rate": -11.19,
            "research_to_sale_ratio": 0.36,
            "price_fair": 214.81,
            "eps_avg_yearly": 6.14,
            "eps_latest_yearly": 9.96,
            "eps_growth_yearly": 33.32
        },
        "20174": {
            "year_quarter": 20174,
            "year": 2017,
            "quarter": 4,
            "eps": 2.12,
            "eps_growth_year": -9.39,
            "eps_4q": 8.31,
            "eps_4q_growth_year": 22.18,
            "roe": 3.7,
            "roe_4q": 14.99,
            "gross_profit": 2384415,
            "gross_margin": 18.93,
            "gross_margin_4q_avg": 18.2,
            "net_income": 1116363,
            "revenue": 12596127,
            "common_shares": 5256059,
            "book_valuer_per_share": 58.4,
            "book_valuer_per_share_4q_avg": 55.67,
            "equity": 30705363,
            "current_ratio": 139.38,
            "debt_ratio": 56.26,
            "inventory_turnover_ratio": 1.97,
            "account_receivable_turnover_ratio": 0.9,
            "reinvestment_rate": 0.24,
            "research_to_sale_ratio": 0.36,
            "price_fair": 223.21,
            "eps_avg_yearly": 6.38,
            "eps_latest_yearly": 8.48,
            "eps_growth_yearly": 30.03
        },
        "20181": {
            "year_quarter": 20181,
            "year": 2018,
            "quarter": 1,
            "eps": 1.57,
            "eps_growth_year": -8.19,
            "eps_4q": 8.16,
            "eps_4q_growth_year": 12.79,
            "roe": 2.64,
            "roe_4q": 14.540000000000001,
            "gross_profit": 1893015,
            "gross_margin": 16.42,
            "gross_margin_4q_avg": 18,
            "net_income": 825069,
            "revenue": 11527567,
            "common_shares": 5256059,
            "book_valuer_per_share": 60.49,
            "book_valuer_per_share_4q_avg": 57.12,
            "equity": 31799087,
            "current_ratio": 146.85,
            "debt_ratio": 52.48,
            "inventory_turnover_ratio": 1.74,
            "account_receivable_turnover_ratio": 0.83,
            "reinvestment_rate": -0.93,
            "research_to_sale_ratio": 0.35,
            "price_fair": 227.41,
            "eps_avg_yearly": 6.5,
            "eps_latest_yearly": 6.28,
            "eps_growth_yearly": 25.06
        },
        "20182": {
            "year_quarter": 20182,
            "year": 2018,
            "quarter": 2,
            "eps": 1.9,
            "eps_growth_year": -4.04,
            "eps_4q": 8.08,
            "eps_4q_growth_year": 2.35,
            "roe": 3.24,
            "roe_4q": 14.110000000000003,
            "gross_profit": 2164985,
            "gross_margin": 16.99,
            "gross_margin_4q_avg": 17.63,
            "net_income": 1001106,
            "revenue": 12742440,
            "common_shares": 5256059,
            "book_valuer_per_share": 57.16,
            "book_valuer_per_share_4q_avg": 58.09,
            "equity": 30050449,
            "current_ratio": 132.59,
            "debt_ratio": 57.76,
            "inventory_turnover_ratio": 1.79,
            "account_receivable_turnover_ratio": 0.91,
            "reinvestment_rate": 16.58,
            "research_to_sale_ratio": 0.35,
            "price_fair": 235.29,
            "eps_avg_yearly": 6.72,
            "eps_latest_yearly": 7.6,
            "eps_growth_yearly": 32.37
        },
        "20183": {
            "year_quarter": 20183,
            "year": 2018,
            "quarter": 3,
            "eps": 3.13,
            "eps_growth_year": 25.7,
            "eps_4q": 8.73,
            "eps_4q_growth_year": 2.4,
            "roe": 5.41,
            "roe_4q": 14.990000000000002,
            "gross_profit": 3025131,
            "gross_margin": 20.55,
            "gross_margin_4q_avg": 18.22,
            "net_income": 1646400,
            "revenue": 14723458,
            "common_shares": 5256059,
            "book_valuer_per_share": 58.64,
            "book_valuer_per_share_4q_avg": 58.67,
            "equity": 30830235,
            "current_ratio": 134.25,
            "debt_ratio": 57.56,
            "inventory_turnover_ratio": 1.85,
            "account_receivable_turnover_ratio": 0.94,
            "reinvestment_rate": 14.27,
            "research_to_sale_ratio": 0.33,
            "price_fair": 249.55,
            "eps_avg_yearly": 7.13,
            "eps_latest_yearly": 12.52,
            "eps_growth_yearly": 36.06
        },
        "20184": {
            "year_quarter": 20184,
            "year": 2018,
            "quarter": 4,
            "eps": 2.79,
            "eps_growth_year": 31.31,
            "eps_4q": 9.4,
            "eps_4q_growth_year": 13.12,
            "roe": 4.63,
            "roe_4q": 15.92,
            "gross_profit": 2681364,
            "gross_margin": 20.45,
            "gross_margin_4q_avg": 18.6,
            "net_income": 1465950,
            "revenue": 13112218,
            "common_shares": 5256059,
            "book_valuer_per_share": 61.68,
            "book_valuer_per_share_4q_avg": 59.49,
            "equity": 32428646,
            "current_ratio": 140.99,
            "debt_ratio": 54.66,
            "inventory_turnover_ratio": 1.55,
            "account_receivable_turnover_ratio": 0.82,
            "reinvestment_rate": 6.3,
            "research_to_sale_ratio": 0.38,
            "price_fair": 261.45,
            "eps_avg_yearly": 7.47,
            "eps_latest_yearly": 11.16,
            "eps_growth_yearly": 34.51
        },
        "20191": {
            "year_quarter": 20191,
            "year": 2019,
            "quarter": 1,
            "eps": 2.05,
            "eps_growth_year": 30.57,
            "eps_4q": 9.88,
            "eps_4q_growth_year": 21,
            "roe": 3.23,
            "roe_4q": 16.509999999999998,
            "gross_profit": 2165814,
            "gross_margin": 17.96,
            "gross_margin_4q_avg": 18.99,
            "net_income": 1077858,
            "revenue": 12060000,
            "common_shares": 5256059,
            "book_valuer_per_share": 65.15,
            "book_valuer_per_share_4q_avg": 60.66,
            "equity": 34252233,
            "current_ratio": 156.43,
            "debt_ratio": 48.68,
            "inventory_turnover_ratio": 1.5,
            "account_receivable_turnover_ratio": 0.82,
            "reinvestment_rate": 7.62,
            "research_to_sale_ratio": 0.38,
            "price_fair": 270.46,
            "eps_avg_yearly": 7.73,
            "eps_latest_yearly": 8.2,
            "eps_growth_yearly": 35.05
        },
        "20192": {
            "year_quarter": 20192,
            "year": 2019,
            "quarter": 2,
            "eps": 2.45,
            "eps_growth_year": 28.95,
            "eps_4q": 10.43,
            "eps_4q_growth_year": 28.96,
            "roe": 3.89,
            "roe_4q": 17.16,
            "gross_profit": 2511933,
            "gross_margin": 18.91,
            "gross_margin_4q_avg": 19.47,
            "net_income": 1289426,
            "revenue": 13283602,
            "common_shares": 5256059,
            "book_valuer_per_share": 61.04,
            "book_valuer_per_share_4q_avg": 61.63,
            "equity": 32088517,
            "current_ratio": 146.02,
            "debt_ratio": 52.91,
            "inventory_turnover_ratio": 1.72,
            "account_receivable_turnover_ratio": 0.9,
            "reinvestment_rate": 7.02,
            "research_to_sale_ratio": 0.37,
            "price_fair": 283.24,
            "eps_avg_yearly": 8.09,
            "eps_latest_yearly": 9.8,
            "eps_growth_yearly": 40.66
        },
        "20193": {
            "year_quarter": 20193,
            "year": 2019,
            "quarter": 3,
            "eps": 3.82,
            "eps_growth_year": 22.04,
            "eps_4q": 11.11,
            "eps_4q_growth_year": 27.24,
            "roe": 6.17,
            "roe_4q": 17.92,
            "gross_profit": 3613310,
            "gross_margin": 23.92,
            "gross_margin_4q_avg": 20.31,
            "net_income": 2005912,
            "revenue": 15108897,
            "common_shares": 5256059,
            "book_valuer_per_share": 62.71,
            "book_valuer_per_share_4q_avg": 62.65,
            "equity": 32965956,
            "current_ratio": 151.7,
            "debt_ratio": 51.74,
            "inventory_turnover_ratio": 1.85,
            "account_receivable_turnover_ratio": 0.93,
            "reinvestment_rate": 1.91,
            "research_to_sale_ratio": 0.36,
            "price_fair": 300.83,
            "eps_avg_yearly": 8.6,
            "eps_latest_yearly": 15.28,
            "eps_growth_yearly": 33.93
        },
        "20194": {
            "year_quarter": 20194,
            "year": 2019,
            "quarter": 4,
            "eps": 3.17,
            "eps_growth_year": 13.52,
            "eps_4q": 11.49,
            "eps_4q_growth_year": 22.25,
            "roe": 4.96,
            "roe_4q": 18.25,
            "gross_profit": 2974927,
            "gross_margin": 21.25,
            "gross_margin_4q_avg": 20.51,
            "net_income": 1664124,
            "revenue": 13998445,
            "common_shares": 5256059,
            "book_valuer_per_share": 64.96,
            "book_valuer_per_share_4q_avg": 63.47,
            "equity": 34148818,
            "current_ratio": 151.89,
            "debt_ratio": 52.31,
            "inventory_turnover_ratio": 1.73,
            "account_receivable_turnover_ratio": 0.83,
            "reinvestment_rate": 7.65,
            "research_to_sale_ratio": 0.4,
            "price_fair": 314.83,
            "eps_avg_yearly": 9,
            "eps_latest_yearly": 12.68,
            "eps_growth_yearly": 32.99
        },
        "20201": {
            "year_quarter": 20201,
            "year": 2020,
            "quarter": 1,
            "eps": 1.86,
            "eps_growth_year": -9.27,
            "eps_4q": 11.3,
            "eps_4q_growth_year": 14.36,
            "roe": 2.83,
            "roe_4q": 17.85,
            "gross_profit": 1856844,
            "gross_margin": 15.85,
            "gross_margin_4q_avg": 19.98,
            "net_income": 977347,
            "revenue": 11718071,
            "common_shares": 5256059,
            "book_valuer_per_share": 66.44,
            "book_valuer_per_share_4q_avg": 63.79,
            "equity": 34926733,
            "current_ratio": 164.82,
            "debt_ratio": 47.86,
            "inventory_turnover_ratio": 1.52,
            "account_receivable_turnover_ratio": 0.76,
            "reinvestment_rate": 8.25,
            "research_to_sale_ratio": 0.4,
            "price_fair": 319.9,
            "eps_avg_yearly": 9.14,
            "eps_latest_yearly": 7.44,
            "eps_growth_yearly": 27.28
        },
        "20202": {
            "year_quarter": 20202,
            "year": 2020,
            "quarter": 2,
            "eps": 2.5,
            "eps_growth_year": 2.04,
            "eps_4q": 11.34,
            "eps_4q_growth_year": 8.81,
            "roe": 3.94,
            "roe_4q": 17.9,
            "gross_profit": 2523912,
            "gross_margin": 19.4,
            "gross_margin_4q_avg": 20.11,
            "net_income": 1314678,
            "revenue": 13009681,
            "common_shares": 5256059,
            "book_valuer_per_share": 60.54,
            "book_valuer_per_share_4q_avg": 63.66,
            "equity": 31829143,
            "current_ratio": 146.25,
            "debt_ratio": 53.53,
            "inventory_turnover_ratio": 1.55,
            "account_receivable_turnover_ratio": 0.89,
            "reinvestment_rate": 12.9,
            "research_to_sale_ratio": 0.39,
            "price_fair": 330.23,
            "eps_avg_yearly": 9.44,
            "eps_latest_yearly": 10,
            "eps_growth_yearly": 35.1
        },
        "20203": {
            "year_quarter": 20203,
            "year": 2020,
            "quarter": 3,
            "eps": 3.81,
            "eps_growth_year": -0.26,
            "eps_4q": 11.33,
            "eps_4q_growth_year": 2.03,
            "roe": 6.05,
            "roe_4q": 17.78,
            "gross_profit": 3525575,
            "gross_margin": 22.44,
            "gross_margin_4q_avg": 19.74,
            "net_income": 2001389,
            "revenue": 15711217,
            "common_shares": 5256059,
            "book_valuer_per_share": 65.3,
            "book_valuer_per_share_4q_avg": 64.31,
            "equity": 34330545,
            "current_ratio": 149.07,
            "debt_ratio": 52.62,
            "inventory_turnover_ratio": 1.71,
            "account_receivable_turnover_ratio": 0.96,
            "reinvestment_rate": 21.68,
            "research_to_sale_ratio": 0.41,
            "price_fair": 347.29,
            "eps_avg_yearly": 9.92,
            "eps_latest_yearly": 15.24,
            "eps_growth_yearly": 37.97
        },
        "20204": {
            "year_quarter": 20204,
            "year": 2020,
            "quarter": 4,
            "eps": 3.49,
            "eps_growth_year": 10.09,
            "eps_4q": 11.65,
            "eps_4q_growth_year": 1.46,
            "roe": 5.21,
            "roe_4q": 18.03,
            "gross_profit": 3244091,
            "gross_margin": 21.47,
            "gross_margin_4q_avg": 19.79,
            "net_income": 1831980,
            "revenue": 15108939,
            "common_shares": 5256059,
            "book_valuer_per_share": 68.59,
            "book_valuer_per_share_4q_avg": 65.22,
            "equity": 36060429,
            "current_ratio": 146.59,
            "debt_ratio": 52.08,
            "inventory_turnover_ratio": 1.62,
            "account_receivable_turnover_ratio": 0.86,
            "reinvestment_rate": 30.4,
            "research_to_sale_ratio": 0.41,
            "price_fair": 357.35,
            "eps_avg_yearly": 10.21,
            "eps_latest_yearly": 13.96,
            "eps_growth_yearly": 29.42
        },
        "20211": {
            "year_quarter": 20211,
            "year": 2021,
            "quarter": 1,
            "eps": 2.68,
            "eps_growth_year": 44.09,
            "eps_4q": 12.47,
            "eps_4q_growth_year": 10.44,
            "roe": 3.81,
            "roe_4q": 19.01,
            "gross_profit": 2824966,
            "gross_margin": 18.71,
            "gross_margin_4q_avg": 20.51,
            "net_income": 1408287,
            "revenue": 15101053,
            "common_shares": 5256059,
            "book_valuer_per_share": 72.15,
            "book_valuer_per_share_4q_avg": 66.65,
            "equity": 37928427,
            "current_ratio": 135.55,
            "debt_ratio": 52.25,
            "inventory_turnover_ratio": 1.59,
            "account_receivable_turnover_ratio": 0.87,
            "reinvestment_rate": 46.85,
            "research_to_sale_ratio": 0.33,
            "price_fair": 365.84,
            "eps_avg_yearly": 10.45,
            "eps_latest_yearly": 10.72,
            "eps_growth_yearly": 30.35
        },
        "20212": {
            "year_quarter": 20212,
            "year": 2021,
            "quarter": 2,
            "eps": 2.53,
            "eps_growth_year": 1.2,
            "eps_4q": 12.5,
            "eps_4q_growth_year": 10.23,
            "roe": 3.65,
            "roe_4q": 18.72,
            "gross_profit": 2716331,
            "gross_margin": 18.06,
            "gross_margin_4q_avg": 20.17,
            "net_income": 1330010,
            "revenue": 15043357,
            "common_shares": 5256059,
            "book_valuer_per_share": 66.48,
            "book_valuer_per_share_4q_avg": 68.13,
            "equity": 34951746,
            "current_ratio": 121.77,
            "debt_ratio": 57.55,
            "inventory_turnover_ratio": 1.41,
            "account_receivable_turnover_ratio": 0.86,
            "reinvestment_rate": 49.57,
            "research_to_sale_ratio": 0.35,
            "price_fair": 370.65,
            "eps_avg_yearly": 10.59,
            "eps_latest_yearly": 10.12,
            "eps_growth_yearly": 25
        },
        "20213": {
            "year_quarter": 20213,
            "year": 2021,
            "quarter": 3,
            "eps": 3.04,
            "eps_growth_year": -20.21,
            "eps_4q": 11.73,
            "eps_4q_growth_year": 3.51,
            "roe": 4.46,
            "roe_4q": 17.13,
            "gross_profit": 3141119,
            "gross_margin": 19.43,
            "gross_margin_4q_avg": 19.42,
            "net_income": 1596369,
            "revenue": 16169733,
            "common_shares": 5256059,
            "book_valuer_per_share": 69.56,
            "book_valuer_per_share_4q_avg": 69.2,
            "equity": 36569857,
            "current_ratio": 122.68,
            "debt_ratio": 55.96,
            "inventory_turnover_ratio": 1.26,
            "account_receivable_turnover_ratio": 0.89,
            "reinvestment_rate": 41.27,
            "research_to_sale_ratio": 0.32,
            "price_fair": 360.49,
            "eps_avg_yearly": 10.73,
            "eps_latest_yearly": 12.16,
            "eps_growth_yearly": 23.6
        },
        "20214": {
            "year_quarter": 20214,
            "year": 2021,
            "quarter": 4,
            "eps": 2.9,
            "eps_growth_year": -16.83,
            "eps_4q": 11.15,
            "eps_4q_growth_year": -4.36,
            "roe": 4.07,
            "roe_4q": 15.990000000000002,
            "gross_profit": 3216935,
            "gross_margin": 19.28,
            "gross_margin_4q_avg": 18.87,
            "net_income": 1523675,
            "revenue": 16685846,
            "common_shares": 5256059,
            "book_valuer_per_share": 72.89,
            "book_valuer_per_share_4q_avg": 70.27,
            "equity": 38320400,
            "current_ratio": 127.19,
            "debt_ratio": 54.8,
            "inventory_turnover_ratio": 1.11,
            "account_receivable_turnover_ratio": 0.87,
            "reinvestment_rate": 34.75,
            "research_to_sale_ratio": 0.34,
            "price_fair": 382.29,
            "eps_avg_yearly": 10.92,
            "eps_latest_yearly": 11.6,
            "eps_growth_yearly": 26.17
        },
        "20221": {
            "year_quarter": 20221,
            "year": 2022,
            "quarter": 1,
            "eps": 2.75,
            "eps_growth_year": 2.61,
            "eps_4q": 11.22,
            "eps_4q_growth_year": -10.09,
            "roe": 3.63,
            "roe_4q": 15.81,
            "gross_profit": 2965753,
            "gross_margin": 17.08,
            "gross_margin_4q_avg": 18.46,
            "net_income": 1444933,
            "revenue": 17360216,
            "common_shares": 5256059,
            "book_valuer_per_share": 78.42,
            "book_valuer_per_share_4q_avg": 71.84,
            "equity": 41227999,
            "current_ratio": 134.28,
            "debt_ratio": 52.36,
            "inventory_turnover_ratio": 1.08,
            "account_receivable_turnover_ratio": 0.85,
            "reinvestment_rate": 37.13,
            "research_to_sale_ratio": 0.33,
            "price_fair": 392.61,
            "eps_avg_yearly": 11.22,
            "eps_latest_yearly": 11,
            "eps_growth_yearly": 31.36
        },
        "20222": {
            "year_quarter": 20222,
            "year": 2022,
            "quarter": 2,
            "eps": 2.79,
            "eps_growth_year": 10.28,
            "eps_4q": 11.48,
            "eps_4q_growth_year": -8.22,
            "roe": 3.67,
            "roe_4q": 15.830000000000002,
            "gross_profit": 2929655,
            "gross_margin": 17.68,
            "gross_margin_4q_avg": 18.37,
            "net_income": 1467074,
            "revenue": 16571090,
            "common_shares": 5256059,
            "book_valuer_per_share": 73.53,
            "book_valuer_per_share_4q_avg": 73.6,
            "equity": 38657150,
            "current_ratio": 130.26,
            "debt_ratio": 54.26,
            "inventory_turnover_ratio": 1.01,
            "account_receivable_turnover_ratio": 0.81,
            "reinvestment_rate": 28.03,
            "research_to_sale_ratio": 0.36,
            "price_fair": 400.4,
            "eps_avg_yearly": 11.44,
            "eps_latest_yearly": 11.16,
            "eps_growth_yearly": 26.47
        },
        "20223": {
            "year_quarter": 20223,
            "year": 2022,
            "quarter": 3,
            "eps": 3.09,
            "eps_growth_year": 1.64,
            "eps_4q": 11.53,
            "eps_4q_growth_year": -1.7,
            "roe": 4.08,
            "roe_4q": 15.45,
            "gross_profit": 3128677,
            "gross_margin": 18.2,
            "gross_margin_4q_avg": 18.06,
            "net_income": 1626506,
            "revenue": 17190339,
            "common_shares": 5256059,
            "book_valuer_per_share": 78.19,
            "book_valuer_per_share_4q_avg": 75.76,
            "equity": 41103717,
            "current_ratio": 140.17,
            "debt_ratio": 51.39,
            "inventory_turnover_ratio": 1.11,
            "account_receivable_turnover_ratio": 0.82,
            "reinvestment_rate": 26.3,
            "research_to_sale_ratio": 0.37,
            "price_fair": 262.59,
            "eps_avg_yearly": 11.43,
            "eps_latest_yearly": 12.36,
            "eps_growth_yearly": 12.97
        },
        "20224": {
            "year_quarter": 20224,
            "year": 2022,
            "quarter": 4,
            "eps": 3.16,
            "eps_growth_year": 9.09,
            "eps_4q": 11.8,
            "eps_4q_growth_year": 5.84,
            "roe": 3.99,
            "roe_4q": 15.370000000000001,
            "gross_profit": 2780994,
            "gross_margin": 18.97,
            "gross_margin_4q_avg": 17.98,
            "net_income": 1662087,
            "revenue": 14662592,
            "common_shares": 5256059,
            "book_valuer_per_share": 80.22,
            "book_valuer_per_share_4q_avg": 77.59,
            "equity": 42170380,
            "current_ratio": 152.35,
            "debt_ratio": 44.91,
            "inventory_turnover_ratio": 1.03,
            "account_receivable_turnover_ratio": 0.74,
            "reinvestment_rate": 25.61,
            "research_to_sale_ratio": 0.39,
            "price_fair": 302.53,
            "eps_avg_yearly": 11.52,
            "eps_latest_yearly": 12.64,
            "eps_growth_yearly": 16.26
        },
        "20231": {
            "year_quarter": 20231,
            "year": 2023,
            "quarter": 1,
            "eps": 2.18,
            "eps_growth_year": -20.73,
            "eps_4q": 11.22,
            "eps_4q_growth_year": 0.07,
            "roe": 2.68,
            "roe_4q": 14.42,
            "gross_profit": 2177340,
            "gross_margin": 15.3,
            "gross_margin_4q_avg": 17.54,
            "net_income": 1143498,
            "revenue": 14228829,
            "common_shares": 5256059,
            "book_valuer_per_share": 81.9,
            "book_valuer_per_share_4q_avg": 78.46,
            "equity": 43057329,
            "current_ratio": 166,
            "debt_ratio": 43.62,
            "inventory_turnover_ratio": 1.15,
            "account_receivable_turnover_ratio": 0.83,
            "reinvestment_rate": 22.42,
            "research_to_sale_ratio": 0.42,
            "price_fair": 290.42,
            "eps_avg_yearly": 11.56,
            "eps_latest_yearly": 8.72,
            "eps_growth_yearly": 15.13
        }
    },
    "months": {
        "2002-08": {
            "month": "2002-08",
            "price": "31.62",
            "revenue": 349824
        },
        "2002-09": {
            "month": "2002-09",
            "price": "25.60",
            "revenue": 359753
        },
        "2002-10": {
            "month": "2002-10",
            "price": "23.81",
            "revenue": 379941
        },
        "2002-11": {
            "month": "2002-11",
            "price": "25.70",
            "revenue": 424995
        },
        "2002-12": {
            "month": "2002-12",
            "price": "24.40",
            "revenue": 457634
        },
        "2003-01": {
            "month": "2003-01",
            "price": "24.53",
            "revenue": 465536
        },
        "2003-02": {
            "month": "2003-02",
            "price": "26.48",
            "revenue": 390161
        },
        "2003-03": {
            "month": "2003-03",
            "price": "27.38",
            "revenue": 411170
        },
        "2003-04": {
            "month": "2003-04",
            "price": "26.02",
            "revenue": 411783
        },
        "2003-05": {
            "month": "2003-05",
            "price": "24.54",
            "revenue": 420043
        },
        "2003-06": {
            "month": "2003-06",
            "price": "30.95",
            "revenue": 472661
        },
        "2003-07": {
            "month": "2003-07",
            "price": "33.12",
            "revenue": 504771
        },
        "2003-08": {
            "month": "2003-08",
            "price": "33.63",
            "revenue": 560109
        },
        "2003-09": {
            "month": "2003-09",
            "price": "34.38",
            "revenue": 605932
        },
        "2003-10": {
            "month": "2003-10",
            "price": "33.75",
            "revenue": 659872
        },
        "2003-11": {
            "month": "2003-11",
            "price": "36.14",
            "revenue": 658347
        },
        "2003-12": {
            "month": "2003-12",
            "price": "35.81",
            "revenue": 660080
        },
        "2004-01": {
            "month": "2004-01",
            "price": "40.81",
            "revenue": 613708
        },
        "2004-02": {
            "month": "2004-02",
            "price": "46.98",
            "revenue": 641642
        },
        "2004-03": {
            "month": "2004-03",
            "price": "47.15",
            "revenue": 680536
        },
        "2004-04": {
            "month": "2004-04",
            "price": "48.97",
            "revenue": 751221
        },
        "2004-05": {
            "month": "2004-05",
            "price": "44.82",
            "revenue": 807361
        },
        "2004-06": {
            "month": "2004-06",
            "price": "43.93",
            "revenue": 795983
        },
        "2004-07": {
            "month": "2004-07",
            "price": "38.50",
            "revenue": 737356
        },
        "2004-08": {
            "month": "2004-08",
            "price": "34.53",
            "revenue": 798102
        },
        "2004-09": {
            "month": "2004-09",
            "price": "38.75",
            "revenue": 728236
        },
        "2004-10": {
            "month": "2004-10",
            "price": "38.96",
            "revenue": 809448
        },
        "2004-11": {
            "month": "2004-11",
            "price": "42.30",
            "revenue": 829825
        },
        "2004-12": {
            "month": "2004-12",
            "price": "44.84",
            "revenue": 874585
        },
        "2005-01": {
            "month": "2005-01",
            "price": "42.82",
            "revenue": 939134
        },
        "2005-02": {
            "month": "2005-02",
            "price": "47.12",
            "revenue": 755732
        },
        "2005-03": {
            "month": "2005-03",
            "price": "48.53",
            "revenue": 896791
        },
        "2005-04": {
            "month": "2005-04",
            "price": "51.16",
            "revenue": 901048
        },
        "2005-05": {
            "month": "2005-05",
            "price": "53.44",
            "revenue": 966017
        },
        "2005-06": {
            "month": "2005-06",
            "price": "61.55",
            "revenue": 900568
        },
        "2005-07": {
            "month": "2005-07",
            "price": "67.84",
            "revenue": 1147796
        },
        "2005-08": {
            "month": "2005-08",
            "price": "66.26",
            "revenue": 1078768
        },
        "2005-09": {
            "month": "2005-09",
            "price": "67.37",
            "revenue": 1037203
        },
        "2005-10": {
            "month": "2005-10",
            "price": "69.23",
            "revenue": 1084875
        },
        "2005-11": {
            "month": "2005-11",
            "price": "73.66",
            "revenue": 1153907
        },
        "2005-12": {
            "month": "2005-12",
            "price": "87.06",
            "revenue": 1029881
        },
        "2006-01": {
            "month": "2006-01",
            "price": "100.03",
            "revenue": 1076762
        },
        "2006-02": {
            "month": "2006-02",
            "price": "104.31",
            "revenue": 924643
        },
        "2006-03": {
            "month": "2006-03",
            "price": "101.21",
            "revenue": 1035800
        },
        "2006-04": {
            "month": "2006-04",
            "price": "116.87",
            "revenue": 861934
        },
        "2006-05": {
            "month": "2006-05",
            "price": "120.36",
            "revenue": 843619
        },
        "2006-06": {
            "month": "2006-06",
            "price": "112.02",
            "revenue": 787894
        },
        "2006-07": {
            "month": "2006-07",
            "price": "107.12",
            "revenue": 809171
        },
        "2006-08": {
            "month": "2006-08",
            "price": "97.72",
            "revenue": 802058
        },
        "2006-09": {
            "month": "2006-09",
            "price": "101.70",
            "revenue": 738079
        },
        "2006-10": {
            "month": "2006-10",
            "price": "102.25",
            "revenue": 835564
        },
        "2006-11": {
            "month": "2006-11",
            "price": "109.98",
            "revenue": 898704
        },
        "2006-12": {
            "month": "2006-12",
            "price": "113.07",
            "revenue": 791796
        },
        "2007-01": {
            "month": "2007-01",
            "price": "128.86",
            "revenue": 1016002
        },
        "2007-02": {
            "month": "2007-02",
            "price": "135.33",
            "revenue": 621653
        },
        "2007-03": {
            "month": "2007-03",
            "price": "135.52",
            "revenue": 763515
        },
        "2007-04": {
            "month": "2007-04",
            "price": "130.22",
            "revenue": 778704
        },
        "2007-05": {
            "month": "2007-05",
            "price": "134.43",
            "revenue": 756800
        },
        "2007-06": {
            "month": "2007-06",
            "price": "157.85",
            "revenue": 811401
        },
        "2007-07": {
            "month": "2007-07",
            "price": "163.25",
            "revenue": 1077505
        },
        "2007-08": {
            "month": "2007-08",
            "price": "137.00",
            "revenue": 982587
        },
        "2007-09": {
            "month": "2007-09",
            "price": "135.69",
            "revenue": 915681
        },
        "2007-10": {
            "month": "2007-10",
            "price": "132.16",
            "revenue": 1025558
        },
        "2007-11": {
            "month": "2007-11",
            "price": "117.11",
            "revenue": 936253
        },
        "2007-12": {
            "month": "2007-12",
            "price": "113.48",
            "revenue": 710236
        },
        "2008-01": {
            "month": "2008-01",
            "price": "90.63",
            "revenue": 870174
        },
        "2008-02": {
            "month": "2008-02",
            "price": "102.03",
            "revenue": 472234
        },
        "2008-03": {
            "month": "2008-03",
            "price": "103.15",
            "revenue": 570342
        },
        "2008-04": {
            "month": "2008-04",
            "price": "107.88",
            "revenue": 611715
        },
        "2008-05": {
            "month": "2008-05",
            "price": "105.81",
            "revenue": 532157
        },
        "2008-06": {
            "month": "2008-06",
            "price": "94.10",
            "revenue": 625724
        },
        "2008-07": {
            "month": "2008-07",
            "price": "79.93",
            "revenue": 666873
        },
        "2008-08": {
            "month": "2008-08",
            "price": "73.64",
            "revenue": 619042
        },
        "2008-09": {
            "month": "2008-09",
            "price": "65.42",
            "revenue": 665329
        },
        "2008-10": {
            "month": "2008-10",
            "price": "47.91",
            "revenue": 460548
        },
        "2008-11": {
            "month": "2008-11",
            "price": "35.72",
            "revenue": 282432
        },
        "2008-12": {
            "month": "2008-12",
            "price": "33.15",
            "revenue": 169492
        },
        "2009-01": {
            "month": "2009-01",
            "price": "34.63",
            "revenue": 221002
        },
        "2009-02": {
            "month": "2009-02",
            "price": "38.16",
            "revenue": 238907
        },
        "2009-03": {
            "month": "2009-03",
            "price": "44.34",
            "revenue": 285128
        },
        "2009-04": {
            "month": "2009-04",
            "price": "49.86",
            "revenue": 330360
        },
        "2009-05": {
            "month": "2009-05",
            "price": "60.28",
            "revenue": 317650
        },
        "2009-06": {
            "month": "2009-06",
            "price": "57.08",
            "revenue": 307291
        },
        "2009-07": {
            "month": "2009-07",
            "price": "63.27",
            "revenue": 2853514
        },
        "2009-08": {
            "month": "2009-08",
            "price": "72.40",
            "revenue": 3141388
        },
        "2009-09": {
            "month": "2009-09",
            "price": "79.35",
            "revenue": 3330147
        },
        "2009-10": {
            "month": "2009-10",
            "price": "87.49",
            "revenue": 3278287
        },
        "2009-11": {
            "month": "2009-11",
            "price": "86.56",
            "revenue": 3170494
        },
        "2009-12": {
            "month": "2009-12",
            "price": "95.47",
            "revenue": 3474901
        },
        "2010-01": {
            "month": "2010-01",
            "price": "107.68",
            "revenue": 3175907
        },
        "2010-02": {
            "month": "2010-02",
            "price": "102.70",
            "revenue": 2716070
        },
        "2010-03": {
            "month": "2010-03",
            "price": "106.20",
            "revenue": 3282215
        },
        "2010-04": {
            "month": "2010-04",
            "price": "107.05",
            "revenue": 3477211
        },
        "2010-05": {
            "month": "2010-05",
            "price": "110.95",
            "revenue": 3478845
        },
        "2010-06": {
            "month": "2010-06",
            "price": "121.67",
            "revenue": 3552024
        },
        "2010-07": {
            "month": "2010-07",
            "price": "122.11",
            "revenue": 3788697
        },
        "2010-08": {
            "month": "2010-08",
            "price": "117.59",
            "revenue": 3827518
        },
        "2010-09": {
            "month": "2010-09",
            "price": "114.36",
            "revenue": 3993331
        },
        "2010-10": {
            "month": "2010-10",
            "price": "113.00",
            "revenue": 3836099
        },
        "2010-11": {
            "month": "2010-11",
            "price": "122.23",
            "revenue": 3896761
        },
        "2010-12": {
            "month": "2010-12",
            "price": "127.28",
            "revenue": 3991177
        },
        "2011-01": {
            "month": "2011-01",
            "price": "128.10",
            "revenue": 3804172
        },
        "2011-02": {
            "month": "2011-02",
            "price": "126.64",
            "revenue": 3016830
        },
        "2011-03": {
            "month": "2011-03",
            "price": "128.83",
            "revenue": 3884538
        },
        "2011-04": {
            "month": "2011-04",
            "price": "136.08",
            "revenue": 3707618
        },
        "2011-05": {
            "month": "2011-05",
            "price": "131.88",
            "revenue": 3493186
        },
        "2011-06": {
            "month": "2011-06",
            "price": "126.17",
            "revenue": 3212526
        },
        "2011-07": {
            "month": "2011-07",
            "price": "118.31",
            "revenue": 3222809
        },
        "2011-08": {
            "month": "2011-08",
            "price": "92.29",
            "revenue": 3487822
        },
        "2011-09": {
            "month": "2011-09",
            "price": "85.76",
            "revenue": 3506221
        },
        "2011-10": {
            "month": "2011-10",
            "price": "80.87",
            "revenue": 3159185
        },
        "2011-11": {
            "month": "2011-11",
            "price": "77.07",
            "revenue": 3265388
        },
        "2011-12": {
            "month": "2011-12",
            "price": "69.45",
            "revenue": 3138307
        },
        "2012-01": {
            "month": "2012-01",
            "price": "76.62",
            "revenue": 2814705
        },
        "2012-02": {
            "month": "2012-02",
            "price": "89.14",
            "revenue": 3154029
        },
        "2012-03": {
            "month": "2012-03",
            "price": "94.74",
            "revenue": 3381180
        },
        "2012-04": {
            "month": "2012-04",
            "price": "93.88",
            "revenue": 3429356
        },
        "2012-05": {
            "month": "2012-05",
            "price": "87.76",
            "revenue": 3492493
        },
        "2012-06": {
            "month": "2012-06",
            "price": "82.79",
            "revenue": 3102736
        },
        "2012-07": {
            "month": "2012-07",
            "price": "74.80",
            "revenue": 3304768
        },
        "2012-08": {
            "month": "2012-08",
            "price": "68.97",
            "revenue": 3250995
        },
        "2012-09": {
            "month": "2012-09",
            "price": "71.79",
            "revenue": 3310935
        },
        "2012-10": {
            "month": "2012-10",
            "price": "65.33",
            "revenue": 3459927
        },
        "2012-11": {
            "month": "2012-11",
            "price": "55.77",
            "revenue": 3260485
        },
        "2012-12": {
            "month": "2012-12",
            "price": "62.25",
            "revenue": 3158929
        },
        "2013-01": {
            "month": "2013-01",
            "price": "60.60",
            "revenue": 3648223
        },
        "2013-02": {
            "month": "2013-02",
            "price": "60.42",
            "revenue": 2970308
        },
        "2013-03": {
            "month": "2013-03",
            "price": "62.95",
            "revenue": 3383537
        },
        "2013-04": {
            "month": "2013-04",
            "price": "64.38",
            "revenue": 3430255
        },
        "2013-05": {
            "month": "2013-05",
            "price": "69.71",
            "revenue": 3573019
        },
        "2013-06": {
            "month": "2013-06",
            "price": "64.98",
            "revenue": 3223809
        },
        "2013-07": {
            "month": "2013-07",
            "price": "65.66",
            "revenue": 3402523
        },
        "2013-08": {
            "month": "2013-08",
            "price": "60.44",
            "revenue": 3509988
        },
        "2013-09": {
            "month": "2013-09",
            "price": "59.72",
            "revenue": 3320151
        },
        "2013-10": {
            "month": "2013-10",
            "price": "56.93",
            "revenue": 3434496
        },
        "2013-11": {
            "month": "2013-11",
            "price": "49.84",
            "revenue": 3481554
        },
        "2013-12": {
            "month": "2013-12",
            "price": "51.64",
            "revenue": 3393840
        },
        "2014-01": {
            "month": "2014-01",
            "price": "55.97",
            "revenue": 3649179
        },
        "2014-02": {
            "month": "2014-02",
            "price": "56.12",
            "revenue": 2815171
        },
        "2014-03": {
            "month": "2014-03",
            "price": "59.02",
            "revenue": 3365455
        },
        "2014-04": {
            "month": "2014-04",
            "price": "58.46",
            "revenue": 3495949
        },
        "2014-05": {
            "month": "2014-05",
            "price": "57.91",
            "revenue": 3457005
        },
        "2014-06": {
            "month": "2014-06",
            "price": "58.13",
            "revenue": 3384945
        },
        "2014-07": {
            "month": "2014-07",
            "price": "57.76",
            "revenue": 3668306
        },
        "2014-08": {
            "month": "2014-08",
            "price": "58.56",
            "revenue": 3705279
        },
        "2014-09": {
            "month": "2014-09",
            "price": "61.92",
            "revenue": 3831633
        },
        "2014-10": {
            "month": "2014-10",
            "price": "56.30",
            "revenue": 3817392
        },
        "2014-11": {
            "month": "2014-11",
            "price": "59.40",
            "revenue": 3635432
        },
        "2014-12": {
            "month": "2014-12",
            "price": "62.24",
            "revenue": 3607532
        },
        "2015-01": {
            "month": "2015-01",
            "price": "65.10",
            "revenue": 3848299
        },
        "2015-02": {
            "month": "2015-02",
            "price": "68.18",
            "revenue": 2930655
        },
        "2015-03": {
            "month": "2015-03",
            "price": "64.45",
            "revenue": 3213945
        },
        "2015-04": {
            "month": "2015-04",
            "price": "61.98",
            "revenue": 3434133
        },
        "2015-05": {
            "month": "2015-05",
            "price": "57.19",
            "revenue": 3316749
        },
        "2015-06": {
            "month": "2015-06",
            "price": "55.39",
            "revenue": 3482476
        },
        "2015-07": {
            "month": "2015-07",
            "price": "54.16",
            "revenue": 3829270
        },
        "2015-08": {
            "month": "2015-08",
            "price": "46.25",
            "revenue": 3965291
        },
        "2015-09": {
            "month": "2015-09",
            "price": "47.60",
            "revenue": 4149648
        },
        "2015-10": {
            "month": "2015-10",
            "price": "49.99",
            "revenue": 3869359
        },
        "2015-11": {
            "month": "2015-11",
            "price": "55.70",
            "revenue": 3773293
        },
        "2015-12": {
            "month": "2015-12",
            "price": "57.02",
            "revenue": 3569699
        },
        "2016-01": {
            "month": "2016-01",
            "price": "54.38",
            "revenue": 3678214
        },
        "2016-02": {
            "month": "2016-02",
            "price": "57.05",
            "revenue": 2954998
        },
        "2016-03": {
            "month": "2016-03",
            "price": "59.52",
            "revenue": 3311684
        },
        "2016-04": {
            "month": "2016-04",
            "price": "59.56",
            "revenue": 3473255
        },
        "2016-05": {
            "month": "2016-05",
            "price": "57.20",
            "revenue": 3596987
        },
        "2016-06": {
            "month": "2016-06",
            "price": "62.22",
            "revenue": 3592573
        },
        "2016-07": {
            "month": "2016-07",
            "price": "63.98",
            "revenue": 3780489
        },
        "2016-08": {
            "month": "2016-08",
            "price": "66.12",
            "revenue": 3923320
        },
        "2016-09": {
            "month": "2016-09",
            "price": "67.54",
            "revenue": 3915325
        },
        "2016-10": {
            "month": "2016-10",
            "price": "73.94",
            "revenue": 3791361
        },
        "2016-11": {
            "month": "2016-11",
            "price": "72.07",
            "revenue": 3855822
        },
        "2016-12": {
            "month": "2016-12",
            "price": "73.30",
            "revenue": 3638900
        },
        "2017-01": {
            "month": "2017-01",
            "price": "75.30",
            "revenue": 3320256
        },
        "2017-02": {
            "month": "2017-02",
            "price": "79.56",
            "revenue": 3357100
        },
        "2017-03": {
            "month": "2017-03",
            "price": "84.42",
            "revenue": 3607739
        },
        "2017-04": {
            "month": "2017-04",
            "price": "83.85",
            "revenue": 3375266
        },
        "2017-05": {
            "month": "2017-05",
            "price": "89.02",
            "revenue": 3575661
        },
        "2017-06": {
            "month": "2017-06",
            "price": "93.16",
            "revenue": 3685073
        },
        "2017-07": {
            "month": "2017-07",
            "price": "98.45",
            "revenue": 3877785
        },
        "2017-08": {
            "month": "2017-08",
            "price": "106.71",
            "revenue": 4136995
        },
        "2017-09": {
            "month": "2017-09",
            "price": "105.14",
            "revenue": 4286599
        },
        "2017-10": {
            "month": "2017-10",
            "price": "112.45",
            "revenue": 4154893
        },
        "2017-11": {
            "month": "2017-11",
            "price": "102.75",
            "revenue": 4331011
        },
        "2017-12": {
            "month": "2017-12",
            "price": "93.86",
            "revenue": 4110223
        },
        "2018-01": {
            "month": "2018-01",
            "price": "98.47",
            "revenue": 4363131
        },
        "2018-02": {
            "month": "2018-02",
            "price": "92.82",
            "revenue": 3324572
        },
        "2018-03": {
            "month": "2018-03",
            "price": "101.60",
            "revenue": 3839865
        },
        "2018-04": {
            "month": "2018-04",
            "price": "93.18",
            "revenue": 4056725
        },
        "2018-05": {
            "month": "2018-05",
            "price": "86.29",
            "revenue": 4434276
        },
        "2018-06": {
            "month": "2018-06",
            "price": "86.10",
            "revenue": 4251438
        },
        "2018-07": {
            "month": "2018-07",
            "price": "82.32",
            "revenue": 4826128
        },
        "2018-08": {
            "month": "2018-08",
            "price": "91.53",
            "revenue": 4995386
        },
        "2018-09": {
            "month": "2018-09",
            "price": "88.34",
            "revenue": 4901943
        },
        "2018-10": {
            "month": "2018-10",
            "price": "75.99",
            "revenue": 4701002
        },
        "2018-11": {
            "month": "2018-11",
            "price": "80.54",
            "revenue": 4630738
        },
        "2018-12": {
            "month": "2018-12",
            "price": "81.35",
            "revenue": 3780478
        },
        "2019-01": {
            "month": "2019-01",
            "price": "81.94",
            "revenue": 4783670
        },
        "2019-02": {
            "month": "2019-02",
            "price": "85.84",
            "revenue": 3366207
        },
        "2019-03": {
            "month": "2019-03",
            "price": "97.36",
            "revenue": 3910124
        },
        "2019-04": {
            "month": "2019-04",
            "price": "100.34",
            "revenue": 4284289
        },
        "2019-05": {
            "month": "2019-05",
            "price": "95.75",
            "revenue": 4577750
        },
        "2019-06": {
            "month": "2019-06",
            "price": "102.32",
            "revenue": 4421563
        },
        "2019-07": {
            "month": "2019-07",
            "price": "106.67",
            "revenue": 4966751
        },
        "2019-08": {
            "month": "2019-08",
            "price": "109.78",
            "revenue": 5183466
        },
        "2019-09": {
            "month": "2019-09",
            "price": "115.05",
            "revenue": 4958680
        },
        "2019-10": {
            "month": "2019-10",
            "price": "111.50",
            "revenue": 4796460
        },
        "2019-11": {
            "month": "2019-11",
            "price": "128.07",
            "revenue": 4768112
        },
        "2019-12": {
            "month": "2019-12",
            "price": "125.59",
            "revenue": 4433874
        },
        "2020-01": {
            "month": "2020-01",
            "price": "122.57",
            "revenue": 3996067
        },
        "2020-02": {
            "month": "2020-02",
            "price": "115.18",
            "revenue": 3706215
        },
        "2020-03": {
            "month": "2020-03",
            "price": "97.90",
            "revenue": 4015790
        },
        "2020-04": {
            "month": "2020-04",
            "price": "101.26",
            "revenue": 4152910
        },
        "2020-05": {
            "month": "2020-05",
            "price": "110.48",
            "revenue": 4277653
        },
        "2020-06": {
            "month": "2020-06",
            "price": "125.62",
            "revenue": 4579118
        },
        "2020-07": {
            "month": "2020-07",
            "price": "123.26",
            "revenue": 5086246
        },
        "2020-08": {
            "month": "2020-08",
            "price": "121.29",
            "revenue": 5109168
        },
        "2020-09": {
            "month": "2020-09",
            "price": "113.02",
            "revenue": 5515802
        },
        "2020-10": {
            "month": "2020-10",
            "price": "116.58",
            "revenue": 4908088
        },
        "2020-11": {
            "month": "2020-11",
            "price": "119.45",
            "revenue": 4932904
        },
        "2020-12": {
            "month": "2020-12",
            "price": "120.74",
            "revenue": 5267946
        },
        "2021-01": {
            "month": "2021-01",
            "price": "127.05",
            "revenue": 5815827
        },
        "2021-02": {
            "month": "2021-02",
            "price": "131.73",
            "revenue": 4194180
        },
        "2021-03": {
            "month": "2021-03",
            "price": "138.59",
            "revenue": 5091046
        },
        "2021-04": {
            "month": "2021-04",
            "price": "139.82",
            "revenue": 5147940
        },
        "2021-05": {
            "month": "2021-05",
            "price": "128.14",
            "revenue": 4736185
        },
        "2021-06": {
            "month": "2021-06",
            "price": "129.74",
            "revenue": 5159232
        },
        "2021-07": {
            "month": "2021-07",
            "price": "127.66",
            "revenue": 5343537
        },
        "2021-08": {
            "month": "2021-08",
            "price": "115.59",
            "revenue": 5307814
        },
        "2021-09": {
            "month": "2021-09",
            "price": "115.62",
            "revenue": 5518383
        },
        "2021-10": {
            "month": "2021-10",
            "price": "113.98",
            "revenue": 5393974
        },
        "2021-11": {
            "month": "2021-11",
            "price": "118.66",
            "revenue": 5610664
        },
        "2021-12": {
            "month": "2021-12",
            "price": "122.80",
            "revenue": 5681208
        },
        "2022-01": {
            "month": "2022-01",
            "price": "125.42",
            "revenue": 6509889
        },
        "2022-02": {
            "month": "2022-02",
            "price": "128.03",
            "revenue": 5281523
        },
        "2022-03": {
            "month": "2022-03",
            "price": "130.85",
            "revenue": 5568804
        },
        "2022-04": {
            "month": "2022-04",
            "price": "127.08",
            "revenue": 5248097
        },
        "2022-05": {
            "month": "2022-05",
            "price": "119.02",
            "revenue": 5680153
        },
        "2022-06": {
            "month": "2022-06",
            "price": "116.57",
            "revenue": 5642841
        },
        "2022-07": {
            "month": "2022-07",
            "price": "101.32",
            "revenue": 5758566
        },
        "2022-08": {
            "month": "2022-08",
            "price": "101.65",
            "revenue": 5569157
        },
        "2022-09": {
            "month": "2022-09",
            "price": "97.51",
            "revenue": 5862616
        },
        "2022-10": {
            "month": "2022-10",
            "price": "90.17",
            "revenue": 4748295
        },
        "2022-11": {
            "month": "2022-11",
            "price": "94.40",
            "revenue": 5090646
        },
        "2022-12": {
            "month": "2022-12",
            "price": "96.61",
            "revenue": 4823651
        },
        "2023-01": {
            "month": "2023-01",
            "price": "98.20",
            "revenue": 4661722
        },
        "2023-02": {
            "month": "2023-02",
            "price": "102.47",
            "revenue": 4643872
        },
        "2023-03": {
            "month": "2023-03",
            "price": "108.83",
            "revenue": 4923235
        },
        "2023-04": {
            "month": "2023-04",
            "price": "114.71",
            "revenue": 4440416
        }
    }
}
