{
    "summary": {
        "stock_name": "台灣大",
        "stock_id": "3045",
        "category": "通信網路",
        "main_business": "通訊業",
        "website_url": "http://www.taiwanmobile.com",
        "ceo": "林之晨",
        "pe_ratio": 25,
        "report_year_from": 2001,
        "report_year_to": 2023,
        "age": 23,
        "eps_negative_percentage": 0,
        "eps_growth_avg": {
            "last_all": -1.48,
            "last_2y": -7.99,
            "last_4y": -8.96,
            "last_8y": -6.11,
            "last_12y": -2.71,
            "last_16y": -0.37,
            "last_20y": -0.65,
            "at_2006_last_3y": -1.84,
            "at_2007_last_3y": -11.78,
            "at_2008_last_3y": 7.82,
            "at_2009_last_3y": 7.17,
            "at_2010_last_3y": 7.26,
            "at_2011_last_3y": 23.06,
            "at_2012_last_3y": 1.56,
            "at_2013_last_3y": 5.66,
            "at_2014_last_3y": 4.92,
            "at_2015_last_3y": 4.91,
            "at_2016_last_3y": 0.81,
            "at_2017_last_3y": -2.48,
            "at_2018_last_3y": -2.54,
            "at_2019_last_3y": -5.89,
            "at_2020_last_3y": -8,
            "at_2021_last_3y": -6.96,
            "at_2022_last_3y": -5.89,
            "at_2023_last_3y": -8.71,
            "at_2024_last_3y": -8.71,
            "at_2006_last_all": -5.24,
            "at_2007_last_all": -14.33,
            "at_2008_last_all": 2,
            "at_2009_last_all": 0.46,
            "at_2010_last_all": 0.31,
            "at_2011_last_all": 0.63,
            "at_2012_last_all": 1.84,
            "at_2013_last_all": 2.19,
            "at_2014_last_all": 1.73,
            "at_2015_last_all": 1.85,
            "at_2016_last_all": 1.56,
            "at_2017_last_all": 1.02,
            "at_2018_last_all": 0.73,
            "at_2019_last_all": 0.13,
            "at_2020_last_all": -0.45,
            "at_2021_last_all": -0.58,
            "at_2022_last_all": -0.54,
            "at_2023_last_all": -1.48,
            "at_2024_last_all": -1.48
        },
        "latest_eps": 3.96,
        "latest_price": 98.5,
        "latest_roe": 19.07,
        "latest_gross_margin": 19.56,
        "latest_equity": 68586097,
        "latest_revenue": 43187052,
        "latest_gross_profit": 8447253,
        "latest_net_income": 3368693,
        "latest_debt_ratio": 63.43,
        "latest_current_ratio": 62.66,
        "latest_account_receivable_turnover_ratio": 5.23,
        "latest_inventory_turnover_ratio": 4.94,
        "latest_reinvestment_rate": 19.55,
        "latest_research_to_sale_ratio": 0.3
    },
    "eps_dividends": {
        "1999": {
            "cash": 1.8,
            "stock": 0,
            "eps": 0
        },
        "2000": {
            "cash": 0,
            "stock": 3.8,
            "eps": 0
        },
        "2001": {
            "cash": 0,
            "stock": 3.2,
            "eps": 4.56
        },
        "2002": {
            "cash": 1.9,
            "stock": 1.9,
            "eps": 3.7
        },
        "2003": {
            "cash": 2,
            "stock": 0.4,
            "eps": 2.96
        },
        "2004": {
            "cash": 2.38,
            "stock": 0,
            "eps": 3.6
        },
        "2005": {
            "cash": 2.47,
            "stock": 0,
            "eps": 3.32
        },
        "2006": {
            "cash": 2.62,
            "stock": 0,
            "eps": 3.28
        },
        "2007": {
            "cash": 2.59,
            "stock": 0,
            "eps": 1.32
        },
        "2008": {
            "cash": 2.54,
            "stock": 0,
            "eps": 5.21
        },
        "2009": {
            "cash": 4.69,
            "stock": 0,
            "eps": 4.67
        },
        "2010": {
            "cash": 5.03,
            "stock": 0,
            "eps": 4.63
        },
        "2011": {
            "cash": 9.32,
            "stock": 0,
            "eps": 4.79
        },
        "2012": {
            "cash": 0,
            "stock": 0,
            "eps": 5.46
        },
        "2013": {
            "cash": 5.5,
            "stock": 0,
            "eps": 5.79
        },
        "2014": {
            "cash": 5.6,
            "stock": 0,
            "eps": 5.57
        },
        "2015": {
            "cash": 5.6,
            "stock": 0,
            "eps": 5.76
        },
        "2016": {
            "cash": 5.6,
            "stock": 0,
            "eps": 5.62
        },
        "2017": {
            "cash": 5.6,
            "stock": 0,
            "eps": 5.22
        },
        "2018": {
            "cash": 5.6,
            "stock": 0,
            "eps": 5.01
        },
        "2019": {
            "cash": 5.55,
            "stock": 0,
            "eps": 4.51
        },
        "2020": {
            "cash": 4.75,
            "stock": 0,
            "eps": 4.02
        },
        "2021": {
            "cash": 4.3,
            "stock": 0,
            "eps": 3.9
        },
        "2022": {
            "cash": 4.3,
            "stock": 0,
            "eps": 3.91
        },
        "2023": {
            "cash": 4.3,
            "stock": 0,
            "eps": 3.08
        }
    },
    "dividends": {
        "1999-03-24": {
            "cash": 1.8,
            "stock": 0
        },
        "2000-03-06": {
            "cash": 0,
            "stock": 3.8
        },
        "2001-03-30": {
            "cash": 0,
            "stock": 3.2
        },
        "2002-04-26": {
            "cash": 1.9,
            "stock": 1.9
        },
        "2003-04-24": {
            "cash": 2,
            "stock": 0.4
        },
        "2004-02-06": {
            "cash": 2.38,
            "stock": 0
        },
        "2005-02-01": {
            "cash": 2.47,
            "stock": 0
        },
        "2006-01-26": {
            "cash": 2.62,
            "stock": 0
        },
        "2007-01-25": {
            "cash": 2.59,
            "stock": 0
        },
        "2008-01-31": {
            "cash": 2.54,
            "stock": 0
        },
        "2009-03-05": {
            "cash": 4.69,
            "stock": 0
        },
        "2010-04-29": {
            "cash": 5.03,
            "stock": 0
        },
        "2011-01-01": {
            "cash": 5.16,
            "stock": 0
        },
        "2011-04-28": {
            "cash": 4.16,
            "stock": 0
        },
        "2013-04-30": {
            "cash": 5.5,
            "stock": 0
        },
        "2014-06-12": {
            "cash": 5.6,
            "stock": 0
        },
        "2015-07-17": {
            "cash": 5.6,
            "stock": 0
        },
        "2016-07-21": {
            "cash": 5.6,
            "stock": 0
        },
        "2017-08-03": {
            "cash": 5.6,
            "stock": 0
        },
        "2018-08-01": {
            "cash": 5.6,
            "stock": 0
        },
        "2019-07-31": {
            "cash": 5.55,
            "stock": 0
        },
        "2020-08-12": {
            "cash": 4.75,
            "stock": 0
        },
        "2021-09-11": {
            "cash": 4.3,
            "stock": 0
        },
        "2022-08-03": {
            "cash": 4.3,
            "stock": 0
        },
        "2023-07-26": {
            "cash": 4.3,
            "stock": 0
        }
    },
    "prices": {
        "200101": "無",
        "200102": "無",
        "200103": "無",
        "200104": "無",
        "200105": "無",
        "200106": "無",
        "200107": "無",
        "200108": "無",
        "200109": "無",
        "200110": "無",
        "200111": "無",
        "200112": "無",
        "200201": "無",
        "200202": "無",
        "200203": "無",
        "200204": "無",
        "200205": "無",
        "200206": "無",
        "200207": "無",
        "200208": "38.16",
        "200209": "35.83",
        "200210": "30.52",
        "200211": "28.36",
        "200212": "27.65",
        "200301": "27.61",
        "200302": "26.06",
        "200303": "24.46",
        "200304": "23.67",
        "200305": "23.87",
        "200306": "25.64",
        "200307": "25.83",
        "200308": "25.91",
        "200309": "25.55",
        "200310": "29.88",
        "200311": "30.40",
        "200312": "29.42",
        "200401": "31.65",
        "200402": "31.84",
        "200403": "32.54",
        "200404": "32.93",
        "200405": "31.21",
        "200406": "32.00",
        "200407": "32.02",
        "200408": "31.04",
        "200409": "32.66",
        "200410": "33.26",
        "200411": "34.09",
        "200412": "34.67",
        "200501": "34.08",
        "200502": "33.22",
        "200503": "33.12",
        "200504": "31.53",
        "200505": "31.63",
        "200506": "31.90",
        "200507": "31.65",
        "200508": "31.07",
        "200509": "29.76",
        "200510": "28.51",
        "200511": "28.74",
        "200512": "28.99",
        "200601": "28.73",
        "200602": "29.84",
        "200603": "30.35",
        "200604": "31.43",
        "200605": "31.91",
        "200606": "31.09",
        "200607": "30.82",
        "200608": "30.24",
        "200609": "31.07",
        "200610": "32.46",
        "200611": "32.54",
        "200612": "32.35",
        "200701": "32.32",
        "200702": "32.08",
        "200703": "34.26",
        "200704": "36.25",
        "200705": "35.55",
        "200706": "37.68",
        "200707": "40.26",
        "200708": "38.18",
        "200709": "41.28",
        "200710": "43.55",
        "200711": "43.04",
        "200712": "42.10",
        "200801": "45.37",
        "200802": "53.96",
        "200803": "57.16",
        "200804": "58.20",
        "200805": "56.80",
        "200806": "56.02",
        "200807": "53.98",
        "200808": "56.24",
        "200809": "53.69",
        "200810": "47.10",
        "200811": "46.10",
        "200812": "47.02",
        "200901": "45.92",
        "200902": "45.26",
        "200903": "48.80",
        "200904": "49.86",
        "200905": "53.96",
        "200906": "56.12",
        "200907": "52.50",
        "200908": "50.76",
        "200909": "54.30",
        "200910": "59.26",
        "200911": "60.32",
        "200912": "60.86",
        "201001": "61.79",
        "201002": "60.40",
        "201003": "60.40",
        "201004": "59.86",
        "201005": "60.20",
        "201006": "63.67",
        "201007": "62.14",
        "201008": "62.66",
        "201009": "63.73",
        "201010": "65.87",
        "201011": "68.26",
        "201012": "68.33",
        "201101": "68.38",
        "201102": "67.05",
        "201103": "68.15",
        "201104": "72.42",
        "201105": "74.60",
        "201106": "81.25",
        "201107": "76.54",
        "201108": "78.08",
        "201109": "77.52",
        "201110": "84.78",
        "201111": "92.33",
        "201112": "94.30",
        "201201": "93.37",
        "201202": "88.65",
        "201203": "88.88",
        "201204": "90.54",
        "201205": "95.45",
        "201206": "94.30",
        "201207": "97.03",
        "201208": "106.73",
        "201209": "106.60",
        "201210": "107.09",
        "201211": "103.43",
        "201212": "105.29",
        "201301": "105.95",
        "201302": "104.42",
        "201303": "102.86",
        "201304": "102.92",
        "201305": "112.16",
        "201306": "110.55",
        "201307": "111.57",
        "201308": "107.48",
        "201309": "106.02",
        "201310": "97.56",
        "201311": "96.50",
        "201312": "96.11",
        "201401": "93.62",
        "201402": "88.87",
        "201403": "91.85",
        "201404": "96.12",
        "201405": "97.51",
        "201406": "98.48",
        "201407": "91.40",
        "201408": "94.20",
        "201409": "90.85",
        "201410": "95.11",
        "201411": "97.94",
        "201412": "99.88",
        "201501": "106.50",
        "201502": "107.08",
        "201503": "109.34",
        "201504": "107.82",
        "201505": "107.68",
        "201506": "104.95",
        "201507": "102.20",
        "201508": "101.15",
        "201509": "101.00",
        "201510": "101.60",
        "201511": "100.77",
        "201512": "98.37",
        "201601": "98.56",
        "201602": "100.78",
        "201603": "103.63",
        "201604": "105.58",
        "201605": "110.10",
        "201606": "113.24",
        "201607": "112.00",
        "201608": "113.22",
        "201609": "112.87",
        "201610": "111.70",
        "201611": "107.30",
        "201612": "103.93",
        "201701": "106.16",
        "201702": "105.78",
        "201703": "110.17",
        "201704": "112.39",
        "201705": "113.28",
        "201706": "113.63",
        "201707": "109.24",
        "201708": "107.63",
        "201709": "107.43",
        "201710": "107.68",
        "201711": "107.43",
        "201712": "107.00",
        "201801": "110.14",
        "201802": "107.88",
        "201803": "107.17",
        "201804": "109.61",
        "201805": "108.82",
        "201806": "110.35",
        "201807": "106.91",
        "201808": "106.13",
        "201809": "108.58",
        "201810": "108.75",
        "201811": "109.48",
        "201812": "107.52",
        "201901": "108.29",
        "201902": "108.96",
        "201903": "110.28",
        "201904": "111.60",
        "201905": "115.57",
        "201906": "120.42",
        "201907": "113.59",
        "201908": "110.21",
        "201909": "113.08",
        "201910": "113.38",
        "201911": "115.45",
        "201912": "113.73",
        "202001": "109.27",
        "202002": "107.68",
        "202003": "102.86",
        "202004": "105.10",
        "202005": "107.45",
        "202006": "107.72",
        "202007": "110.70",
        "202008": "103.02",
        "202009": "99.35",
        "202010": "96.84",
        "202011": "99.08",
        "202012": "98.56",
        "202101": "98.23",
        "202102": "96.97",
        "202103": "98.26",
        "202104": "99.58",
        "202105": "99.75",
        "202106": "101.90",
        "202107": "102.86",
        "202108": "103.59",
        "202109": "99.11",
        "202110": "98.57",
        "202111": "99.00",
        "202112": "98.91",
        "202201": "100.08",
        "202202": "103.93",
        "202203": "105.67",
        "202204": "107.00",
        "202205": "107.02",
        "202206": "107.88",
        "202207": "103.55",
        "202208": "100.96",
        "202209": "97.42",
        "202210": "93.52",
        "202211": "93.67",
        "202212": "94.66",
        "202301": "95.98",
        "202302": "96.09",
        "202303": "98.77",
        "202304": "103.47",
        "202305": "103.61",
        "202306": "102.16",
        "202307": "94.30",
        "202308": "93.87",
        "202309": "94.30",
        "202310": "94.95",
        "202311": "97.83",
        "202312": "98.61"
    },
    "quarters": {
        "20011": {
            "year_quarter": 20011,
            "year": 2001,
            "quarter": 1,
            "eps": 1.07,
            "eps_growth_year": -15.08,
            "eps_4q": 3.97,
            "eps_4q_growth_year": null,
            "roe": 9.52,
            "roe_4q": 9.52,
            "gross_profit": 8849361,
            "gross_margin": 73.51,
            "gross_margin_4q_avg": 73.51,
            "net_income": 3939475,
            "net_income_4q": null,
            "revenue": 12038639,
            "revenue_4q": null,
            "common_shares": 27600000,
            "book_valuer_per_share": 15.64,
            "book_valuer_per_share_4q_avg": 15.64,
            "equity": 43161223,
            "current_ratio": 161.26,
            "debt_ratio": 45.26,
            "inventory_turnover_ratio": 3.62,
            "account_receivable_turnover_ratio": null,
            "reinvestment_rate": null,
            "research_to_sale_ratio": null,
            "price_fair": 0,
            "eps_avg_yearly": 0,
            "eps_latest_yearly": 0,
            "eps_growth_yearly": 0
        },
        "20012": {
            "year_quarter": 20012,
            "year": 2001,
            "quarter": 2,
            "eps": 1.07,
            "eps_growth_year": -7.76,
            "eps_4q": 4.19,
            "eps_4q_growth_year": 22.19,
            "roe": 8.67,
            "roe_4q": 18.189999999999998,
            "gross_profit": 8933599,
            "gross_margin": 71.77,
            "gross_margin_4q_avg": 72.64,
            "net_income": 3911928,
            "net_income_4q": null,
            "revenue": 12447830,
            "revenue_4q": null,
            "common_shares": 36700000,
            "book_valuer_per_share": 12.83,
            "book_valuer_per_share_4q_avg": 14.24,
            "equity": 47072110,
            "current_ratio": 169.02,
            "debt_ratio": 43.35,
            "inventory_turnover_ratio": null,
            "account_receivable_turnover_ratio": null,
            "reinvestment_rate": null,
            "research_to_sale_ratio": null,
            "price_fair": 0,
            "eps_avg_yearly": 0,
            "eps_latest_yearly": 0,
            "eps_growth_yearly": 0
        },
        "20013": {
            "year_quarter": 20013,
            "year": 2001,
            "quarter": 3,
            "eps": 1.39,
            "eps_growth_year": -7.95,
            "eps_4q": 4.43,
            "eps_4q_growth_year": -4.78,
            "roe": 10.29,
            "roe_4q": 28.48,
            "gross_profit": 9008268,
            "gross_margin": 71.54,
            "gross_margin_4q_avg": 72.27,
            "net_income": 5108306,
            "net_income_4q": null,
            "revenue": 12592690,
            "revenue_4q": null,
            "common_shares": 36700000,
            "book_valuer_per_share": 14.22,
            "book_valuer_per_share_4q_avg": 14.23,
            "equity": 52180418,
            "current_ratio": 154.8,
            "debt_ratio": 50.29,
            "inventory_turnover_ratio": null,
            "account_receivable_turnover_ratio": null,
            "reinvestment_rate": null,
            "research_to_sale_ratio": null,
            "price_fair": 0,
            "eps_avg_yearly": 0,
            "eps_latest_yearly": 0,
            "eps_growth_yearly": 0
        },
        "20014": {
            "year_quarter": 20014,
            "year": 2001,
            "quarter": 4,
            "eps": 1.03,
            "eps_growth_year": -14.17,
            "eps_4q": 4.55,
            "eps_4q_growth_year": -11.2,
            "roe": 6.65,
            "roe_4q": 35.129999999999995,
            "gross_profit": 8176938,
            "gross_margin": 69.69,
            "gross_margin_4q_avg": 71.63,
            "net_income": 3790763,
            "net_income_4q": null,
            "revenue": 11732820,
            "revenue_4q": null,
            "common_shares": 37664190,
            "book_valuer_per_share": 15.75,
            "book_valuer_per_share_4q_avg": 14.61,
            "equity": 61860470,
            "current_ratio": 162.58,
            "debt_ratio": 44.69,
            "inventory_turnover_ratio": 5.22,
            "account_receivable_turnover_ratio": null,
            "reinvestment_rate": null,
            "research_to_sale_ratio": null,
            "price_fair": 0,
            "eps_avg_yearly": 0,
            "eps_latest_yearly": 0,
            "eps_growth_yearly": 0
        },
        "20021": {
            "year_quarter": 20021,
            "year": 2002,
            "quarter": 1,
            "eps": 1.21,
            "eps_growth_year": 13.08,
            "eps_4q": 4.6,
            "eps_4q_growth_year": 15.83,
            "roe": 7.24,
            "roe_4q": 32.85,
            "gross_profit": 7511136,
            "gross_margin": 63.71,
            "gross_margin_4q_avg": 69.18,
            "net_income": 4576117,
            "net_income_4q": null,
            "revenue": 11789611,
            "revenue_4q": null,
            "common_shares": 37840726,
            "book_valuer_per_share": 17.06,
            "book_valuer_per_share_4q_avg": 14.97,
            "equity": 64547151,
            "current_ratio": 99.22,
            "debt_ratio": 45.56,
            "inventory_turnover_ratio": 6.28,
            "account_receivable_turnover_ratio": null,
            "reinvestment_rate": null,
            "research_to_sale_ratio": null,
            "price_fair": 169.4,
            "eps_avg_yearly": 4.84,
            "eps_latest_yearly": 4.84,
            "eps_growth_yearly": 69.9
        },
        "20022": {
            "year_quarter": 20022,
            "year": 2002,
            "quarter": 2,
            "eps": 1.14,
            "eps_growth_year": 6.54,
            "eps_4q": 4.71,
            "eps_4q_growth_year": 12.42,
            "roe": 6.86,
            "roe_4q": 31.04,
            "gross_profit": 7837650,
            "gross_margin": 66.5,
            "gross_margin_4q_avg": 67.86,
            "net_income": 4302162,
            "net_income_4q": null,
            "revenue": 11786086,
            "revenue_4q": null,
            "common_shares": 37840726,
            "book_valuer_per_share": 16.08,
            "book_valuer_per_share_4q_avg": 15.78,
            "equity": 60831011,
            "current_ratio": 74.01,
            "debt_ratio": 47.54,
            "inventory_turnover_ratio": null,
            "account_receivable_turnover_ratio": null,
            "reinvestment_rate": null,
            "research_to_sale_ratio": null,
            "price_fair": 156.89,
            "eps_avg_yearly": 4.7,
            "eps_latest_yearly": 4.56,
            "eps_growth_yearly": 23.38
        },
        "20023": {
            "year_quarter": 20023,
            "year": 2002,
            "quarter": 3,
            "eps": 0.57,
            "eps_growth_year": -58.99,
            "eps_4q": 3.41,
            "eps_4q_growth_year": -23.01,
            "roe": 4.1,
            "roe_4q": 24.85,
            "gross_profit": 7178690,
            "gross_margin": 61.21,
            "gross_margin_4q_avg": 65.28,
            "net_income": 2543378,
            "net_income_4q": null,
            "revenue": 11728151,
            "revenue_4q": null,
            "common_shares": 45026835,
            "book_valuer_per_share": 14.07,
            "book_valuer_per_share_4q_avg": 15.74,
            "equity": 63374439,
            "current_ratio": 82.37,
            "debt_ratio": 44.64,
            "inventory_turnover_ratio": null,
            "account_receivable_turnover_ratio": null,
            "reinvestment_rate": null,
            "research_to_sale_ratio": null,
            "price_fair": 11.68,
            "eps_avg_yearly": 3.89,
            "eps_latest_yearly": 2.28,
            "eps_growth_yearly": -51.08
        },
        "20024": {
            "year_quarter": 20024,
            "year": 2002,
            "quarter": 4,
            "eps": 0.78,
            "eps_growth_year": -24.27,
            "eps_4q": 3.31,
            "eps_4q_growth_year": -27.18,
            "roe": 5.39,
            "roe_4q": 23.589999999999996,
            "gross_profit": 6430299,
            "gross_margin": 63.99,
            "gross_margin_4q_avg": 63.85,
            "net_income": 3515663,
            "net_income_4q": null,
            "revenue": 10048530,
            "revenue_4q": null,
            "common_shares": 45026835,
            "book_valuer_per_share": 14.27,
            "book_valuer_per_share_4q_avg": 15.37,
            "equity": 67099946,
            "current_ratio": 186.55,
            "debt_ratio": 56.28,
            "inventory_turnover_ratio": 7.84,
            "account_receivable_turnover_ratio": null,
            "reinvestment_rate": null,
            "research_to_sale_ratio": null,
            "price_fair": 11.1,
            "eps_avg_yearly": 3.7,
            "eps_latest_yearly": 3.12,
            "eps_growth_yearly": -1.47
        },
        "20031": {
            "year_quarter": 20031,
            "year": 2003,
            "quarter": 1,
            "eps": 0.74,
            "eps_growth_year": -38.84,
            "eps_4q": 3.1,
            "eps_4q_growth_year": -32.68,
            "roe": 4.83,
            "roe_4q": 21.18,
            "gross_profit": 6629733,
            "gross_margin": 60.57,
            "gross_margin_4q_avg": 63.07,
            "net_income": 3255571,
            "net_income_4q": null,
            "revenue": 10945621,
            "revenue_4q": null,
            "common_shares": 45026835,
            "book_valuer_per_share": 15.06,
            "book_valuer_per_share_4q_avg": 14.87,
            "equity": 67814232,
            "current_ratio": 117.72,
            "debt_ratio": 49.39,
            "inventory_turnover_ratio": 9.35,
            "account_receivable_turnover_ratio": null,
            "reinvestment_rate": null,
            "research_to_sale_ratio": null,
            "price_fair": 10.66,
            "eps_avg_yearly": 3.55,
            "eps_latest_yearly": 2.96,
            "eps_growth_yearly": -5.28
        },
        "20032": {
            "year_quarter": 20032,
            "year": 2003,
            "quarter": 2,
            "eps": 0.68,
            "eps_growth_year": -40.35,
            "eps_4q": 2.78,
            "eps_4q_growth_year": -40.91,
            "roe": 4.66,
            "roe_4q": 18.979999999999997,
            "gross_profit": 6748256,
            "gross_margin": 60.43,
            "gross_margin_4q_avg": 61.55,
            "net_income": 3011289,
            "net_income_4q": null,
            "revenue": 11166618,
            "revenue_4q": null,
            "common_shares": 45026835,
            "book_valuer_per_share": 13.67,
            "book_valuer_per_share_4q_avg": 14.27,
            "equity": 61535536,
            "current_ratio": 62.18,
            "debt_ratio": 54.59,
            "inventory_turnover_ratio": null,
            "account_receivable_turnover_ratio": null,
            "reinvestment_rate": 117.66,
            "research_to_sale_ratio": null,
            "price_fair": 10.24,
            "eps_avg_yearly": 3.41,
            "eps_latest_yearly": 2.72,
            "eps_growth_yearly": -9.8
        },
        "20033": {
            "year_quarter": 20033,
            "year": 2003,
            "quarter": 3,
            "eps": 0.84,
            "eps_growth_year": 47.37,
            "eps_4q": 2.97,
            "eps_4q_growth_year": -12.86,
            "roe": 6.08,
            "roe_4q": 20.96,
            "gross_profit": 7160062,
            "gross_margin": 60.31,
            "gross_margin_4q_avg": 61.33,
            "net_income": 3856068,
            "net_income_4q": null,
            "revenue": 11872259,
            "revenue_4q": null,
            "common_shares": 46793213,
            "book_valuer_per_share": 13.97,
            "book_valuer_per_share_4q_avg": 14.24,
            "equity": 65391850,
            "current_ratio": 65.65,
            "debt_ratio": 51.21,
            "inventory_turnover_ratio": null,
            "account_receivable_turnover_ratio": null,
            "reinvestment_rate": 55.61,
            "research_to_sale_ratio": null,
            "price_fair": 51.23,
            "eps_avg_yearly": 3.41,
            "eps_latest_yearly": 3.36,
            "eps_growth_yearly": 5.04
        },
        "20034": {
            "year_quarter": 20034,
            "year": 2003,
            "quarter": 4,
            "eps": 0.7,
            "eps_growth_year": -10.26,
            "eps_4q": 2.9,
            "eps_4q_growth_year": -12.51,
            "roe": 4.56,
            "roe_4q": 20.130000000000003,
            "gross_profit": 6602591,
            "gross_margin": 59.96,
            "gross_margin_4q_avg": 60.32,
            "net_income": 3221519,
            "net_income_4q": null,
            "revenue": 11011292,
            "revenue_4q": null,
            "common_shares": 46998258,
            "book_valuer_per_share": 14.72,
            "book_valuer_per_share_4q_avg": 14.36,
            "equity": 76047421,
            "current_ratio": 168.77,
            "debt_ratio": 46.08,
            "inventory_turnover_ratio": 217.01,
            "account_receivable_turnover_ratio": null,
            "reinvestment_rate": 58.67,
            "research_to_sale_ratio": null,
            "price_fair": 9.99,
            "eps_avg_yearly": 3.33,
            "eps_latest_yearly": 2.8,
            "eps_growth_yearly": -3.92
        },
        "20041": {
            "year_quarter": 20041,
            "year": 2004,
            "quarter": 1,
            "eps": 1.02,
            "eps_growth_year": 37.84,
            "eps_4q": 3.21,
            "eps_4q_growth_year": 3.84,
            "roe": 6.24,
            "roe_4q": 21.540000000000003,
            "gross_profit": 6547000,
            "gross_margin": 59.41,
            "gross_margin_4q_avg": 60.03,
            "net_income": 4690723,
            "net_income_4q": null,
            "revenue": 11020462,
            "revenue_4q": null,
            "common_shares": 47028481,
            "book_valuer_per_share": 15.81,
            "book_valuer_per_share_4q_avg": 14.54,
            "equity": 74367875,
            "current_ratio": 130.09,
            "debt_ratio": 41.4,
            "inventory_turnover_ratio": 220.2,
            "account_receivable_turnover_ratio": null,
            "reinvestment_rate": 36.08,
            "research_to_sale_ratio": null,
            "price_fair": 91.59,
            "eps_avg_yearly": 3.41,
            "eps_latest_yearly": 4.08,
            "eps_growth_yearly": 16.83
        },
        "20042": {
            "year_quarter": 20042,
            "year": 2004,
            "quarter": 2,
            "eps": 0.78,
            "eps_growth_year": 14.71,
            "eps_4q": 3.34,
            "eps_4q_growth_year": 19.85,
            "roe": 5.07,
            "roe_4q": 21.950000000000003,
            "gross_profit": 6536725,
            "gross_margin": 59.05,
            "gross_margin_4q_avg": 59.68,
            "net_income": 3591552,
            "net_income_4q": null,
            "revenue": 11069264,
            "revenue_4q": null,
            "common_shares": 47344947,
            "book_valuer_per_share": 14.24,
            "book_valuer_per_share_4q_avg": 14.69,
            "equity": 67413188,
            "current_ratio": 100.86,
            "debt_ratio": 46.54,
            "inventory_turnover_ratio": null,
            "account_receivable_turnover_ratio": null,
            "reinvestment_rate": 27.2,
            "research_to_sale_ratio": null,
            "price_fair": 53.26,
            "eps_avg_yearly": 3.38,
            "eps_latest_yearly": 3.12,
            "eps_growth_yearly": 5.74
        },
        "20043": {
            "year_quarter": 20043,
            "year": 2004,
            "quarter": 3,
            "eps": 1.22,
            "eps_growth_year": 45.24,
            "eps_4q": 3.7,
            "eps_4q_growth_year": 24.64,
            "roe": 7.87,
            "roe_4q": 23.74,
            "gross_profit": 6794444,
            "gross_margin": 58.7,
            "gross_margin_4q_avg": 59.28,
            "net_income": 5652200,
            "net_income_4q": null,
            "revenue": 11574328,
            "revenue_4q": null,
            "common_shares": 48171970,
            "book_valuer_per_share": 15.81,
            "book_valuer_per_share_4q_avg": 15.15,
            "equity": 76146912,
            "current_ratio": 178.35,
            "debt_ratio": 36.59,
            "inventory_turnover_ratio": null,
            "account_receivable_turnover_ratio": null,
            "reinvestment_rate": 14.34,
            "research_to_sale_ratio": null,
            "price_fair": 123.2,
            "eps_avg_yearly": 3.52,
            "eps_latest_yearly": 4.88,
            "eps_growth_yearly": 25.73
        },
        "20044": {
            "year_quarter": 20044,
            "year": 2004,
            "quarter": 4,
            "eps": 0.58,
            "eps_growth_year": -17.14,
            "eps_4q": 3.55,
            "eps_4q_growth_year": 22.33,
            "roe": 3.43,
            "roe_4q": 22.61,
            "gross_profit": 6636063,
            "gross_margin": 59.67,
            "gross_margin_4q_avg": 59.21,
            "net_income": 2723981,
            "net_income_4q": null,
            "revenue": 11121955,
            "revenue_4q": null,
            "common_shares": 48883886,
            "book_valuer_per_share": 16.56,
            "book_valuer_per_share_4q_avg": 15.61,
            "equity": 82561855,
            "current_ratio": 174.46,
            "debt_ratio": 34.17,
            "inventory_turnover_ratio": 1634.8,
            "account_receivable_turnover_ratio": null,
            "reinvestment_rate": 17.14,
            "research_to_sale_ratio": null,
            "price_fair": 55.06,
            "eps_avg_yearly": 3.42,
            "eps_latest_yearly": 2.32,
            "eps_growth_yearly": 6.1
        },
        "20051": {
            "year_quarter": 20051,
            "year": 2005,
            "quarter": 1,
            "eps": 0.81,
            "eps_growth_year": -20.59,
            "eps_4q": 3.19,
            "eps_4q_growth_year": -0.77,
            "roe": 4.77,
            "roe_4q": 21.14,
            "gross_profit": 8216045,
            "gross_margin": 56.82,
            "gross_margin_4q_avg": 58.56,
            "net_income": 4040927,
            "net_income_4q": null,
            "revenue": 14460146,
            "revenue_4q": null,
            "common_shares": 49254582,
            "book_valuer_per_share": 17.41,
            "book_valuer_per_share_4q_avg": 16.01,
            "equity": 87012556,
            "current_ratio": 182.34,
            "debt_ratio": 28.62,
            "inventory_turnover_ratio": 825.5,
            "account_receivable_turnover_ratio": null,
            "reinvestment_rate": 13.55,
            "research_to_sale_ratio": null,
            "price_fair": 94.8,
            "eps_avg_yearly": 3.41,
            "eps_latest_yearly": 3.24,
            "eps_growth_yearly": 17.83
        },
        "20052": {
            "year_quarter": 20052,
            "year": 2005,
            "quarter": 2,
            "eps": 0.88,
            "eps_growth_year": 12.82,
            "eps_4q": 3.33,
            "eps_4q_growth_year": -0.26,
            "roe": 5.29,
            "roe_4q": 21.36,
            "gross_profit": 8568668,
            "gross_margin": 56.98,
            "gross_margin_4q_avg": 58.04,
            "net_income": 4392853,
            "net_income_4q": null,
            "revenue": 15037131,
            "revenue_4q": null,
            "common_shares": 49436227,
            "book_valuer_per_share": 15.79,
            "book_valuer_per_share_4q_avg": 16.39,
            "equity": 79104092,
            "current_ratio": 118.24,
            "debt_ratio": 35.73,
            "inventory_turnover_ratio": 835.07,
            "account_receivable_turnover_ratio": null,
            "reinvestment_rate": 16.52,
            "research_to_sale_ratio": null,
            "price_fair": 99.1,
            "eps_avg_yearly": 3.41,
            "eps_latest_yearly": 3.52,
            "eps_growth_yearly": 19.03
        },
        "20053": {
            "year_quarter": 20053,
            "year": 2005,
            "quarter": 3,
            "eps": 0.91,
            "eps_growth_year": -25.41,
            "eps_4q": 3.1,
            "eps_4q_growth_year": -16.28,
            "roe": 5.55,
            "roe_4q": 19.04,
            "gross_profit": 9042770,
            "gross_margin": 57.83,
            "gross_margin_4q_avg": 57.83,
            "net_income": 4525456,
            "net_income_4q": null,
            "revenue": 15637244,
            "revenue_4q": null,
            "common_shares": 49474180,
            "book_valuer_per_share": 16.79,
            "book_valuer_per_share_4q_avg": 16.64,
            "equity": 83866960,
            "current_ratio": 175.08,
            "debt_ratio": 27.72,
            "inventory_turnover_ratio": 1217.93,
            "account_receivable_turnover_ratio": null,
            "reinvestment_rate": 10.75,
            "research_to_sale_ratio": null,
            "price_fair": 98.31,
            "eps_avg_yearly": 3.43,
            "eps_latest_yearly": 3.64,
            "eps_growth_yearly": 18.67
        },
        "20054": {
            "year_quarter": 20054,
            "year": 2005,
            "quarter": 4,
            "eps": 0.72,
            "eps_growth_year": 24.14,
            "eps_4q": 3.31,
            "eps_4q_growth_year": -6.81,
            "roe": 4.12,
            "roe_4q": 19.73,
            "gross_profit": 9862257,
            "gross_margin": 66.11,
            "gross_margin_4q_avg": 59.44,
            "net_income": 3536781,
            "net_income_4q": null,
            "revenue": 14917844,
            "revenue_4q": null,
            "common_shares": 49492065,
            "book_valuer_per_share": 17.58,
            "book_valuer_per_share_4q_avg": 16.89,
            "equity": 87795573,
            "current_ratio": 194.69,
            "debt_ratio": 26.73,
            "inventory_turnover_ratio": 916.86,
            "account_receivable_turnover_ratio": null,
            "reinvestment_rate": -2.31,
            "research_to_sale_ratio": null,
            "price_fair": 75.64,
            "eps_avg_yearly": 3.4,
            "eps_latest_yearly": 2.88,
            "eps_growth_yearly": 12.28
        },
        "20061": {
            "year_quarter": 20061,
            "year": 2006,
            "quarter": 1,
            "eps": 0.63,
            "eps_growth_year": -22.22,
            "eps_4q": 3.11,
            "eps_4q_growth_year": -2.5,
            "roe": 3.45,
            "roe_4q": 18.41,
            "gross_profit": 8563317,
            "gross_margin": 58.67,
            "gross_margin_4q_avg": 59.9,
            "net_income": 3120347,
            "net_income_4q": null,
            "revenue": 14595896,
            "revenue_4q": null,
            "common_shares": 49556024,
            "book_valuer_per_share": 18.62,
            "book_valuer_per_share_4q_avg": 17.2,
            "equity": 92941343,
            "current_ratio": 254.34,
            "debt_ratio": 24.83,
            "inventory_turnover_ratio": 1590.03,
            "account_receivable_turnover_ratio": null,
            "reinvestment_rate": -2.01,
            "research_to_sale_ratio": null,
            "price_fair": 48.06,
            "eps_avg_yearly": 3.25,
            "eps_latest_yearly": 2.52,
            "eps_growth_yearly": 4.79
        },
        "20062": {
            "year_quarter": 20062,
            "year": 2006,
            "quarter": 2,
            "eps": 0.94,
            "eps_growth_year": 6.82,
            "eps_4q": 3.17,
            "eps_4q_growth_year": -4.77,
            "roe": 5.34,
            "roe_4q": 18.46,
            "gross_profit": 8661876,
            "gross_margin": 58.73,
            "gross_margin_4q_avg": 60.34,
            "net_income": 4674266,
            "net_income_4q": null,
            "revenue": 14748088,
            "revenue_4q": null,
            "common_shares": 49756558,
            "book_valuer_per_share": 16.47,
            "book_valuer_per_share_4q_avg": 17.37,
            "equity": 82012627,
            "current_ratio": 143,
            "debt_ratio": 34.34,
            "inventory_turnover_ratio": 2428.66,
            "account_receivable_turnover_ratio": null,
            "reinvestment_rate": -6.94,
            "research_to_sale_ratio": null,
            "price_fair": 91.31,
            "eps_avg_yearly": 3.2,
            "eps_latest_yearly": 3.76,
            "eps_growth_yearly": 18.53
        },
        "20063": {
            "year_quarter": 20063,
            "year": 2006,
            "quarter": 3,
            "eps": 1.11,
            "eps_growth_year": 21.98,
            "eps_4q": 3.4,
            "eps_4q_growth_year": 9.68,
            "roe": 6.51,
            "roe_4q": 19.42,
            "gross_profit": 8723833,
            "gross_margin": 58.03,
            "gross_margin_4q_avg": 60.39,
            "net_income": 5474575,
            "net_income_4q": null,
            "revenue": 15034276,
            "revenue_4q": null,
            "common_shares": 49983759,
            "book_valuer_per_share": 17.26,
            "book_valuer_per_share_4q_avg": 17.48,
            "equity": 86283707,
            "current_ratio": 228.95,
            "debt_ratio": 24.45,
            "inventory_turnover_ratio": 332.57,
            "account_receivable_turnover_ratio": null,
            "reinvestment_rate": -5.89,
            "research_to_sale_ratio": null,
            "price_fair": 116.73,
            "eps_avg_yearly": 3.34,
            "eps_latest_yearly": 4.44,
            "eps_growth_yearly": 35.56
        },
        "20064": {
            "year_quarter": 20064,
            "year": 2006,
            "quarter": 4,
            "eps": 0.6,
            "eps_growth_year": -16.67,
            "eps_4q": 3.29,
            "eps_4q_growth_year": -0.35,
            "roe": 3.34,
            "roe_4q": 18.64,
            "gross_profit": 8237021,
            "gross_margin": 56.7,
            "gross_margin_4q_avg": 58.03,
            "net_income": 2945723,
            "net_income_4q": null,
            "revenue": 14527834,
            "revenue_4q": null,
            "common_shares": 49993251,
            "book_valuer_per_share": 17.98,
            "book_valuer_per_share_4q_avg": 17.58,
            "equity": 89892302,
            "current_ratio": 191.5,
            "debt_ratio": 24.09,
            "inventory_turnover_ratio": 191.48,
            "account_receivable_turnover_ratio": null,
            "reinvestment_rate": -14.46,
            "research_to_sale_ratio": null,
            "price_fair": 81.79,
            "eps_avg_yearly": 3.29,
            "eps_latest_yearly": 2.4,
            "eps_growth_yearly": 14.86
        },
        "20071": {
            "year_quarter": 20071,
            "year": 2007,
            "quarter": 1,
            "eps": 0.77,
            "eps_growth_year": 22.22,
            "eps_4q": 3.41,
            "eps_4q_growth_year": 9.7,
            "roe": 4.15,
            "roe_4q": 19.34,
            "gross_profit": 8300670,
            "gross_margin": 57.31,
            "gross_margin_4q_avg": 57.69,
            "net_income": 3809668,
            "net_income_4q": null,
            "revenue": 14483951,
            "revenue_4q": null,
            "common_shares": 49997573,
            "book_valuer_per_share": 18.74,
            "book_valuer_per_share_4q_avg": 17.61,
            "equity": 93727313,
            "current_ratio": 169.5,
            "debt_ratio": 30.56,
            "inventory_turnover_ratio": 113.4,
            "account_receivable_turnover_ratio": null,
            "reinvestment_rate": -6.28,
            "research_to_sale_ratio": null,
            "price_fair": 109.56,
            "eps_avg_yearly": 3.3,
            "eps_latest_yearly": 3.08,
            "eps_growth_yearly": 23.22
        },
        "20072": {
            "year_quarter": 20072,
            "year": 2007,
            "quarter": 2,
            "eps": 0.95,
            "eps_growth_year": 1.06,
            "eps_4q": 3.71,
            "eps_4q_growth_year": 17.14,
            "roe": 5.77,
            "roe_4q": 19.77,
            "gross_profit": 9315850,
            "gross_margin": 55.82,
            "gross_margin_4q_avg": 56.97,
            "net_income": 4203477,
            "net_income_4q": null,
            "revenue": 16690029,
            "revenue_4q": null,
            "common_shares": 50004141,
            "book_valuer_per_share": 9.62,
            "book_valuer_per_share_4q_avg": 15.9,
            "equity": 52086677,
            "current_ratio": 50.54,
            "debt_ratio": 56.54,
            "inventory_turnover_ratio": 75.12,
            "account_receivable_turnover_ratio": null,
            "reinvestment_rate": 1.77,
            "research_to_sale_ratio": null,
            "price_fair": 117.78,
            "eps_avg_yearly": 3.37,
            "eps_latest_yearly": 3.8,
            "eps_growth_yearly": 31.1
        },
        "20073": {
            "year_quarter": 20073,
            "year": 2007,
            "quarter": 3,
            "eps": 0.9,
            "eps_growth_year": -18.92,
            "eps_4q": 3.48,
            "eps_4q_growth_year": 2.24,
            "roe": 7.09,
            "roe_4q": 20.349999999999998,
            "gross_profit": 9840658,
            "gross_margin": 55.89,
            "gross_margin_4q_avg": 56.43,
            "net_income": 3797907,
            "net_income_4q": null,
            "revenue": 17605947,
            "revenue_4q": null,
            "common_shares": 50009254,
            "book_valuer_per_share": 10.21,
            "book_valuer_per_share_4q_avg": 14.14,
            "equity": 55015535,
            "current_ratio": 50.74,
            "debt_ratio": 52.42,
            "inventory_turnover_ratio": 52.98,
            "account_receivable_turnover_ratio": null,
            "reinvestment_rate": 0.55,
            "research_to_sale_ratio": null,
            "price_fair": 114.57,
            "eps_avg_yearly": 3.38,
            "eps_latest_yearly": 3.6,
            "eps_growth_yearly": 23.9
        },
        "20074": {
            "year_quarter": 20074,
            "year": 2007,
            "quarter": 4,
            "eps": -1.3,
            "eps_growth_year": -316.67,
            "eps_4q": 1.64,
            "eps_4q_growth_year": -50.19,
            "roe": -11.53,
            "roe_4q": 5.48,
            "gross_profit": 9392341,
            "gross_margin": 54.24,
            "gross_margin_4q_avg": 55.82,
            "net_income": -5039683,
            "net_income_4q": null,
            "revenue": 17315234,
            "revenue_4q": null,
            "common_shares": 38009254,
            "book_valuer_per_share": 8.38,
            "book_valuer_per_share_4q_avg": 11.74,
            "equity": 32405161,
            "current_ratio": 30.68,
            "debt_ratio": 66.94,
            "inventory_turnover_ratio": 47.38,
            "account_receivable_turnover_ratio": null,
            "reinvestment_rate": -37.11,
            "research_to_sale_ratio": null,
            "price_fair": 119.65,
            "eps_avg_yearly": 3.42,
            "eps_latest_yearly": 3.6,
            "eps_growth_yearly": 29.93
        },
        "20081": {
            "year_quarter": 20081,
            "year": 2008,
            "quarter": 1,
            "eps": 1.44,
            "eps_growth_year": 87.01,
            "eps_4q": 2.4,
            "eps_4q_growth_year": -29.76,
            "roe": 10.38,
            "roe_4q": 11.71,
            "gross_profit": 9615361,
            "gross_margin": 55.76,
            "gross_margin_4q_avg": 55.43,
            "net_income": 4204703,
            "net_income_4q": null,
            "revenue": 17244521,
            "revenue_4q": null,
            "common_shares": 38009254,
            "book_valuer_per_share": 12.78,
            "book_valuer_per_share_4q_avg": 10.25,
            "equity": 48633869,
            "current_ratio": 41.49,
            "debt_ratio": 50.11,
            "inventory_turnover_ratio": 44.28,
            "account_receivable_turnover_ratio": null,
            "reinvestment_rate": -21.52,
            "research_to_sale_ratio": null,
            "price_fair": 97.81,
            "eps_avg_yearly": 3.37,
            "eps_latest_yearly": 3.6,
            "eps_growth_yearly": 19.01
        },
        "20082": {
            "year_quarter": 20082,
            "year": 2008,
            "quarter": 2,
            "eps": 1.34,
            "eps_growth_year": 41.05,
            "eps_4q": 2.29,
            "eps_4q_growth_year": -38.38,
            "roe": 8.5,
            "roe_4q": 14.440000000000003,
            "gross_profit": 9608749,
            "gross_margin": 54.89,
            "gross_margin_4q_avg": 55.2,
            "net_income": 3968209,
            "net_income_4q": null,
            "revenue": 17504918,
            "revenue_4q": null,
            "common_shares": 38009254,
            "book_valuer_per_share": 11.77,
            "book_valuer_per_share_4q_avg": 10.79,
            "equity": 44756656,
            "current_ratio": 33.71,
            "debt_ratio": 51.65,
            "inventory_turnover_ratio": 41.02,
            "account_receivable_turnover_ratio": null,
            "reinvestment_rate": -24.98,
            "research_to_sale_ratio": null,
            "price_fair": 119.19,
            "eps_avg_yearly": 3.53,
            "eps_latest_yearly": 5.36,
            "eps_growth_yearly": 23.75
        },
        "20083": {
            "year_quarter": 20083,
            "year": 2008,
            "quarter": 3,
            "eps": 1.37,
            "eps_growth_year": 52.22,
            "eps_4q": 2.4,
            "eps_4q_growth_year": -31.04,
            "roe": 8.69,
            "roe_4q": 16.04,
            "gross_profit": 9479358,
            "gross_margin": 53.84,
            "gross_margin_4q_avg": 54.68,
            "net_income": 4065126,
            "net_income_4q": null,
            "revenue": 17607762,
            "revenue_4q": null,
            "common_shares": 38009254,
            "book_valuer_per_share": 12.84,
            "book_valuer_per_share_4q_avg": 11.44,
            "equity": 48829531,
            "current_ratio": 37.24,
            "debt_ratio": 46.82,
            "inventory_turnover_ratio": 40.49,
            "account_receivable_turnover_ratio": null,
            "reinvestment_rate": -24.49,
            "research_to_sale_ratio": null,
            "price_fair": 65.31,
            "eps_avg_yearly": 3.57,
            "eps_latest_yearly": 5.48,
            "eps_growth_yearly": 8.27
        },
        "20084": {
            "year_quarter": 20084,
            "year": 2008,
            "quarter": 4,
            "eps": 1.06,
            "eps_growth_year": null,
            "eps_4q": 5.18,
            "eps_4q_growth_year": 215.85,
            "roe": 6.3,
            "roe_4q": 33.87,
            "gross_profit": 8872517,
            "gross_margin": 52.38,
            "gross_margin_4q_avg": 54.22,
            "net_income": 3144211,
            "net_income_4q": null,
            "revenue": 16938895,
            "revenue_4q": null,
            "common_shares": 38009254,
            "book_valuer_per_share": 13.39,
            "book_valuer_per_share_4q_avg": 12.7,
            "equity": 50936533,
            "current_ratio": 47.55,
            "debt_ratio": 44.6,
            "inventory_turnover_ratio": 28.79,
            "account_receivable_turnover_ratio": 5.05,
            "reinvestment_rate": -33.32,
            "research_to_sale_ratio": null,
            "price_fair": 99.45,
            "eps_avg_yearly": 3.71,
            "eps_latest_yearly": 4.24,
            "eps_growth_yearly": 16.8
        },
        "20091": {
            "year_quarter": 20091,
            "year": 2009,
            "quarter": 1,
            "eps": 1.1,
            "eps_growth_year": -23.61,
            "eps_4q": 4.88,
            "eps_4q_growth_year": 103.61,
            "roe": 6.18,
            "roe_4q": 29.67,
            "gross_profit": 8530669,
            "gross_margin": 50.52,
            "gross_margin_4q_avg": 52.91,
            "net_income": 3254819,
            "net_income_4q": null,
            "revenue": 16885114,
            "revenue_4q": null,
            "common_shares": 38009254,
            "book_valuer_per_share": 14.33,
            "book_valuer_per_share_4q_avg": 13.08,
            "equity": 54475986,
            "current_ratio": 47.53,
            "debt_ratio": 40.13,
            "inventory_turnover_ratio": 24.85,
            "account_receivable_turnover_ratio": 2.58,
            "reinvestment_rate": -33.39,
            "research_to_sale_ratio": null,
            "price_fair": 62.77,
            "eps_avg_yearly": 3.79,
            "eps_latest_yearly": 4.4,
            "eps_growth_yearly": 6.54
        },
        "20092": {
            "year_quarter": 20092,
            "year": 2009,
            "quarter": 2,
            "eps": 1.21,
            "eps_growth_year": -9.7,
            "eps_4q": 4.72,
            "eps_4q_growth_year": 106.46,
            "roe": 7.28,
            "roe_4q": 28.450000000000003,
            "gross_profit": 8902367,
            "gross_margin": 51.32,
            "gross_margin_4q_avg": 52.02,
            "net_income": 3606170,
            "net_income_4q": null,
            "revenue": 17346713,
            "revenue_4q": null,
            "common_shares": 38009254,
            "book_valuer_per_share": 11.74,
            "book_valuer_per_share_4q_avg": 13.08,
            "equity": 44617122,
            "current_ratio": 41.02,
            "debt_ratio": 51.44,
            "inventory_turnover_ratio": 28.1,
            "account_receivable_turnover_ratio": 2.6,
            "reinvestment_rate": -35.4,
            "research_to_sale_ratio": null,
            "price_fair": 65.84,
            "eps_avg_yearly": 3.89,
            "eps_latest_yearly": 4.84,
            "eps_growth_yearly": 6.93
        },
        "20093": {
            "year_quarter": 20093,
            "year": 2009,
            "quarter": 3,
            "eps": 1.18,
            "eps_growth_year": -13.87,
            "eps_4q": 4.54,
            "eps_4q_growth_year": 89.45,
            "roe": 7.54,
            "roe_4q": 27.3,
            "gross_profit": 9024491,
            "gross_margin": 51.99,
            "gross_margin_4q_avg": 51.55,
            "net_income": 3512228,
            "net_income_4q": null,
            "revenue": 17358653,
            "revenue_4q": null,
            "common_shares": 38009254,
            "book_valuer_per_share": 12.79,
            "book_valuer_per_share_4q_avg": 13.06,
            "equity": 48607456,
            "current_ratio": 43.77,
            "debt_ratio": 44.18,
            "inventory_turnover_ratio": 24.2,
            "account_receivable_turnover_ratio": 2.44,
            "reinvestment_rate": -34.6,
            "research_to_sale_ratio": null,
            "price_fair": 60.48,
            "eps_avg_yearly": 3.97,
            "eps_latest_yearly": 4.72,
            "eps_growth_yearly": 5.25
        },
        "20094": {
            "year_quarter": 20094,
            "year": 2009,
            "quarter": 4,
            "eps": 1.18,
            "eps_growth_year": 11.32,
            "eps_4q": 4.65,
            "eps_4q_growth_year": -10.33,
            "roe": 6.99,
            "roe_4q": 27.990000000000002,
            "gross_profit": 8803244,
            "gross_margin": 52.15,
            "gross_margin_4q_avg": 51.5,
            "net_income": 3517299,
            "net_income_4q": null,
            "revenue": 16879752,
            "revenue_4q": null,
            "common_shares": 38009254,
            "book_valuer_per_share": 17.42,
            "book_valuer_per_share_4q_avg": 14.07,
            "equity": 52083109,
            "current_ratio": 46.85,
            "debt_ratio": 39.37,
            "inventory_turnover_ratio": 18.5,
            "account_receivable_turnover_ratio": 4.91,
            "reinvestment_rate": -28.27,
            "research_to_sale_ratio": null,
            "price_fair": 86.92,
            "eps_avg_yearly": 4.1,
            "eps_latest_yearly": 4.72,
            "eps_growth_yearly": 11.22
        },
        "20101": {
            "year_quarter": 20101,
            "year": 2010,
            "quarter": 1,
            "eps": 1.21,
            "eps_growth_year": 10,
            "eps_4q": 4.77,
            "eps_4q_growth_year": -2.24,
            "roe": 6.72,
            "roe_4q": 28.53,
            "gross_profit": 8281360,
            "gross_margin": 48.47,
            "gross_margin_4q_avg": 50.98,
            "net_income": 3619219,
            "net_income_4q": null,
            "revenue": 17084726,
            "revenue_4q": null,
            "common_shares": 38009254,
            "book_valuer_per_share": 18.63,
            "book_valuer_per_share_4q_avg": 15.15,
            "equity": 55691050,
            "current_ratio": 58.4,
            "debt_ratio": 34.04,
            "inventory_turnover_ratio": 15.6,
            "account_receivable_turnover_ratio": 2.55,
            "reinvestment_rate": -25.62,
            "research_to_sale_ratio": null,
            "price_fair": 108.76,
            "eps_avg_yearly": 4.26,
            "eps_latest_yearly": 4.84,
            "eps_growth_yearly": 15.51
        },
        "20102": {
            "year_quarter": 20102,
            "year": 2010,
            "quarter": 2,
            "eps": 1.13,
            "eps_growth_year": -6.65,
            "eps_4q": 4.69,
            "eps_4q_growth_year": -0.63,
            "roe": 6.77,
            "roe_4q": 28.019999999999996,
            "gross_profit": 8241087,
            "gross_margin": 47.23,
            "gross_margin_4q_avg": 49.96,
            "net_income": 3376498,
            "net_income_4q": null,
            "revenue": 17449662,
            "revenue_4q": null,
            "common_shares": 38009254,
            "book_valuer_per_share": 14.73,
            "book_valuer_per_share_4q_avg": 15.89,
            "equity": 44044414,
            "current_ratio": 43.98,
            "debt_ratio": 49.01,
            "inventory_turnover_ratio": 12.25,
            "account_receivable_turnover_ratio": 2.64,
            "reinvestment_rate": -26.94,
            "research_to_sale_ratio": null,
            "price_fair": 12.95,
            "eps_avg_yearly": 4.32,
            "eps_latest_yearly": 4.52,
            "eps_growth_yearly": -0.43
        },
        "20103": {
            "year_quarter": 20103,
            "year": 2010,
            "quarter": 3,
            "eps": 1.22,
            "eps_growth_year": 3.22,
            "eps_4q": 4.73,
            "eps_4q_growth_year": 4.25,
            "roe": 7.93,
            "roe_4q": 28.409999999999997,
            "gross_profit": 7893799,
            "gross_margin": 44.57,
            "gross_margin_4q_avg": 48.11,
            "net_income": 3639122,
            "net_income_4q": null,
            "revenue": 17711492,
            "revenue_4q": null,
            "common_shares": 38009254,
            "book_valuer_per_share": 15.96,
            "book_valuer_per_share_4q_avg": 16.69,
            "equity": 47724386,
            "current_ratio": 45.93,
            "debt_ratio": 42.44,
            "inventory_turnover_ratio": 10.84,
            "account_receivable_turnover_ratio": 2.64,
            "reinvestment_rate": -27.27,
            "research_to_sale_ratio": null,
            "price_fair": 13.05,
            "eps_avg_yearly": 4.35,
            "eps_latest_yearly": 4.88,
            "eps_growth_yearly": -3.33
        },
        "20104": {
            "year_quarter": 20104,
            "year": 2010,
            "quarter": 4,
            "eps": 1.07,
            "eps_growth_year": -9.65,
            "eps_4q": 4.62,
            "eps_4q_growth_year": -0.48,
            "roe": 6.45,
            "roe_4q": 27.869999999999997,
            "gross_profit": 7567395,
            "gross_margin": 42.28,
            "gross_margin_4q_avg": 45.64,
            "net_income": 3182939,
            "net_income_4q": null,
            "revenue": 17900124,
            "revenue_4q": null,
            "common_shares": 38009254,
            "book_valuer_per_share": 17.02,
            "book_valuer_per_share_4q_avg": 16.59,
            "equity": 50899418,
            "current_ratio": 65.61,
            "debt_ratio": 40.46,
            "inventory_turnover_ratio": 9.86,
            "account_receivable_turnover_ratio": 2.68,
            "reinvestment_rate": -28.39,
            "research_to_sale_ratio": null,
            "price_fair": 73.02,
            "eps_avg_yearly": 4.48,
            "eps_latest_yearly": 4.28,
            "eps_growth_yearly": 6.29
        },
        "20111": {
            "year_quarter": 20111,
            "year": 2011,
            "quarter": 1,
            "eps": 1.1,
            "eps_growth_year": -9.09,
            "eps_4q": 4.51,
            "eps_4q_growth_year": -5.33,
            "roe": 6.27,
            "roe_4q": 27.419999999999998,
            "gross_profit": 7311233,
            "gross_margin": 40.12,
            "gross_margin_4q_avg": 43.55,
            "net_income": 3292171,
            "net_income_4q": null,
            "revenue": 18222183,
            "revenue_4q": null,
            "common_shares": 38009254,
            "book_valuer_per_share": 18.12,
            "book_valuer_per_share_4q_avg": 16.46,
            "equity": 54188334,
            "current_ratio": 73.98,
            "debt_ratio": 35.83,
            "inventory_turnover_ratio": 6.97,
            "account_receivable_turnover_ratio": 2.8,
            "reinvestment_rate": -26.9,
            "research_to_sale_ratio": null,
            "price_fair": 13.73,
            "eps_avg_yearly": 4.58,
            "eps_latest_yearly": 4.4,
            "eps_growth_yearly": -1.01
        },
        "20112": {
            "year_quarter": 20112,
            "year": 2011,
            "quarter": 2,
            "eps": 1.16,
            "eps_growth_year": 2.83,
            "eps_4q": 4.55,
            "eps_4q_growth_year": -3.11,
            "roe": 6.98,
            "roe_4q": 27.63,
            "gross_profit": 7616277,
            "gross_margin": 42.37,
            "gross_margin_4q_avg": 42.34,
            "net_income": 3469337,
            "net_income_4q": null,
            "revenue": 17974657,
            "revenue_4q": null,
            "common_shares": 38009254,
            "book_valuer_per_share": 15.12,
            "book_valuer_per_share_4q_avg": 16.56,
            "equity": 45227593,
            "current_ratio": 58.56,
            "debt_ratio": 48.11,
            "inventory_turnover_ratio": 6.11,
            "account_receivable_turnover_ratio": 2.75,
            "reinvestment_rate": -42.94,
            "research_to_sale_ratio": null,
            "price_fair": 13.91,
            "eps_avg_yearly": 4.64,
            "eps_latest_yearly": 4.64,
            "eps_growth_yearly": -6.13
        },
        "20113": {
            "year_quarter": 20113,
            "year": 2011,
            "quarter": 3,
            "eps": 1.3,
            "eps_growth_year": 6.84,
            "eps_4q": 5.11,
            "eps_4q_growth_year": 8.01,
            "roe": 7.53,
            "roe_4q": 27.23,
            "gross_profit": 9159083,
            "gross_margin": 42.15,
            "gross_margin_4q_avg": 41.73,
            "net_income": 3459815,
            "net_income_4q": null,
            "revenue": 21729124,
            "revenue_4q": null,
            "common_shares": 34208328,
            "book_valuer_per_share": 17.5,
            "book_valuer_per_share_4q_avg": 16.94,
            "equity": 46655957,
            "current_ratio": 50.67,
            "debt_ratio": 49.95,
            "inventory_turnover_ratio": 7.65,
            "account_receivable_turnover_ratio": 3.08,
            "reinvestment_rate": -43.31,
            "research_to_sale_ratio": null,
            "price_fair": 14.25,
            "eps_avg_yearly": 4.75,
            "eps_latest_yearly": 5.2,
            "eps_growth_yearly": -1.17
        },
        "20114": {
            "year_quarter": 20114,
            "year": 2011,
            "quarter": 4,
            "eps": 1.23,
            "eps_growth_year": 15.5,
            "eps_4q": 5.01,
            "eps_4q_growth_year": 8.27,
            "roe": 7.04,
            "roe_4q": 27.82,
            "gross_profit": 8627132,
            "gross_margin": 36.8,
            "gross_margin_4q_avg": 40.36,
            "net_income": 3404857,
            "net_income_4q": null,
            "revenue": 23443219,
            "revenue_4q": null,
            "common_shares": 34208328,
            "book_valuer_per_share": 18.2,
            "book_valuer_per_share_4q_avg": 17.24,
            "equity": 50063885,
            "current_ratio": 49.88,
            "debt_ratio": 45.46,
            "inventory_turnover_ratio": 7.47,
            "account_receivable_turnover_ratio": 3.07,
            "reinvestment_rate": -13.24,
            "research_to_sale_ratio": null,
            "price_fair": 14.29,
            "eps_avg_yearly": 4.76,
            "eps_latest_yearly": 4.92,
            "eps_growth_yearly": -2.53
        },
        "20121": {
            "year_quarter": 20121,
            "year": 2012,
            "quarter": 1,
            "eps": 1.25,
            "eps_growth_year": 13.64,
            "eps_4q": 5.03,
            "eps_4q_growth_year": 11.45,
            "roe": 6.65,
            "roe_4q": 28.200000000000003,
            "gross_profit": 8418818,
            "gross_margin": 35.09,
            "gross_margin_4q_avg": 39.1,
            "net_income": 3444402,
            "net_income_4q": null,
            "revenue": 23993914,
            "revenue_4q": null,
            "common_shares": 34208328,
            "book_valuer_per_share": 19.43,
            "book_valuer_per_share_4q_avg": 17.56,
            "equity": 53472488,
            "current_ratio": 55.02,
            "debt_ratio": 40.46,
            "inventory_turnover_ratio": 6.73,
            "account_receivable_turnover_ratio": 3.18,
            "reinvestment_rate": -13.6,
            "research_to_sale_ratio": null,
            "price_fair": 14.33,
            "eps_avg_yearly": 4.78,
            "eps_latest_yearly": 5,
            "eps_growth_yearly": -1.97
        },
        "20122": {
            "year_quarter": 20122,
            "year": 2012,
            "quarter": 2,
            "eps": 1.45,
            "eps_growth_year": 25.27,
            "eps_4q": 5.2,
            "eps_4q_growth_year": 14.28,
            "roe": 8.17,
            "roe_4q": 29.39,
            "gross_profit": 8990124,
            "gross_margin": 37.9,
            "gross_margin_4q_avg": 37.99,
            "net_income": 3952535,
            "net_income_4q": null,
            "revenue": 23721660,
            "revenue_4q": null,
            "common_shares": 34208328,
            "book_valuer_per_share": 15.73,
            "book_valuer_per_share_4q_avg": 17.72,
            "equity": 43302525,
            "current_ratio": 43.15,
            "debt_ratio": 52.09,
            "inventory_turnover_ratio": 5.72,
            "account_receivable_turnover_ratio": 3.21,
            "reinvestment_rate": -13.06,
            "research_to_sale_ratio": null,
            "price_fair": 66.16,
            "eps_avg_yearly": 4.81,
            "eps_latest_yearly": 5.8,
            "eps_growth_yearly": 3.77
        },
        "20123": {
            "year_quarter": 20123,
            "year": 2012,
            "quarter": 3,
            "eps": 1.45,
            "eps_growth_year": 11.73,
            "eps_4q": 5.39,
            "eps_4q_growth_year": 5.34,
            "roe": 8.72,
            "roe_4q": 30.58,
            "gross_profit": 9100197,
            "gross_margin": 37.13,
            "gross_margin_4q_avg": 36.73,
            "net_income": 3946279,
            "net_income_4q": null,
            "revenue": 24510732,
            "revenue_4q": null,
            "common_shares": 34208328,
            "book_valuer_per_share": 17.18,
            "book_valuer_per_share_4q_avg": 17.64,
            "equity": 47241160,
            "current_ratio": 47.2,
            "debt_ratio": 47.61,
            "inventory_turnover_ratio": 6.29,
            "account_receivable_turnover_ratio": 3.24,
            "reinvestment_rate": -12.01,
            "research_to_sale_ratio": null,
            "price_fair": 63.73,
            "eps_avg_yearly": 4.83,
            "eps_latest_yearly": 5.8,
            "eps_growth_yearly": 3.21
        },
        "20124": {
            "year_quarter": 20124,
            "year": 2012,
            "quarter": 4,
            "eps": 1.31,
            "eps_growth_year": 6.01,
            "eps_4q": 5.46,
            "eps_4q_growth_year": 9.08,
            "roe": 7.29,
            "roe_4q": 30.83,
            "gross_profit": 8897997,
            "gross_margin": 34.34,
            "gross_margin_4q_avg": 36.12,
            "net_income": 3573066,
            "net_income_4q": null,
            "revenue": 25914648,
            "revenue_4q": null,
            "common_shares": 34208328,
            "book_valuer_per_share": 18.48,
            "book_valuer_per_share_4q_avg": 17.71,
            "equity": 50805820,
            "current_ratio": 65.36,
            "debt_ratio": 45,
            "inventory_turnover_ratio": 6.9,
            "account_receivable_turnover_ratio": 3.3,
            "reinvestment_rate": -12.61,
            "research_to_sale_ratio": null,
            "price_fair": 80.41,
            "eps_avg_yearly": 4.89,
            "eps_latest_yearly": 5.24,
            "eps_growth_yearly": 6.45
        },
        "20131": {
            "year_quarter": 20131,
            "year": 2013,
            "quarter": 1,
            "eps": 1.42,
            "eps_growth_year": 13.6,
            "eps_4q": 5.63,
            "eps_4q_growth_year": 11.89,
            "roe": 6.86,
            "roe_4q": 31.04,
            "gross_profit": 9682710,
            "gross_margin": 36.46,
            "gross_margin_4q_avg": 36.46,
            "net_income": 3855662,
            "net_income_4q": null,
            "revenue": 26557067,
            "revenue_4q": null,
            "common_shares": 34208328,
            "book_valuer_per_share": 22.5,
            "book_valuer_per_share_4q_avg": 18.47,
            "equity": 61657307,
            "current_ratio": 88.34,
            "debt_ratio": 40.95,
            "inventory_turnover_ratio": 5.52,
            "account_receivable_turnover_ratio": 2.53,
            "reinvestment_rate": -4.66,
            "research_to_sale_ratio": null,
            "price_fair": 87.47,
            "eps_avg_yearly": 4.97,
            "eps_latest_yearly": 5.68,
            "eps_growth_yearly": 7.61
        },
        "20132": {
            "year_quarter": 20132,
            "year": 2013,
            "quarter": 2,
            "eps": 1.47,
            "eps_growth_year": 1.04,
            "eps_4q": 5.65,
            "eps_4q_growth_year": 8.66,
            "roe": 7.17,
            "roe_4q": 30.04,
            "gross_profit": 9947607,
            "gross_margin": 37.16,
            "gross_margin_4q_avg": 36.27,
            "net_income": 4019585,
            "net_income_4q": null,
            "revenue": 26770309,
            "revenue_4q": null,
            "common_shares": 34208328,
            "book_valuer_per_share": 18.42,
            "book_valuer_per_share_4q_avg": 19.15,
            "equity": 50455378,
            "current_ratio": 77.56,
            "debt_ratio": 54.89,
            "inventory_turnover_ratio": 5.05,
            "account_receivable_turnover_ratio": 2,
            "reinvestment_rate": -4.06,
            "research_to_sale_ratio": null,
            "price_fair": 80.46,
            "eps_avg_yearly": 5.03,
            "eps_latest_yearly": 5.88,
            "eps_growth_yearly": 5.99
        },
        "20133": {
            "year_quarter": 20133,
            "year": 2013,
            "quarter": 3,
            "eps": 1.58,
            "eps_growth_year": 8.67,
            "eps_4q": 5.78,
            "eps_4q_growth_year": 7.27,
            "roe": 8.18,
            "roe_4q": 29.5,
            "gross_profit": 9839447,
            "gross_margin": 36.09,
            "gross_margin_4q_avg": 36.01,
            "net_income": 4305181,
            "net_income_4q": null,
            "revenue": 27261510,
            "revenue_4q": null,
            "common_shares": 34208328,
            "book_valuer_per_share": 20.03,
            "book_valuer_per_share_4q_avg": 19.86,
            "equity": 54859126,
            "current_ratio": 81.5,
            "debt_ratio": 49.83,
            "inventory_turnover_ratio": 5.5,
            "account_receivable_turnover_ratio": 1.94,
            "reinvestment_rate": -0.48,
            "research_to_sale_ratio": null,
            "price_fair": 94.84,
            "eps_avg_yearly": 5.13,
            "eps_latest_yearly": 6.32,
            "eps_growth_yearly": 8.48
        },
        "20134": {
            "year_quarter": 20134,
            "year": 2013,
            "quarter": 4,
            "eps": 1.32,
            "eps_growth_year": 1.05,
            "eps_4q": 5.79,
            "eps_4q_growth_year": 6.07,
            "roe": 6.42,
            "roe_4q": 28.63,
            "gross_profit": 9640284,
            "gross_margin": 33.76,
            "gross_margin_4q_avg": 35.87,
            "net_income": 3637353,
            "net_income_4q": null,
            "revenue": 28554481,
            "revenue_4q": null,
            "common_shares": 34208328,
            "book_valuer_per_share": 21.35,
            "book_valuer_per_share_4q_avg": 20.58,
            "equity": 58520641,
            "current_ratio": 50.33,
            "debt_ratio": 57.7,
            "inventory_turnover_ratio": 5.45,
            "account_receivable_turnover_ratio": 1.98,
            "reinvestment_rate": -4.47,
            "research_to_sale_ratio": null,
            "price_fair": 74.23,
            "eps_avg_yearly": 5.17,
            "eps_latest_yearly": 5.28,
            "eps_growth_yearly": 4.36
        },
        "20141": {
            "year_quarter": 20141,
            "year": 2014,
            "quarter": 1,
            "eps": 1.52,
            "eps_growth_year": 7.04,
            "eps_4q": 5.9,
            "eps_4q_growth_year": 4.74,
            "roe": 6.79,
            "roe_4q": 28.560000000000002,
            "gross_profit": 9735921,
            "gross_margin": 35.11,
            "gross_margin_4q_avg": 35.53,
            "net_income": 4175892,
            "net_income_4q": null,
            "revenue": 27726474,
            "revenue_4q": null,
            "common_shares": 34208328,
            "book_valuer_per_share": 22.82,
            "book_valuer_per_share_4q_avg": 20.66,
            "equity": 64419439,
            "current_ratio": 57.52,
            "debt_ratio": 54.93,
            "inventory_turnover_ratio": 5.35,
            "account_receivable_turnover_ratio": 1.93,
            "reinvestment_rate": -5.88,
            "research_to_sale_ratio": null,
            "price_fair": 91.88,
            "eps_avg_yearly": 5.25,
            "eps_latest_yearly": 6.08,
            "eps_growth_yearly": 7.52
        },
        "20142": {
            "year_quarter": 20142,
            "year": 2014,
            "quarter": 2,
            "eps": 1.54,
            "eps_growth_year": 4.76,
            "eps_4q": 5.96,
            "eps_4q_growth_year": 5.63,
            "roe": 7.25,
            "roe_4q": 28.64,
            "gross_profit": 9603720,
            "gross_margin": 35.65,
            "gross_margin_4q_avg": 35.15,
            "net_income": 4267539,
            "net_income_4q": null,
            "revenue": 26936239,
            "revenue_4q": null,
            "common_shares": 34208328,
            "book_valuer_per_share": 18.74,
            "book_valuer_per_share_4q_avg": 20.74,
            "equity": 53377646,
            "current_ratio": 48.39,
            "debt_ratio": 62.69,
            "inventory_turnover_ratio": 5.78,
            "account_receivable_turnover_ratio": 1.89,
            "reinvestment_rate": 0.55,
            "research_to_sale_ratio": null,
            "price_fair": 104.27,
            "eps_avg_yearly": 5.35,
            "eps_latest_yearly": 6.16,
            "eps_growth_yearly": 9.5
        },
        "20143": {
            "year_quarter": 20143,
            "year": 2014,
            "quarter": 3,
            "eps": 1.39,
            "eps_growth_year": -12.03,
            "eps_4q": 5.76,
            "eps_4q_growth_year": -0.25,
            "roe": 7.08,
            "roe_4q": 27.54,
            "gross_profit": 9448519,
            "gross_margin": 34.03,
            "gross_margin_4q_avg": 34.64,
            "net_income": 3916605,
            "net_income_4q": null,
            "revenue": 27767615,
            "revenue_4q": null,
            "common_shares": 34208328,
            "book_valuer_per_share": 20.11,
            "book_valuer_per_share_4q_avg": 20.76,
            "equity": 57265817,
            "current_ratio": 52.07,
            "debt_ratio": 60.95,
            "inventory_turnover_ratio": 5.75,
            "account_receivable_turnover_ratio": 1.91,
            "reinvestment_rate": 4.85,
            "research_to_sale_ratio": null,
            "price_fair": 81.24,
            "eps_avg_yearly": 5.39,
            "eps_latest_yearly": 5.56,
            "eps_growth_yearly": 5.07
        },
        "20144": {
            "year_quarter": 20144,
            "year": 2014,
            "quarter": 4,
            "eps": 1.12,
            "eps_growth_year": -15.14,
            "eps_4q": 5.51,
            "eps_4q_growth_year": -4.84,
            "roe": 5.16,
            "roe_4q": 26.28,
            "gross_profit": 8737481,
            "gross_margin": 28.94,
            "gross_margin_4q_avg": 33.43,
            "net_income": 3193069,
            "net_income_4q": null,
            "revenue": 30193551,
            "revenue_4q": null,
            "common_shares": 34208328,
            "book_valuer_per_share": 22.14,
            "book_valuer_per_share_4q_avg": 20.95,
            "equity": 66512250,
            "current_ratio": 61.41,
            "debt_ratio": 56.68,
            "inventory_turnover_ratio": 6.58,
            "account_receivable_turnover_ratio": 2.03,
            "reinvestment_rate": 9.07,
            "research_to_sale_ratio": null,
            "price_fair": 71.8,
            "eps_avg_yearly": 5.4,
            "eps_latest_yearly": 4.48,
            "eps_growth_yearly": 3.29
        },
        "20151": {
            "year_quarter": 20151,
            "year": 2015,
            "quarter": 1,
            "eps": 1.4,
            "eps_growth_year": -7.89,
            "eps_4q": 5.41,
            "eps_4q_growth_year": -8.2,
            "roe": 5.76,
            "roe_4q": 25.25,
            "gross_profit": 8737874,
            "gross_margin": 29.4,
            "gross_margin_4q_avg": 32.01,
            "net_income": 3935034,
            "net_income_4q": null,
            "revenue": 29717570,
            "revenue_4q": null,
            "common_shares": 34208328,
            "book_valuer_per_share": 23.43,
            "book_valuer_per_share_4q_avg": 21.11,
            "equity": 70130088,
            "current_ratio": 59.32,
            "debt_ratio": 55.4,
            "inventory_turnover_ratio": 6.49,
            "account_receivable_turnover_ratio": 1.98,
            "reinvestment_rate": 10.84,
            "research_to_sale_ratio": null,
            "price_fair": 103.19,
            "eps_avg_yearly": 5.48,
            "eps_latest_yearly": 5.6,
            "eps_growth_yearly": 8.84
        },
        "20152": {
            "year_quarter": 20152,
            "year": 2015,
            "quarter": 2,
            "eps": 1.45,
            "eps_growth_year": -5.84,
            "eps_4q": 5.34,
            "eps_4q_growth_year": -10.39,
            "roe": 6.35,
            "roe_4q": 24.35,
            "gross_profit": 9270684,
            "gross_margin": 32.73,
            "gross_margin_4q_avg": 31.28,
            "net_income": 4068035,
            "net_income_4q": null,
            "revenue": 28326891,
            "revenue_4q": null,
            "common_shares": 34208328,
            "book_valuer_per_share": 19.17,
            "book_valuer_per_share_4q_avg": 21.21,
            "equity": 57978155,
            "current_ratio": 46.25,
            "debt_ratio": 62.96,
            "inventory_turnover_ratio": 6.17,
            "account_receivable_turnover_ratio": 1.87,
            "reinvestment_rate": 14,
            "research_to_sale_ratio": null,
            "price_fair": 101.95,
            "eps_avg_yearly": 5.55,
            "eps_latest_yearly": 5.8,
            "eps_growth_yearly": 8.37
        },
        "20153": {
            "year_quarter": 20153,
            "year": 2015,
            "quarter": 3,
            "eps": 1.53,
            "eps_growth_year": 10.07,
            "eps_4q": 5.5,
            "eps_4q_growth_year": -4.62,
            "roe": 7.15,
            "roe_4q": 24.419999999999998,
            "gross_profit": 9372909,
            "gross_margin": 34,
            "gross_margin_4q_avg": 31.27,
            "net_income": 4277235,
            "net_income_4q": null,
            "revenue": 27565863,
            "revenue_4q": null,
            "common_shares": 34208328,
            "book_valuer_per_share": 20.48,
            "book_valuer_per_share_4q_avg": 21.31,
            "equity": 61616826,
            "current_ratio": 48.24,
            "debt_ratio": 60.21,
            "inventory_turnover_ratio": 7.05,
            "account_receivable_turnover_ratio": 1.77,
            "reinvestment_rate": 13.89,
            "research_to_sale_ratio": null,
            "price_fair": 93.82,
            "eps_avg_yearly": 5.61,
            "eps_latest_yearly": 6.12,
            "eps_growth_yearly": 6.73
        },
        "20154": {
            "year_quarter": 20154,
            "year": 2015,
            "quarter": 4,
            "eps": 1.38,
            "eps_growth_year": 23.62,
            "eps_4q": 5.76,
            "eps_4q_growth_year": 4.54,
            "roe": 6.13,
            "roe_4q": 25.39,
            "gross_profit": 8977603,
            "gross_margin": 29.4,
            "gross_margin_4q_avg": 31.38,
            "net_income": 3887725,
            "net_income_4q": null,
            "revenue": 30533881,
            "revenue_4q": null,
            "common_shares": 34208328,
            "book_valuer_per_share": 21.88,
            "book_valuer_per_share_4q_avg": 21.24,
            "equity": 65291724,
            "current_ratio": 57.67,
            "debt_ratio": 58.17,
            "inventory_turnover_ratio": 6.71,
            "account_receivable_turnover_ratio": 1.93,
            "reinvestment_rate": 14.33,
            "research_to_sale_ratio": null,
            "price_fair": 88.21,
            "eps_avg_yearly": 5.65,
            "eps_latest_yearly": 5.52,
            "eps_growth_yearly": 5.63
        },
        "20161": {
            "year_quarter": 20161,
            "year": 2016,
            "quarter": 1,
            "eps": 1.39,
            "eps_growth_year": -0.71,
            "eps_4q": 5.75,
            "eps_4q_growth_year": 6.19,
            "roe": 5.84,
            "roe_4q": 25.47,
            "gross_profit": 9517179,
            "gross_margin": 32.59,
            "gross_margin_4q_avg": 32.18,
            "net_income": 3941483,
            "net_income_4q": null,
            "revenue": 29198897,
            "revenue_4q": null,
            "common_shares": 34208328,
            "book_valuer_per_share": 23.42,
            "book_valuer_per_share_4q_avg": 21.24,
            "equity": 69660336,
            "current_ratio": 66.13,
            "debt_ratio": 54.69,
            "inventory_turnover_ratio": 5.65,
            "account_receivable_turnover_ratio": 1.86,
            "reinvestment_rate": 14.71,
            "research_to_sale_ratio": null,
            "price_fair": 87.48,
            "eps_avg_yearly": 5.68,
            "eps_latest_yearly": 5.56,
            "eps_growth_yearly": 5.4
        },
        "20162": {
            "year_quarter": 20162,
            "year": 2016,
            "quarter": 2,
            "eps": 1.51,
            "eps_growth_year": 4.14,
            "eps_4q": 5.81,
            "eps_4q_growth_year": 8.75,
            "roe": 6.67,
            "roe_4q": 25.79,
            "gross_profit": 9635475,
            "gross_margin": 33.88,
            "gross_margin_4q_avg": 32.47,
            "net_income": 4259117,
            "net_income_4q": null,
            "revenue": 28442029,
            "revenue_4q": null,
            "common_shares": 34208328,
            "book_valuer_per_share": 19.3,
            "book_valuer_per_share_4q_avg": 21.27,
            "equity": 58020406,
            "current_ratio": 58.25,
            "debt_ratio": 61.95,
            "inventory_turnover_ratio": 6.67,
            "account_receivable_turnover_ratio": 1.8,
            "reinvestment_rate": 15.19,
            "research_to_sale_ratio": null,
            "price_fair": 77.22,
            "eps_avg_yearly": 5.7,
            "eps_latest_yearly": 6.04,
            "eps_growth_yearly": 3.56
        },
        "20163": {
            "year_quarter": 20163,
            "year": 2016,
            "quarter": 3,
            "eps": 1.46,
            "eps_growth_year": -4.58,
            "eps_4q": 5.75,
            "eps_4q_growth_year": 4.54,
            "roe": 6.85,
            "roe_4q": 25.49,
            "gross_profit": 9420643,
            "gross_margin": 33.11,
            "gross_margin_4q_avg": 32.25,
            "net_income": 4126015,
            "net_income_4q": null,
            "revenue": 28448522,
            "revenue_4q": null,
            "common_shares": 34208328,
            "book_valuer_per_share": 20.9,
            "book_valuer_per_share_4q_avg": 21.38,
            "equity": 62500255,
            "current_ratio": 63.09,
            "debt_ratio": 58.68,
            "inventory_turnover_ratio": 6.56,
            "account_receivable_turnover_ratio": 1.8,
            "reinvestment_rate": 11.49,
            "research_to_sale_ratio": null,
            "price_fair": 72.53,
            "eps_avg_yearly": 5.7,
            "eps_latest_yearly": 5.84,
            "eps_growth_yearly": 2.73
        },
        "20164": {
            "year_quarter": 20164,
            "year": 2016,
            "quarter": 4,
            "eps": 1.26,
            "eps_growth_year": -8.66,
            "eps_4q": 5.63,
            "eps_4q_growth_year": -2.33,
            "roe": 5.6,
            "roe_4q": 24.959999999999997,
            "gross_profit": 9283683,
            "gross_margin": 30.38,
            "gross_margin_4q_avg": 32.49,
            "net_income": 3601828,
            "net_income_4q": null,
            "revenue": 30558050,
            "revenue_4q": null,
            "common_shares": 34208328,
            "book_valuer_per_share": 22.2,
            "book_valuer_per_share_4q_avg": 21.46,
            "equity": 66186535,
            "current_ratio": 89.87,
            "debt_ratio": 56.28,
            "inventory_turnover_ratio": 6.06,
            "account_receivable_turnover_ratio": 1.97,
            "reinvestment_rate": 8.36,
            "research_to_sale_ratio": null,
            "price_fair": 66.63,
            "eps_avg_yearly": 5.69,
            "eps_latest_yearly": 5.04,
            "eps_growth_yearly": 1.72
        },
        "20171": {
            "year_quarter": 20171,
            "year": 2017,
            "quarter": 1,
            "eps": 1.46,
            "eps_growth_year": 5.04,
            "eps_4q": 5.7,
            "eps_4q_growth_year": -0.88,
            "roe": 6.06,
            "roe_4q": 25.18,
            "gross_profit": 9204809,
            "gross_margin": 31.92,
            "gross_margin_4q_avg": 32.32,
            "net_income": 4141221,
            "net_income_4q": null,
            "revenue": 28840648,
            "revenue_4q": null,
            "common_shares": 34208328,
            "book_valuer_per_share": 23.72,
            "book_valuer_per_share_4q_avg": 21.53,
            "equity": 70480446,
            "current_ratio": 103.69,
            "debt_ratio": 52.61,
            "inventory_turnover_ratio": 4.98,
            "account_receivable_turnover_ratio": 1.91,
            "reinvestment_rate": 2.83,
            "research_to_sale_ratio": null,
            "price_fair": 77.39,
            "eps_avg_yearly": 5.7,
            "eps_latest_yearly": 5.84,
            "eps_growth_yearly": 3.59
        },
        "20172": {
            "year_quarter": 20172,
            "year": 2017,
            "quarter": 2,
            "eps": 1.4,
            "eps_growth_year": -7.28,
            "eps_4q": 5.59,
            "eps_4q_growth_year": -3.79,
            "roe": 6.23,
            "roe_4q": 24.740000000000002,
            "gross_profit": 8889133,
            "gross_margin": 31.97,
            "gross_margin_4q_avg": 31.85,
            "net_income": 4036572,
            "net_income_4q": null,
            "revenue": 27803886,
            "revenue_4q": null,
            "common_shares": 34208328,
            "book_valuer_per_share": 19.71,
            "book_valuer_per_share_4q_avg": 21.63,
            "equity": 59163685,
            "current_ratio": 62.24,
            "debt_ratio": 59.64,
            "inventory_turnover_ratio": 5.48,
            "account_receivable_turnover_ratio": 1.9,
            "reinvestment_rate": 5.55,
            "research_to_sale_ratio": null,
            "price_fair": 66.32,
            "eps_avg_yearly": 5.68,
            "eps_latest_yearly": 5.6,
            "eps_growth_yearly": 1.68
        },
        "20173": {
            "year_quarter": 20173,
            "year": 2017,
            "quarter": 3,
            "eps": 1.46,
            "eps_growth_year": 0,
            "eps_4q": 5.58,
            "eps_4q_growth_year": -2.91,
            "roe": 6.73,
            "roe_4q": 24.619999999999997,
            "gross_profit": 8958525,
            "gross_margin": 31.15,
            "gross_margin_4q_avg": 31.36,
            "net_income": 4112986,
            "net_income_4q": null,
            "revenue": 28763125,
            "revenue_4q": null,
            "common_shares": 34208328,
            "book_valuer_per_share": 21.08,
            "book_valuer_per_share_4q_avg": 21.68,
            "equity": 63055577,
            "current_ratio": 68.47,
            "debt_ratio": 56.93,
            "inventory_turnover_ratio": 6.35,
            "account_receivable_turnover_ratio": 1.97,
            "reinvestment_rate": 2.6,
            "research_to_sale_ratio": null,
            "price_fair": 56.48,
            "eps_avg_yearly": 5.65,
            "eps_latest_yearly": 5.84,
            "eps_growth_yearly": 0.88
        },
        "20174": {
            "year_quarter": 20174,
            "year": 2017,
            "quarter": 4,
            "eps": 0.9,
            "eps_growth_year": -29.04,
            "eps_4q": 5.21,
            "eps_4q_growth_year": -7.36,
            "roe": 4.13,
            "roe_4q": 23.15,
            "gross_profit": 8673524,
            "gross_margin": 27.31,
            "gross_margin_4q_avg": 30.59,
            "net_income": 2658008,
            "net_income_4q": null,
            "revenue": 31763448,
            "revenue_4q": null,
            "common_shares": 34208328,
            "book_valuer_per_share": 21.91,
            "book_valuer_per_share_4q_avg": 21.61,
            "equity": 65511601,
            "current_ratio": 57.28,
            "debt_ratio": 57.6,
            "inventory_turnover_ratio": 6.17,
            "account_receivable_turnover_ratio": 2.16,
            "reinvestment_rate": 0.79,
            "research_to_sale_ratio": null,
            "price_fair": 16.63,
            "eps_avg_yearly": 5.54,
            "eps_latest_yearly": 3.6,
            "eps_growth_yearly": -4.59
        },
        "20181": {
            "year_quarter": 20181,
            "year": 2018,
            "quarter": 1,
            "eps": 1.28,
            "eps_growth_year": -12.33,
            "eps_4q": 5.04,
            "eps_4q_growth_year": -11.58,
            "roe": 5.31,
            "roe_4q": 22.400000000000002,
            "gross_profit": 8924423,
            "gross_margin": 29.45,
            "gross_margin_4q_avg": 29.97,
            "net_income": 3663331,
            "net_income_4q": null,
            "revenue": 30306319,
            "revenue_4q": null,
            "common_shares": 34208328,
            "book_valuer_per_share": 24.41,
            "book_valuer_per_share_4q_avg": 21.78,
            "equity": 72508699,
            "current_ratio": 59.87,
            "debt_ratio": 53.3,
            "inventory_turnover_ratio": 5.14,
            "account_receivable_turnover_ratio": 2.7,
            "reinvestment_rate": -5.62,
            "research_to_sale_ratio": null,
            "price_fair": 66.75,
            "eps_avg_yearly": 5.48,
            "eps_latest_yearly": 5.12,
            "eps_growth_yearly": 2.17
        },
        "20182": {
            "year_quarter": 20182,
            "year": 2018,
            "quarter": 2,
            "eps": 1.39,
            "eps_growth_year": -0.71,
            "eps_4q": 5.03,
            "eps_4q_growth_year": -10.1,
            "roe": 6.07,
            "roe_4q": 22.24,
            "gross_profit": 8947768,
            "gross_margin": 31.35,
            "gross_margin_4q_avg": 29.82,
            "net_income": 4041721,
            "net_income_4q": null,
            "revenue": 28540108,
            "revenue_4q": null,
            "common_shares": 34208328,
            "book_valuer_per_share": 20.19,
            "book_valuer_per_share_4q_avg": 21.9,
            "equity": 60642591,
            "current_ratio": 61.19,
            "debt_ratio": 59.95,
            "inventory_turnover_ratio": 5.18,
            "account_receivable_turnover_ratio": 3.71,
            "reinvestment_rate": -10.56,
            "research_to_sale_ratio": null,
            "price_fair": 76.2,
            "eps_avg_yearly": 5.45,
            "eps_latest_yearly": 5.56,
            "eps_growth_yearly": 3.99
        },
        "20183": {
            "year_quarter": 20183,
            "year": 2018,
            "quarter": 3,
            "eps": 1.21,
            "eps_growth_year": -17.12,
            "eps_4q": 4.77,
            "eps_4q_growth_year": -14.47,
            "roe": 5.52,
            "roe_4q": 21.029999999999998,
            "gross_profit": 8140688,
            "gross_margin": 28.75,
            "gross_margin_4q_avg": 29.22,
            "net_income": 3453276,
            "net_income_4q": null,
            "revenue": 28319973,
            "revenue_4q": null,
            "common_shares": 34208328,
            "book_valuer_per_share": 21.53,
            "book_valuer_per_share_4q_avg": 22.01,
            "equity": 64477486,
            "current_ratio": 66.64,
            "debt_ratio": 56.27,
            "inventory_turnover_ratio": 5.89,
            "account_receivable_turnover_ratio": 3.68,
            "reinvestment_rate": -15.1,
            "research_to_sale_ratio": null,
            "price_fair": 71.24,
            "eps_avg_yearly": 5.4,
            "eps_latest_yearly": 4.84,
            "eps_growth_yearly": 3.19
        },
        "20184": {
            "year_quarter": 20184,
            "year": 2018,
            "quarter": 4,
            "eps": 1.13,
            "eps_growth_year": 26.44,
            "eps_4q": 5.01,
            "eps_4q_growth_year": -3.98,
            "roe": 5.02,
            "roe_4q": 21.919999999999998,
            "gross_profit": 8403715,
            "gross_margin": 26.62,
            "gross_margin_4q_avg": 29.04,
            "net_income": 3327440,
            "net_income_4q": null,
            "revenue": 31565928,
            "revenue_4q": null,
            "common_shares": 34208519,
            "book_valuer_per_share": 22.71,
            "book_valuer_per_share_4q_avg": 22.21,
            "equity": 67993696,
            "current_ratio": 69.4,
            "debt_ratio": 53.95,
            "inventory_turnover_ratio": 6.42,
            "account_receivable_turnover_ratio": 4.08,
            "reinvestment_rate": -20.13,
            "research_to_sale_ratio": null,
            "price_fair": 88.57,
            "eps_avg_yearly": 5.4,
            "eps_latest_yearly": 4.52,
            "eps_growth_yearly": 6.4
        },
        "20191": {
            "year_quarter": 20191,
            "year": 2019,
            "quarter": 1,
            "eps": 1.13,
            "eps_growth_year": -11.72,
            "eps_4q": 4.84,
            "eps_4q_growth_year": -3.95,
            "roe": 4.69,
            "roe_4q": 21.3,
            "gross_profit": 8191461,
            "gross_margin": 27.42,
            "gross_margin_4q_avg": 28.54,
            "net_income": 3298974,
            "net_income_4q": null,
            "revenue": 29872673,
            "revenue_4q": null,
            "common_shares": 34238338,
            "book_valuer_per_share": 24.25,
            "book_valuer_per_share_4q_avg": 22.17,
            "equity": 72680983,
            "current_ratio": 72.58,
            "debt_ratio": 53.17,
            "inventory_turnover_ratio": 5.48,
            "account_receivable_turnover_ratio": 3.99,
            "reinvestment_rate": -22.17,
            "research_to_sale_ratio": null,
            "price_fair": 53.35,
            "eps_avg_yearly": 5.34,
            "eps_latest_yearly": 4.52,
            "eps_growth_yearly": 0.15
        },
        "20192": {
            "year_quarter": 20192,
            "year": 2019,
            "quarter": 2,
            "eps": 1.16,
            "eps_growth_year": -16.55,
            "eps_4q": 4.56,
            "eps_4q_growth_year": -9.18,
            "roe": 4.94,
            "roe_4q": 20.17,
            "gross_profit": 8123954,
            "gross_margin": 27.43,
            "gross_margin_4q_avg": 27.56,
            "net_income": 3387510,
            "net_income_4q": null,
            "revenue": 29614551,
            "revenue_4q": null,
            "common_shares": 34335243,
            "book_valuer_per_share": 21.15,
            "book_valuer_per_share_4q_avg": 22.41,
            "equity": 64420929,
            "current_ratio": 54.45,
            "debt_ratio": 58.06,
            "inventory_turnover_ratio": 5.35,
            "account_receivable_turnover_ratio": 3.99,
            "reinvestment_rate": -24.49,
            "research_to_sale_ratio": null,
            "price_fair": 15.79,
            "eps_avg_yearly": 5.26,
            "eps_latest_yearly": 4.64,
            "eps_growth_yearly": -0.08
        },
        "20193": {
            "year_quarter": 20193,
            "year": 2019,
            "quarter": 3,
            "eps": 1.17,
            "eps_growth_year": -3.31,
            "eps_4q": 4.51,
            "eps_4q_growth_year": -5.48,
            "roe": 5.1,
            "roe_4q": 19.75,
            "gross_profit": 8134017,
            "gross_margin": 26.39,
            "gross_margin_4q_avg": 26.97,
            "net_income": 3412044,
            "net_income_4q": null,
            "revenue": 30825915,
            "revenue_4q": null,
            "common_shares": 34679531,
            "book_valuer_per_share": 22.66,
            "book_valuer_per_share_4q_avg": 22.69,
            "equity": 69403375,
            "current_ratio": 65,
            "debt_ratio": 56.3,
            "inventory_turnover_ratio": 5.17,
            "account_receivable_turnover_ratio": 4.04,
            "reinvestment_rate": -24.46,
            "research_to_sale_ratio": null,
            "price_fair": 15.52,
            "eps_avg_yearly": 5.17,
            "eps_latest_yearly": 4.68,
            "eps_growth_yearly": -1.25
        },
        "20194": {
            "year_quarter": 20194,
            "year": 2019,
            "quarter": 4,
            "eps": 1.05,
            "eps_growth_year": -7.42,
            "eps_4q": 4.44,
            "eps_4q_growth_year": -11.29,
            "roe": 4.45,
            "roe_4q": 19.180000000000003,
            "gross_profit": 8359303,
            "gross_margin": 24.51,
            "gross_margin_4q_avg": 26.44,
            "net_income": 3193339,
            "net_income_4q": null,
            "revenue": 34107774,
            "revenue_4q": null,
            "common_shares": 34959441,
            "book_valuer_per_share": 24.2,
            "book_valuer_per_share_4q_avg": 23.07,
            "equity": 74176275,
            "current_ratio": 67.17,
            "debt_ratio": 51.81,
            "inventory_turnover_ratio": 4.96,
            "account_receivable_turnover_ratio": 4.38,
            "reinvestment_rate": -26.15,
            "research_to_sale_ratio": null,
            "price_fair": 15.27,
            "eps_avg_yearly": 5.09,
            "eps_latest_yearly": 4.2,
            "eps_growth_yearly": -1.36
        },
        "20201": {
            "year_quarter": 20201,
            "year": 2020,
            "quarter": 1,
            "eps": 1.18,
            "eps_growth_year": 4.42,
            "eps_4q": 4.53,
            "eps_4q_growth_year": -6.43,
            "roe": 4.74,
            "roe_4q": 19.23,
            "gross_profit": 8271226,
            "gross_margin": 25.97,
            "gross_margin_4q_avg": 26.08,
            "net_income": 3564516,
            "net_income_4q": null,
            "revenue": 31852679,
            "revenue_4q": null,
            "common_shares": 35093545,
            "book_valuer_per_share": 24.83,
            "book_valuer_per_share_4q_avg": 23.21,
            "equity": 76176346,
            "current_ratio": 59.47,
            "debt_ratio": 57.38,
            "inventory_turnover_ratio": 5,
            "account_receivable_turnover_ratio": 4.22,
            "reinvestment_rate": -27.27,
            "research_to_sale_ratio": 0.16,
            "price_fair": 58.2,
            "eps_avg_yearly": 5.04,
            "eps_latest_yearly": 4.72,
            "eps_growth_yearly": 1.55
        },
        "20202": {
            "year_quarter": 20202,
            "year": 2020,
            "quarter": 2,
            "eps": 1.08,
            "eps_growth_year": -6.9,
            "eps_4q": 4.47,
            "eps_4q_growth_year": -2.05,
            "roe": 4.65,
            "roe_4q": 18.939999999999998,
            "gross_profit": 7932654,
            "gross_margin": 25.31,
            "gross_margin_4q_avg": 25.55,
            "net_income": 3314921,
            "net_income_4q": null,
            "revenue": 31341639,
            "revenue_4q": null,
            "common_shares": 35093765,
            "book_valuer_per_share": 21.52,
            "book_valuer_per_share_4q_avg": 23.3,
            "equity": 66498418,
            "current_ratio": 50.29,
            "debt_ratio": 62.51,
            "inventory_turnover_ratio": 6.25,
            "account_receivable_turnover_ratio": 4.23,
            "reinvestment_rate": -26.47,
            "research_to_sale_ratio": 0.17,
            "price_fair": 14.79,
            "eps_avg_yearly": 4.93,
            "eps_latest_yearly": 4.32,
            "eps_growth_yearly": -2.72
        },
        "20203": {
            "year_quarter": 20203,
            "year": 2020,
            "quarter": 3,
            "eps": 1.01,
            "eps_growth_year": -13.68,
            "eps_4q": 4.31,
            "eps_4q_growth_year": -4.43,
            "roe": 4.5,
            "roe_4q": 18.34,
            "gross_profit": 7518780,
            "gross_margin": 24.07,
            "gross_margin_4q_avg": 24.97,
            "net_income": 3063865,
            "net_income_4q": null,
            "revenue": 31242977,
            "revenue_4q": null,
            "common_shares": 35093765,
            "book_valuer_per_share": 22.51,
            "book_valuer_per_share_4q_avg": 23.27,
            "equity": 69619369,
            "current_ratio": 50.95,
            "debt_ratio": 61.48,
            "inventory_turnover_ratio": 5.51,
            "account_receivable_turnover_ratio": 4.17,
            "reinvestment_rate": -17.3,
            "research_to_sale_ratio": 0.17,
            "price_fair": 14.45,
            "eps_avg_yearly": 4.82,
            "eps_latest_yearly": 4.04,
            "eps_growth_yearly": -3.52
        },
        "20204": {
            "year_quarter": 20204,
            "year": 2020,
            "quarter": 4,
            "eps": 0.75,
            "eps_growth_year": -28.73,
            "eps_4q": 4.01,
            "eps_4q_growth_year": -9.67,
            "roe": 3.46,
            "roe_4q": 17.35,
            "gross_profit": 7723076,
            "gross_margin": 20.1,
            "gross_margin_4q_avg": 23.86,
            "net_income": 2450476,
            "net_income_4q": null,
            "revenue": 38423689,
            "revenue_4q": null,
            "common_shares": 35124215,
            "book_valuer_per_share": 23.23,
            "book_valuer_per_share_4q_avg": 23.02,
            "equity": 71990212,
            "current_ratio": 54.83,
            "debt_ratio": 61,
            "inventory_turnover_ratio": 5.76,
            "account_receivable_turnover_ratio": 5.03,
            "reinvestment_rate": -6.55,
            "research_to_sale_ratio": 0.15,
            "price_fair": 14.07,
            "eps_avg_yearly": 4.69,
            "eps_latest_yearly": 3,
            "eps_growth_yearly": -6.53
        },
        "20211": {
            "year_quarter": 20211,
            "year": 2021,
            "quarter": 1,
            "eps": 1.01,
            "eps_growth_year": -14.41,
            "eps_4q": 3.84,
            "eps_4q_growth_year": -15.18,
            "roe": 4.43,
            "roe_4q": 17.04,
            "gross_profit": 7441342,
            "gross_margin": 21.07,
            "gross_margin_4q_avg": 22.64,
            "net_income": 3266845,
            "net_income_4q": null,
            "revenue": 35312590,
            "revenue_4q": null,
            "common_shares": 35124215,
            "book_valuer_per_share": 24.29,
            "book_valuer_per_share_4q_avg": 22.89,
            "equity": 75388635,
            "current_ratio": 57.25,
            "debt_ratio": 59.25,
            "inventory_turnover_ratio": 5.35,
            "account_receivable_turnover_ratio": 4.74,
            "reinvestment_rate": -4.74,
            "research_to_sale_ratio": 0.16,
            "price_fair": 13.73,
            "eps_avg_yearly": 4.58,
            "eps_latest_yearly": 4.04,
            "eps_growth_yearly": -1.83
        },
        "20212": {
            "year_quarter": 20212,
            "year": 2021,
            "quarter": 2,
            "eps": 1.01,
            "eps_growth_year": -6.48,
            "eps_4q": 3.77,
            "eps_4q_growth_year": -15.77,
            "roe": 4.71,
            "roe_4q": 17.1,
            "gross_profit": 7974156,
            "gross_margin": 20.75,
            "gross_margin_4q_avg": 21.5,
            "net_income": 3335444,
            "net_income_4q": null,
            "revenue": 38421194,
            "revenue_4q": null,
            "common_shares": 35124215,
            "book_valuer_per_share": 21.16,
            "book_valuer_per_share_4q_avg": 22.8,
            "equity": 66298825,
            "current_ratio": 52.36,
            "debt_ratio": 64.91,
            "inventory_turnover_ratio": 7.09,
            "account_receivable_turnover_ratio": 5.27,
            "reinvestment_rate": -7.15,
            "research_to_sale_ratio": 0.16,
            "price_fair": 13.44,
            "eps_avg_yearly": 4.48,
            "eps_latest_yearly": 4.04,
            "eps_growth_yearly": -0.8
        },
        "20213": {
            "year_quarter": 20213,
            "year": 2021,
            "quarter": 3,
            "eps": 1,
            "eps_growth_year": -0.99,
            "eps_4q": 3.77,
            "eps_4q_growth_year": -12.54,
            "roe": 4.76,
            "roe_4q": 17.36,
            "gross_profit": 7813712,
            "gross_margin": 20.9,
            "gross_margin_4q_avg": 20.71,
            "net_income": 3230161,
            "net_income_4q": null,
            "revenue": 37389642,
            "revenue_4q": null,
            "common_shares": 35124215,
            "book_valuer_per_share": 22.17,
            "book_valuer_per_share_4q_avg": 22.71,
            "equity": 69562531,
            "current_ratio": 56.55,
            "debt_ratio": 62.9,
            "inventory_turnover_ratio": 5.8,
            "account_receivable_turnover_ratio": 4.98,
            "reinvestment_rate": -5.95,
            "research_to_sale_ratio": 0.16,
            "price_fair": 13.1,
            "eps_avg_yearly": 4.37,
            "eps_latest_yearly": 4,
            "eps_growth_yearly": -2.12
        },
        "20214": {
            "year_quarter": 20214,
            "year": 2021,
            "quarter": 4,
            "eps": 0.88,
            "eps_growth_year": 17.43,
            "eps_4q": 3.9,
            "eps_4q_growth_year": -2.88,
            "roe": 4.19,
            "roe_4q": 18.09,
            "gross_profit": 8145387,
            "gross_margin": 18.11,
            "gross_margin_4q_avg": 20.21,
            "net_income": 2992759,
            "net_income_4q": null,
            "revenue": 44986107,
            "revenue_4q": null,
            "common_shares": 35135201,
            "book_valuer_per_share": 23.23,
            "book_valuer_per_share_4q_avg": 22.71,
            "equity": 73276998,
            "current_ratio": 64.98,
            "debt_ratio": 61.63,
            "inventory_turnover_ratio": 5.8,
            "account_receivable_turnover_ratio": 5.88,
            "reinvestment_rate": -4.25,
            "research_to_sale_ratio": 0.14,
            "price_fair": 63.08,
            "eps_avg_yearly": 4.36,
            "eps_latest_yearly": 3.52,
            "eps_growth_yearly": 4.47
        },
        "20221": {
            "year_quarter": 20221,
            "year": 2022,
            "quarter": 1,
            "eps": 0.97,
            "eps_growth_year": -3.96,
            "eps_4q": 3.86,
            "eps_4q_growth_year": 0.44,
            "roe": 4.26,
            "roe_4q": 17.919999999999998,
            "gross_profit": 7988973,
            "gross_margin": 20.08,
            "gross_margin_4q_avg": 19.96,
            "net_income": 3189451,
            "net_income_4q": null,
            "revenue": 39787793,
            "revenue_4q": null,
            "common_shares": 35192336,
            "book_valuer_per_share": 24.15,
            "book_valuer_per_share_4q_avg": 22.68,
            "equity": 76338715,
            "current_ratio": 68.18,
            "debt_ratio": 59.7,
            "inventory_turnover_ratio": 5.1,
            "account_receivable_turnover_ratio": 5.13,
            "reinvestment_rate": 8.04,
            "research_to_sale_ratio": 0.16,
            "price_fair": 12.85,
            "eps_avg_yearly": 4.28,
            "eps_latest_yearly": 3.88,
            "eps_growth_yearly": -3.53
        },
        "20222": {
            "year_quarter": 20222,
            "year": 2022,
            "quarter": 2,
            "eps": 1.06,
            "eps_growth_year": 4.95,
            "eps_4q": 3.91,
            "eps_4q_growth_year": 3.86,
            "roe": 4.87,
            "roe_4q": 18.08,
            "gross_profit": 8307741,
            "gross_margin": 20.09,
            "gross_margin_4q_avg": 19.8,
            "net_income": 3462877,
            "net_income_4q": null,
            "revenue": 41348937,
            "revenue_4q": null,
            "common_shares": 35192336,
            "book_valuer_per_share": 20.76,
            "book_valuer_per_share_4q_avg": 22.58,
            "equity": 65945607,
            "current_ratio": 54.75,
            "debt_ratio": 65.53,
            "inventory_turnover_ratio": 5.68,
            "account_receivable_turnover_ratio": 5.3,
            "reinvestment_rate": 11.51,
            "research_to_sale_ratio": 0.22,
            "price_fair": 12.6,
            "eps_avg_yearly": 4.2,
            "eps_latest_yearly": 4.24,
            "eps_growth_yearly": -3.36
        },
        "20223": {
            "year_quarter": 20223,
            "year": 2022,
            "quarter": 3,
            "eps": 1,
            "eps_growth_year": 0,
            "eps_4q": 3.91,
            "eps_4q_growth_year": 3.74,
            "roe": 4.84,
            "roe_4q": 18.16,
            "gross_profit": 7966630,
            "gross_margin": 19.69,
            "gross_margin_4q_avg": 19.49,
            "net_income": 3271238,
            "net_income_4q": null,
            "revenue": 40468193,
            "revenue_4q": null,
            "common_shares": 35192336,
            "book_valuer_per_share": 21.8,
            "book_valuer_per_share_4q_avg": 22.49,
            "equity": 69308390,
            "current_ratio": 56.25,
            "debt_ratio": 63.34,
            "inventory_turnover_ratio": 4.98,
            "account_receivable_turnover_ratio": 5.16,
            "reinvestment_rate": 13.4,
            "research_to_sale_ratio": 0.28,
            "price_fair": 12.44,
            "eps_avg_yearly": 4.15,
            "eps_latest_yearly": 4,
            "eps_growth_yearly": -1.54
        },
        "20224": {
            "year_quarter": 20224,
            "year": 2022,
            "quarter": 4,
            "eps": 0.88,
            "eps_growth_year": -0.36,
            "eps_4q": 3.91,
            "eps_4q_growth_year": 0.34,
            "roe": 4.29,
            "roe_4q": 18.259999999999998,
            "gross_profit": 8961878,
            "gross_margin": 17.71,
            "gross_margin_4q_avg": 19.39,
            "net_income": 3047846,
            "net_income_4q": null,
            "revenue": 50601189,
            "revenue_4q": null,
            "common_shares": 35192336,
            "book_valuer_per_share": 22.86,
            "book_valuer_per_share_4q_avg": 22.39,
            "equity": 72850780,
            "current_ratio": 59.57,
            "debt_ratio": 62.27,
            "inventory_turnover_ratio": 5.36,
            "account_receivable_turnover_ratio": 6.27,
            "reinvestment_rate": 15.14,
            "research_to_sale_ratio": 0.24,
            "price_fair": 12.26,
            "eps_avg_yearly": 4.09,
            "eps_latest_yearly": 3.52,
            "eps_growth_yearly": -2.88
        },
        "20231": {
            "year_quarter": 20231,
            "year": 2023,
            "quarter": 1,
            "eps": 0.96,
            "eps_growth_year": -1.03,
            "eps_4q": 3.91,
            "eps_4q_growth_year": 1.27,
            "roe": 4.32,
            "roe_4q": 18.32,
            "gross_profit": 8405195,
            "gross_margin": 19.54,
            "gross_margin_4q_avg": 19.26,
            "net_income": 3217367,
            "net_income_4q": null,
            "revenue": 43015338,
            "revenue_4q": null,
            "common_shares": 35192336,
            "book_valuer_per_share": 23.85,
            "book_valuer_per_share_4q_avg": 22.32,
            "equity": 76128225,
            "current_ratio": 62.94,
            "debt_ratio": 60.24,
            "inventory_turnover_ratio": 4.33,
            "account_receivable_turnover_ratio": 5.21,
            "reinvestment_rate": 17.43,
            "research_to_sale_ratio": 0.27,
            "price_fair": 12.13,
            "eps_avg_yearly": 4.04,
            "eps_latest_yearly": 3.84,
            "eps_growth_yearly": -0.61
        },
        "20232": {
            "year_quarter": 20232,
            "year": 2023,
            "quarter": 2,
            "eps": 1.08,
            "eps_growth_year": 1.89,
            "eps_4q": 3.92,
            "eps_4q_growth_year": 0.24,
            "roe": 4.95,
            "roe_4q": 18.4,
            "gross_profit": 8644240,
            "gross_margin": 19.85,
            "gross_margin_4q_avg": 19.2,
            "net_income": 3513514,
            "net_income_4q": null,
            "revenue": 43546319,
            "revenue_4q": null,
            "common_shares": 35192336,
            "book_valuer_per_share": 20.71,
            "book_valuer_per_share_4q_avg": 22.31,
            "equity": 65888426,
            "current_ratio": 57.46,
            "debt_ratio": 64.65,
            "inventory_turnover_ratio": 4.8,
            "account_receivable_turnover_ratio": 5.29,
            "reinvestment_rate": 16.98,
            "research_to_sale_ratio": 0.28,
            "price_fair": 47.67,
            "eps_avg_yearly": 4.02,
            "eps_latest_yearly": 4.32,
            "eps_growth_yearly": 1.85
        },
        "20233": {
            "year_quarter": 20233,
            "year": 2023,
            "quarter": 3,
            "eps": 1.04,
            "eps_growth_year": 4,
            "eps_4q": 3.96,
            "eps_4q_growth_year": 1.12,
            "roe": 5.01,
            "roe_4q": 18.57,
            "gross_profit": 8447253,
            "gross_margin": 19.56,
            "gross_margin_4q_avg": 19.17,
            "net_income": 3368693,
            "net_income_4q": null,
            "revenue": 43187052,
            "revenue_4q": null,
            "common_shares": 35192336,
            "book_valuer_per_share": 21.52,
            "book_valuer_per_share_4q_avg": 22.24,
            "equity": 68586097,
            "current_ratio": 62.66,
            "debt_ratio": 63.43,
            "inventory_turnover_ratio": 4.94,
            "account_receivable_turnover_ratio": 5.23,
            "reinvestment_rate": 19.55,
            "research_to_sale_ratio": 0.3,
            "price_fair": 39.9,
            "eps_avg_yearly": 3.99,
            "eps_latest_yearly": 4.16,
            "eps_growth_yearly": 0.71
        }
    },
    "months": {
        "2002-08": {
            "month": "2002-08",
            "price": "38.16",
            "revenue": 3956714
        },
        "2002-09": {
            "month": "2002-09",
            "price": "35.83",
            "revenue": 3771106
        },
        "2002-10": {
            "month": "2002-10",
            "price": "30.52",
            "revenue": 3747671
        },
        "2002-11": {
            "month": "2002-11",
            "price": "28.36",
            "revenue": 3675698
        },
        "2002-12": {
            "month": "2002-12",
            "price": "27.65",
            "revenue": 3889868
        },
        "2003-01": {
            "month": "2003-01",
            "price": "27.61",
            "revenue": 3926143
        },
        "2003-02": {
            "month": "2003-02",
            "price": "26.06",
            "revenue": 3606416
        },
        "2003-03": {
            "month": "2003-03",
            "price": "24.46",
            "revenue": 3883003
        },
        "2003-04": {
            "month": "2003-04",
            "price": "23.67",
            "revenue": 3772118
        },
        "2003-05": {
            "month": "2003-05",
            "price": "23.87",
            "revenue": 3932170
        },
        "2003-06": {
            "month": "2003-06",
            "price": "25.64",
            "revenue": 3852038
        },
        "2003-07": {
            "month": "2003-07",
            "price": "25.83",
            "revenue": 4045750
        },
        "2003-08": {
            "month": "2003-08",
            "price": "25.91",
            "revenue": 4122196
        },
        "2003-09": {
            "month": "2003-09",
            "price": "25.55",
            "revenue": 4139379
        },
        "2003-10": {
            "month": "2003-10",
            "price": "29.88",
            "revenue": 3856737
        },
        "2003-11": {
            "month": "2003-11",
            "price": "30.40",
            "revenue": 3660324
        },
        "2003-12": {
            "month": "2003-12",
            "price": "29.42",
            "revenue": 3917196
        },
        "2004-01": {
            "month": "2004-01",
            "price": "31.65",
            "revenue": 3774841
        },
        "2004-02": {
            "month": "2004-02",
            "price": "31.84",
            "revenue": 3514019
        },
        "2004-03": {
            "month": "2004-03",
            "price": "32.54",
            "revenue": 3731602
        },
        "2004-04": {
            "month": "2004-04",
            "price": "32.93",
            "revenue": 3620382
        },
        "2004-05": {
            "month": "2004-05",
            "price": "31.21",
            "revenue": 3770728
        },
        "2004-06": {
            "month": "2004-06",
            "price": "32.00",
            "revenue": 3678155
        },
        "2004-07": {
            "month": "2004-07",
            "price": "32.02",
            "revenue": 3908085
        },
        "2004-08": {
            "month": "2004-08",
            "price": "31.04",
            "revenue": 3861579
        },
        "2004-09": {
            "month": "2004-09",
            "price": "32.66",
            "revenue": 3804665
        },
        "2004-10": {
            "month": "2004-10",
            "price": "33.26",
            "revenue": 3811098
        },
        "2004-11": {
            "month": "2004-11",
            "price": "34.09",
            "revenue": 3734329
        },
        "2004-12": {
            "month": "2004-12",
            "price": "34.67",
            "revenue": 3876940
        },
        "2005-01": {
            "month": "2005-01",
            "price": "34.08",
            "revenue": 3819659
        },
        "2005-02": {
            "month": "2005-02",
            "price": "33.22",
            "revenue": 3567752
        },
        "2005-03": {
            "month": "2005-03",
            "price": "33.12",
            "revenue": 3987891
        },
        "2005-04": {
            "month": "2005-04",
            "price": "31.53",
            "revenue": 3885652
        },
        "2005-05": {
            "month": "2005-05",
            "price": "31.63",
            "revenue": 4000488
        },
        "2005-06": {
            "month": "2005-06",
            "price": "31.90",
            "revenue": 4032436
        },
        "2005-07": {
            "month": "2005-07",
            "price": "31.65",
            "revenue": 4192177
        },
        "2005-08": {
            "month": "2005-08",
            "price": "31.07",
            "revenue": 5188199
        },
        "2005-09": {
            "month": "2005-09",
            "price": "29.76",
            "revenue": 5099313
        },
        "2005-10": {
            "month": "2005-10",
            "price": "28.51",
            "revenue": 5013109
        },
        "2005-11": {
            "month": "2005-11",
            "price": "28.74",
            "revenue": 4826236
        },
        "2005-12": {
            "month": "2005-12",
            "price": "28.99",
            "revenue": 4946992
        },
        "2006-01": {
            "month": "2006-01",
            "price": "28.73",
            "revenue": 5027995
        },
        "2006-02": {
            "month": "2006-02",
            "price": "29.84",
            "revenue": 4492688
        },
        "2006-03": {
            "month": "2006-03",
            "price": "30.35",
            "revenue": 4991448
        },
        "2006-04": {
            "month": "2006-04",
            "price": "31.43",
            "revenue": 4805213
        },
        "2006-05": {
            "month": "2006-05",
            "price": "31.91",
            "revenue": 4949421
        },
        "2006-06": {
            "month": "2006-06",
            "price": "31.09",
            "revenue": 4935507
        },
        "2006-07": {
            "month": "2006-07",
            "price": "30.82",
            "revenue": 5005438
        },
        "2006-08": {
            "month": "2006-08",
            "price": "30.24",
            "revenue": 4981905
        },
        "2006-09": {
            "month": "2006-09",
            "price": "31.07",
            "revenue": 5039692
        },
        "2006-10": {
            "month": "2006-10",
            "price": "32.46",
            "revenue": 4898361
        },
        "2006-11": {
            "month": "2006-11",
            "price": "32.54",
            "revenue": 4710081
        },
        "2006-12": {
            "month": "2006-12",
            "price": "32.35",
            "revenue": 4919392
        },
        "2007-01": {
            "month": "2007-01",
            "price": "32.32",
            "revenue": 4897387
        },
        "2007-02": {
            "month": "2007-02",
            "price": "32.08",
            "revenue": 4622976
        },
        "2007-03": {
            "month": "2007-03",
            "price": "34.26",
            "revenue": 4963588
        },
        "2007-04": {
            "month": "2007-04",
            "price": "36.25",
            "revenue": 5216935
        },
        "2007-05": {
            "month": "2007-05",
            "price": "35.55",
            "revenue": 5780366
        },
        "2007-06": {
            "month": "2007-06",
            "price": "37.68",
            "revenue": 5692727
        },
        "2007-07": {
            "month": "2007-07",
            "price": "40.26",
            "revenue": 5850373
        },
        "2007-08": {
            "month": "2007-08",
            "price": "38.18",
            "revenue": 5830422
        },
        "2007-09": {
            "month": "2007-09",
            "price": "41.28",
            "revenue": 5928173
        },
        "2007-10": {
            "month": "2007-10",
            "price": "43.55",
            "revenue": 5855207
        },
        "2007-11": {
            "month": "2007-11",
            "price": "43.04",
            "revenue": 5664766
        },
        "2007-12": {
            "month": "2007-12",
            "price": "42.10",
            "revenue": 5807529
        },
        "2008-01": {
            "month": "2008-01",
            "price": "45.37",
            "revenue": 5831168
        },
        "2008-02": {
            "month": "2008-02",
            "price": "53.96",
            "revenue": 5614196
        },
        "2008-03": {
            "month": "2008-03",
            "price": "57.16",
            "revenue": 5799157
        },
        "2008-04": {
            "month": "2008-04",
            "price": "58.20",
            "revenue": 5696999
        },
        "2008-05": {
            "month": "2008-05",
            "price": "56.80",
            "revenue": 5902993
        },
        "2008-06": {
            "month": "2008-06",
            "price": "56.02",
            "revenue": 5904926
        },
        "2008-07": {
            "month": "2008-07",
            "price": "53.98",
            "revenue": 5975320
        },
        "2008-08": {
            "month": "2008-08",
            "price": "56.24",
            "revenue": 5877827
        },
        "2008-09": {
            "month": "2008-09",
            "price": "53.69",
            "revenue": 5754615
        },
        "2008-10": {
            "month": "2008-10",
            "price": "47.10",
            "revenue": 5819793
        },
        "2008-11": {
            "month": "2008-11",
            "price": "46.10",
            "revenue": 5468950
        },
        "2008-12": {
            "month": "2008-12",
            "price": "47.02",
            "revenue": 5718402
        },
        "2009-01": {
            "month": "2009-01",
            "price": "45.92",
            "revenue": 5764988
        },
        "2009-02": {
            "month": "2009-02",
            "price": "45.26",
            "revenue": 5452902
        },
        "2009-03": {
            "month": "2009-03",
            "price": "48.80",
            "revenue": 5667224
        },
        "2009-04": {
            "month": "2009-04",
            "price": "49.86",
            "revenue": 5645082
        },
        "2009-05": {
            "month": "2009-05",
            "price": "53.96",
            "revenue": 5668143
        },
        "2009-06": {
            "month": "2009-06",
            "price": "56.12",
            "revenue": 6033488
        },
        "2009-07": {
            "month": "2009-07",
            "price": "52.50",
            "revenue": 5859945
        },
        "2009-08": {
            "month": "2009-08",
            "price": "50.76",
            "revenue": 5844712
        },
        "2009-09": {
            "month": "2009-09",
            "price": "54.30",
            "revenue": 5653996
        },
        "2009-10": {
            "month": "2009-10",
            "price": "59.26",
            "revenue": 5648324
        },
        "2009-11": {
            "month": "2009-11",
            "price": "60.32",
            "revenue": 5494756
        },
        "2009-12": {
            "month": "2009-12",
            "price": "60.86",
            "revenue": 5736672
        },
        "2010-01": {
            "month": "2010-01",
            "price": "61.79",
            "revenue": 5673328
        },
        "2010-02": {
            "month": "2010-02",
            "price": "60.40",
            "revenue": 5517930
        },
        "2010-03": {
            "month": "2010-03",
            "price": "60.40",
            "revenue": 5893468
        },
        "2010-04": {
            "month": "2010-04",
            "price": "59.86",
            "revenue": 5778337
        },
        "2010-05": {
            "month": "2010-05",
            "price": "60.20",
            "revenue": 5919218
        },
        "2010-06": {
            "month": "2010-06",
            "price": "63.67",
            "revenue": 5752107
        },
        "2010-07": {
            "month": "2010-07",
            "price": "62.14",
            "revenue": 5905688
        },
        "2010-08": {
            "month": "2010-08",
            "price": "62.66",
            "revenue": 5872599
        },
        "2010-09": {
            "month": "2010-09",
            "price": "63.73",
            "revenue": 5933205
        },
        "2010-10": {
            "month": "2010-10",
            "price": "65.87",
            "revenue": 5906570
        },
        "2010-11": {
            "month": "2010-11",
            "price": "68.26",
            "revenue": 5937785
        },
        "2010-12": {
            "month": "2010-12",
            "price": "68.33",
            "revenue": 6055769
        },
        "2011-01": {
            "month": "2011-01",
            "price": "68.38",
            "revenue": 6106813
        },
        "2011-02": {
            "month": "2011-02",
            "price": "67.05",
            "revenue": 5822411
        },
        "2011-03": {
            "month": "2011-03",
            "price": "68.15",
            "revenue": 6292959
        },
        "2011-04": {
            "month": "2011-04",
            "price": "72.42",
            "revenue": 5895882
        },
        "2011-05": {
            "month": "2011-05",
            "price": "74.60",
            "revenue": 6057984
        },
        "2011-06": {
            "month": "2011-06",
            "price": "81.25",
            "revenue": 6020791
        },
        "2011-07": {
            "month": "2011-07",
            "price": "76.54",
            "revenue": 6895654
        },
        "2011-08": {
            "month": "2011-08",
            "price": "78.08",
            "revenue": 7495391
        },
        "2011-09": {
            "month": "2011-09",
            "price": "77.52",
            "revenue": 7338079
        },
        "2011-10": {
            "month": "2011-10",
            "price": "84.78",
            "revenue": 7550265
        },
        "2011-11": {
            "month": "2011-11",
            "price": "92.33",
            "revenue": 7506597
        },
        "2011-12": {
            "month": "2011-12",
            "price": "94.30",
            "revenue": 8386357
        },
        "2012-01": {
            "month": "2012-01",
            "price": "93.37",
            "revenue": 8330112
        },
        "2012-02": {
            "month": "2012-02",
            "price": "88.65",
            "revenue": 7697480
        },
        "2012-03": {
            "month": "2012-03",
            "price": "88.88",
            "revenue": 7966322
        },
        "2012-04": {
            "month": "2012-04",
            "price": "90.54",
            "revenue": 7684402
        },
        "2012-05": {
            "month": "2012-05",
            "price": "95.45",
            "revenue": 8003035
        },
        "2012-06": {
            "month": "2012-06",
            "price": "94.30",
            "revenue": 8034223
        },
        "2012-07": {
            "month": "2012-07",
            "price": "97.03",
            "revenue": 8279857
        },
        "2012-08": {
            "month": "2012-08",
            "price": "106.73",
            "revenue": 8314825
        },
        "2012-09": {
            "month": "2012-09",
            "price": "106.60",
            "revenue": 7916050
        },
        "2012-10": {
            "month": "2012-10",
            "price": "107.09",
            "revenue": 8257631
        },
        "2012-11": {
            "month": "2012-11",
            "price": "103.43",
            "revenue": 8202507
        },
        "2012-12": {
            "month": "2012-12",
            "price": "105.29",
            "revenue": 9454510
        },
        "2013-01": {
            "month": "2013-01",
            "price": "105.95",
            "revenue": 9327533
        },
        "2013-02": {
            "month": "2013-02",
            "price": "104.42",
            "revenue": 8532905
        },
        "2013-03": {
            "month": "2013-03",
            "price": "102.86",
            "revenue": 8696629
        },
        "2013-04": {
            "month": "2013-04",
            "price": "102.92",
            "revenue": 8658001
        },
        "2013-05": {
            "month": "2013-05",
            "price": "112.16",
            "revenue": 9257869
        },
        "2013-06": {
            "month": "2013-06",
            "price": "110.55",
            "revenue": 8854439
        },
        "2013-07": {
            "month": "2013-07",
            "price": "111.57",
            "revenue": 9136468
        },
        "2013-08": {
            "month": "2013-08",
            "price": "107.48",
            "revenue": 9295409
        },
        "2013-09": {
            "month": "2013-09",
            "price": "106.02",
            "revenue": 8829633
        },
        "2013-10": {
            "month": "2013-10",
            "price": "97.56",
            "revenue": 9368178
        },
        "2013-11": {
            "month": "2013-11",
            "price": "96.50",
            "revenue": 9330387
        },
        "2013-12": {
            "month": "2013-12",
            "price": "96.11",
            "revenue": 9855916
        },
        "2014-01": {
            "month": "2014-01",
            "price": "93.62",
            "revenue": 9985285
        },
        "2014-02": {
            "month": "2014-02",
            "price": "88.87",
            "revenue": 8904276
        },
        "2014-03": {
            "month": "2014-03",
            "price": "91.85",
            "revenue": 8836913
        },
        "2014-04": {
            "month": "2014-04",
            "price": "96.12",
            "revenue": 9033770
        },
        "2014-05": {
            "month": "2014-05",
            "price": "97.51",
            "revenue": 9000175
        },
        "2014-06": {
            "month": "2014-06",
            "price": "98.48",
            "revenue": 8902294
        },
        "2014-07": {
            "month": "2014-07",
            "price": "91.40",
            "revenue": 9180588
        },
        "2014-08": {
            "month": "2014-08",
            "price": "94.20",
            "revenue": 9111669
        },
        "2014-09": {
            "month": "2014-09",
            "price": "90.85",
            "revenue": 9475358
        },
        "2014-10": {
            "month": "2014-10",
            "price": "95.11",
            "revenue": 10019750
        },
        "2014-11": {
            "month": "2014-11",
            "price": "97.94",
            "revenue": 10179109
        },
        "2014-12": {
            "month": "2014-12",
            "price": "99.88",
            "revenue": 9994692
        },
        "2015-01": {
            "month": "2015-01",
            "price": "106.50",
            "revenue": 10580220
        },
        "2015-02": {
            "month": "2015-02",
            "price": "107.08",
            "revenue": 9465650
        },
        "2015-03": {
            "month": "2015-03",
            "price": "109.34",
            "revenue": 9671700
        },
        "2015-04": {
            "month": "2015-04",
            "price": "107.82",
            "revenue": 9468146
        },
        "2015-05": {
            "month": "2015-05",
            "price": "107.68",
            "revenue": 9567163
        },
        "2015-06": {
            "month": "2015-06",
            "price": "104.95",
            "revenue": 9291582
        },
        "2015-07": {
            "month": "2015-07",
            "price": "102.20",
            "revenue": 9320398
        },
        "2015-08": {
            "month": "2015-08",
            "price": "101.15",
            "revenue": 9297734
        },
        "2015-09": {
            "month": "2015-09",
            "price": "101.00",
            "revenue": 8947731
        },
        "2015-10": {
            "month": "2015-10",
            "price": "101.60",
            "revenue": 10546133
        },
        "2015-11": {
            "month": "2015-11",
            "price": "100.77",
            "revenue": 10053818
        },
        "2015-12": {
            "month": "2015-12",
            "price": "98.37",
            "revenue": 9933930
        },
        "2016-01": {
            "month": "2016-01",
            "price": "98.56",
            "revenue": 10198591
        },
        "2016-02": {
            "month": "2016-02",
            "price": "100.78",
            "revenue": 9431313
        },
        "2016-03": {
            "month": "2016-03",
            "price": "103.63",
            "revenue": 9568993
        },
        "2016-04": {
            "month": "2016-04",
            "price": "105.58",
            "revenue": 9694468
        },
        "2016-05": {
            "month": "2016-05",
            "price": "110.10",
            "revenue": 9456801
        },
        "2016-06": {
            "month": "2016-06",
            "price": "113.24",
            "revenue": 9290760
        },
        "2016-07": {
            "month": "2016-07",
            "price": "112.00",
            "revenue": 9385161
        },
        "2016-08": {
            "month": "2016-08",
            "price": "113.22",
            "revenue": 9564220
        },
        "2016-09": {
            "month": "2016-09",
            "price": "112.87",
            "revenue": 9499141
        },
        "2016-10": {
            "month": "2016-10",
            "price": "111.70",
            "revenue": 9961061
        },
        "2016-11": {
            "month": "2016-11",
            "price": "107.30",
            "revenue": 10227894
        },
        "2016-12": {
            "month": "2016-12",
            "price": "103.93",
            "revenue": 10369095
        },
        "2017-01": {
            "month": "2017-01",
            "price": "106.16",
            "revenue": 9944482
        },
        "2017-02": {
            "month": "2017-02",
            "price": "105.78",
            "revenue": 9346722
        },
        "2017-03": {
            "month": "2017-03",
            "price": "110.17",
            "revenue": 9549444
        },
        "2017-04": {
            "month": "2017-04",
            "price": "112.39",
            "revenue": 9023767
        },
        "2017-05": {
            "month": "2017-05",
            "price": "113.28",
            "revenue": 9411535
        },
        "2017-06": {
            "month": "2017-06",
            "price": "113.63",
            "revenue": 9368584
        },
        "2017-07": {
            "month": "2017-07",
            "price": "109.24",
            "revenue": 9416503
        },
        "2017-08": {
            "month": "2017-08",
            "price": "107.63",
            "revenue": 9557810
        },
        "2017-09": {
            "month": "2017-09",
            "price": "107.43",
            "revenue": 9788812
        },
        "2017-10": {
            "month": "2017-10",
            "price": "107.68",
            "revenue": 9811909
        },
        "2017-11": {
            "month": "2017-11",
            "price": "107.43",
            "revenue": 11339032
        },
        "2017-12": {
            "month": "2017-12",
            "price": "107.00",
            "revenue": 10612507
        },
        "2018-01": {
            "month": "2018-01",
            "price": "110.14",
            "revenue": 10468049
        },
        "2018-02": {
            "month": "2018-02",
            "price": "107.88",
            "revenue": 9907387
        },
        "2018-03": {
            "month": "2018-03",
            "price": "107.17",
            "revenue": 9930883
        },
        "2018-04": {
            "month": "2018-04",
            "price": "109.61",
            "revenue": 9545404
        },
        "2018-05": {
            "month": "2018-05",
            "price": "108.82",
            "revenue": 10010294
        },
        "2018-06": {
            "month": "2018-06",
            "price": "110.35",
            "revenue": 8984410
        },
        "2018-07": {
            "month": "2018-07",
            "price": "106.91",
            "revenue": 9216973
        },
        "2018-08": {
            "month": "2018-08",
            "price": "106.13",
            "revenue": 9468495
        },
        "2018-09": {
            "month": "2018-09",
            "price": "108.58",
            "revenue": 9634505
        },
        "2018-10": {
            "month": "2018-10",
            "price": "108.75",
            "revenue": 9780213
        },
        "2018-11": {
            "month": "2018-11",
            "price": "109.48",
            "revenue": 11159288
        },
        "2018-12": {
            "month": "2018-12",
            "price": "107.52",
            "revenue": 10626427
        },
        "2019-01": {
            "month": "2019-01",
            "price": "108.29",
            "revenue": 10512677
        },
        "2019-02": {
            "month": "2019-02",
            "price": "108.96",
            "revenue": 9430726
        },
        "2019-03": {
            "month": "2019-03",
            "price": "110.28",
            "revenue": 9929270
        },
        "2019-04": {
            "month": "2019-04",
            "price": "111.60",
            "revenue": 9676041
        },
        "2019-05": {
            "month": "2019-05",
            "price": "115.57",
            "revenue": 10042694
        },
        "2019-06": {
            "month": "2019-06",
            "price": "120.42",
            "revenue": 9895816
        },
        "2019-07": {
            "month": "2019-07",
            "price": "113.59",
            "revenue": 10349704
        },
        "2019-08": {
            "month": "2019-08",
            "price": "110.21",
            "revenue": 10113813
        },
        "2019-09": {
            "month": "2019-09",
            "price": "113.08",
            "revenue": 10362398
        },
        "2019-10": {
            "month": "2019-10",
            "price": "113.38",
            "revenue": 10458468
        },
        "2019-11": {
            "month": "2019-11",
            "price": "115.45",
            "revenue": 12565310
        },
        "2019-12": {
            "month": "2019-12",
            "price": "113.73",
            "revenue": 11083996
        },
        "2020-01": {
            "month": "2020-01",
            "price": "109.27",
            "revenue": 10805501
        },
        "2020-02": {
            "month": "2020-02",
            "price": "107.68",
            "revenue": 10544639
        },
        "2020-03": {
            "month": "2020-03",
            "price": "102.86",
            "revenue": 10502539
        },
        "2020-04": {
            "month": "2020-04",
            "price": "105.10",
            "revenue": 9910400
        },
        "2020-05": {
            "month": "2020-05",
            "price": "107.45",
            "revenue": 10819041
        },
        "2020-06": {
            "month": "2020-06",
            "price": "107.72",
            "revenue": 10612198
        },
        "2020-07": {
            "month": "2020-07",
            "price": "110.70",
            "revenue": 10385701
        },
        "2020-08": {
            "month": "2020-08",
            "price": "103.02",
            "revenue": 10662570
        },
        "2020-09": {
            "month": "2020-09",
            "price": "99.35",
            "revenue": 10194706
        },
        "2020-10": {
            "month": "2020-10",
            "price": "96.84",
            "revenue": 10434304
        },
        "2020-11": {
            "month": "2020-11",
            "price": "99.08",
            "revenue": 15268849
        },
        "2020-12": {
            "month": "2020-12",
            "price": "98.56",
            "revenue": 12720536
        },
        "2021-01": {
            "month": "2021-01",
            "price": "98.23",
            "revenue": 12485995
        },
        "2021-02": {
            "month": "2021-02",
            "price": "96.97",
            "revenue": 11095511
        },
        "2021-03": {
            "month": "2021-03",
            "price": "98.26",
            "revenue": 11731084
        },
        "2021-04": {
            "month": "2021-04",
            "price": "99.58",
            "revenue": 11237224
        },
        "2021-05": {
            "month": "2021-05",
            "price": "99.75",
            "revenue": 13504749
        },
        "2021-06": {
            "month": "2021-06",
            "price": "101.90",
            "revenue": 13679221
        },
        "2021-07": {
            "month": "2021-07",
            "price": "102.86",
            "revenue": 12581487
        },
        "2021-08": {
            "month": "2021-08",
            "price": "103.59",
            "revenue": 12590601
        },
        "2021-09": {
            "month": "2021-09",
            "price": "99.11",
            "revenue": 12217554
        },
        "2021-10": {
            "month": "2021-10",
            "price": "98.57",
            "revenue": 12879130
        },
        "2021-11": {
            "month": "2021-11",
            "price": "99.00",
            "revenue": 18302911
        },
        "2021-12": {
            "month": "2021-12",
            "price": "98.91",
            "revenue": 13804066
        },
        "2022-01": {
            "month": "2022-01",
            "price": "100.08",
            "revenue": 14132830
        },
        "2022-02": {
            "month": "2022-02",
            "price": "103.93",
            "revenue": 12279928
        },
        "2022-03": {
            "month": "2022-03",
            "price": "105.67",
            "revenue": 13375035
        },
        "2022-04": {
            "month": "2022-04",
            "price": "107.00",
            "revenue": 12951974
        },
        "2022-05": {
            "month": "2022-05",
            "price": "107.02",
            "revenue": 14055702
        },
        "2022-06": {
            "month": "2022-06",
            "price": "107.88",
            "revenue": 14341261
        },
        "2022-07": {
            "month": "2022-07",
            "price": "103.55",
            "revenue": 13336886
        },
        "2022-08": {
            "month": "2022-08",
            "price": "100.96",
            "revenue": 13546599
        },
        "2022-09": {
            "month": "2022-09",
            "price": "97.42",
            "revenue": 13584708
        },
        "2022-10": {
            "month": "2022-10",
            "price": "93.52",
            "revenue": 14343423
        },
        "2022-11": {
            "month": "2022-11",
            "price": "93.67",
            "revenue": 20663032
        },
        "2022-12": {
            "month": "2022-12",
            "price": "94.66",
            "revenue": 15594734
        },
        "2023-01": {
            "month": "2023-01",
            "price": "95.98",
            "revenue": 14814979
        },
        "2023-02": {
            "month": "2023-02",
            "price": "96.09",
            "revenue": 13735483
        },
        "2023-03": {
            "month": "2023-03",
            "price": "98.77",
            "revenue": 14464876
        },
        "2023-04": {
            "month": "2023-04",
            "price": "103.47",
            "revenue": 13685917
        },
        "2023-05": {
            "month": "2023-05",
            "price": "103.61",
            "revenue": 14776841
        },
        "2023-06": {
            "month": "2023-06",
            "price": "102.16",
            "revenue": 15083561
        },
        "2023-07": {
            "month": "2023-07",
            "price": "94.30",
            "revenue": 14274764
        },
        "2023-08": {
            "month": "2023-08",
            "price": "93.87",
            "revenue": 14561723
        },
        "2023-09": {
            "month": "2023-09",
            "price": "94.30",
            "revenue": 14350565
        },
        "2023-10": {
            "month": "2023-10",
            "price": "94.95",
            "revenue": 14817542
        },
        "2023-11": {
            "month": "2023-11",
            "price": "97.83",
            "revenue": 21700687
        },
        "2023-12": {
            "month": "2023-12",
            "price": "98.61",
            "revenue": 17080887
        }
    }
}
