{
    "summary": {
        "stock_name": "建碁",
        "stock_id": "3046",
        "category": "電腦及週邊設備",
        "main_business": "電腦系統<br>其他電腦周邊產品",
        "website_url": "http://www.aopen.com",
        "ceo": "王博修",
        "pe_ratio": 20,
        "report_year_from": 2001,
        "report_year_to": 2023,
        "age": 23,
        "eps_negative_percentage": 52,
        "eps_growth_avg": {
            "last_all": -32.39,
            "last_2y": 24.37,
            "last_4y": 24.37,
            "last_8y": 24.37,
            "last_12y": -9.24,
            "last_16y": -19.17,
            "last_20y": -33.59,
            "at_2006_last_3y": -84.09,
            "at_2007_last_3y": -100,
            "at_2008_last_3y": -73.79,
            "at_2009_last_3y": -40.6,
            "at_2010_last_3y": -32.4,
            "at_2011_last_3y": -20.73,
            "at_2012_last_3y": -27.28,
            "at_2013_last_3y": -33.9,
            "at_2014_last_3y": -42.86,
            "at_2015_last_3y": -100,
            "at_2016_last_3y": null,
            "at_2017_last_3y": null,
            "at_2018_last_3y": null,
            "at_2019_last_3y": null,
            "at_2020_last_3y": null,
            "at_2021_last_3y": null,
            "at_2022_last_3y": 65.57,
            "at_2023_last_3y": 24.37,
            "at_2024_last_3y": 24.37,
            "at_2006_last_all": -63.25,
            "at_2007_last_all": -63.25,
            "at_2008_last_all": -65.89,
            "at_2009_last_all": -54.19,
            "at_2010_last_all": -47.83,
            "at_2011_last_all": -38.95,
            "at_2012_last_all": -46.58,
            "at_2013_last_all": -46.58,
            "at_2014_last_all": -46.58,
            "at_2015_last_all": -46.58,
            "at_2016_last_all": -46.58,
            "at_2017_last_all": -46.58,
            "at_2018_last_all": -46.58,
            "at_2019_last_all": -46.58,
            "at_2020_last_all": -46.58,
            "at_2021_last_all": -46.58,
            "at_2022_last_all": -34.12,
            "at_2023_last_all": -32.39,
            "at_2024_last_all": -32.39
        },
        "latest_eps": 3.24,
        "latest_price": 65.7,
        "latest_roe": 23.72,
        "latest_gross_margin": 6.87,
        "latest_equity": 1364694,
        "latest_revenue": 1675527,
        "latest_gross_profit": 115157,
        "latest_net_income": 67607,
        "latest_debt_ratio": 56.68,
        "latest_current_ratio": 160.96,
        "latest_account_receivable_turnover_ratio": 1.06,
        "latest_inventory_turnover_ratio": 12.92,
        "latest_reinvestment_rate": -30.95,
        "latest_research_to_sale_ratio": 0.26
    },
    "eps_dividends": {
        "2000": {
            "cash": 2,
            "stock": 3,
            "eps": 0
        },
        "2001": {
            "cash": 1.5,
            "stock": 3,
            "eps": 5.93
        },
        "2002": {
            "cash": 0,
            "stock": 0,
            "eps": 4.65
        },
        "2003": {
            "cash": 1.53,
            "stock": 1.02,
            "eps": 1.48
        },
        "2004": {
            "cash": 1.01,
            "stock": 0,
            "eps": -6.06
        },
        "2005": {
            "cash": 0,
            "stock": 0,
            "eps": -4.59
        },
        "2006": {
            "cash": 0,
            "stock": 0,
            "eps": -4.01
        },
        "2007": {
            "cash": 0,
            "stock": 0,
            "eps": 1.03
        },
        "2008": {
            "cash": 0,
            "stock": 0,
            "eps": 0.27
        },
        "2009": {
            "cash": 0,
            "stock": 0,
            "eps": 0.25
        },
        "2010": {
            "cash": 0,
            "stock": 0,
            "eps": 0.21
        },
        "2011": {
            "cash": 0,
            "stock": 0,
            "eps": 0.24
        },
        "2012": {
            "cash": 0,
            "stock": 0,
            "eps": -0.19
        },
        "2013": {
            "cash": 0,
            "stock": 0,
            "eps": -1.05
        },
        "2014": {
            "cash": 0,
            "stock": 0,
            "eps": -2.38
        },
        "2015": {
            "cash": 0,
            "stock": 0,
            "eps": -1.55
        },
        "2016": {
            "cash": 0,
            "stock": 0,
            "eps": -3.15
        },
        "2017": {
            "cash": 0,
            "stock": 0,
            "eps": -1.19
        },
        "2018": {
            "cash": 0,
            "stock": 0,
            "eps": -0.19
        },
        "2019": {
            "cash": 0.3,
            "stock": 0,
            "eps": -2.35
        },
        "2020": {
            "cash": 0,
            "stock": 0,
            "eps": -0.94
        },
        "2021": {
            "cash": 0,
            "stock": 0,
            "eps": 1.83
        },
        "2022": {
            "cash": 0,
            "stock": 0,
            "eps": 3.03
        },
        "2023": {
            "cash": 1.5,
            "stock": 0,
            "eps": 2.52
        }
    },
    "dividends": {
        "2000-05-26": {
            "cash": 2,
            "stock": 3
        },
        "2001-05-03": {
            "cash": 1.5,
            "stock": 3
        },
        "2003-03-25": {
            "cash": 1.53,
            "stock": 1.02
        },
        "2004-06-15": {
            "cash": 1.01,
            "stock": 0
        },
        "2019-09-05": {
            "cash": 0.3,
            "stock": 0
        },
        "2023-08-22": {
            "cash": 1.5,
            "stock": 0
        }
    },
    "prices": {
        "200101": "無",
        "200102": "無",
        "200103": "無",
        "200104": "無",
        "200105": "無",
        "200106": "無",
        "200107": "無",
        "200108": "無",
        "200109": "無",
        "200110": "無",
        "200111": "無",
        "200112": "無",
        "200201": "無",
        "200202": "無",
        "200203": "無",
        "200204": "無",
        "200205": "無",
        "200206": "無",
        "200207": "無",
        "200208": "83.20",
        "200209": "72.38",
        "200210": "60.01",
        "200211": "56.02",
        "200212": "49.82",
        "200301": "47.64",
        "200302": "42.51",
        "200303": "43.64",
        "200304": "44.30",
        "200305": "34.29",
        "200306": "41.30",
        "200307": "41.67",
        "200308": "37.13",
        "200309": "31.00",
        "200310": "29.42",
        "200311": "29.10",
        "200312": "29.28",
        "200401": "29.31",
        "200402": "31.11",
        "200403": "28.98",
        "200404": "25.91",
        "200405": "19.94",
        "200406": "17.92",
        "200407": "15.36",
        "200408": "13.44",
        "200409": "12.24",
        "200410": "11.06",
        "200411": "11.22",
        "200412": "11.69",
        "200501": "10.32",
        "200502": "10.42",
        "200503": "12.43",
        "200504": "11.75",
        "200505": "10.84",
        "200506": "13.36",
        "200507": "14.84",
        "200508": "13.31",
        "200509": "13.72",
        "200510": "10.42",
        "200511": "8.63",
        "200512": "10.22",
        "200601": "11.73",
        "200602": "11.39",
        "200603": "10.11",
        "200604": "9.62",
        "200605": "8.29",
        "200606": "6.61",
        "200607": "6.18",
        "200608": "5.54",
        "200609": "5.96",
        "200610": "6.68",
        "200611": "6.57",
        "200612": "8.03",
        "200701": "9.59",
        "200702": "13.23",
        "200703": "14.59",
        "200704": "14.20",
        "200705": "11.77",
        "200706": "14.56",
        "200707": "15.66",
        "200708": "14.82",
        "200709": "14.91",
        "200710": "14.36",
        "200711": "14.02",
        "200712": "12.20",
        "200801": "11.41",
        "200802": "10.65",
        "200803": "12.66",
        "200804": "13.20",
        "200805": "15.02",
        "200806": "17.71",
        "200807": "13.89",
        "200808": "12.89",
        "200809": "9.63",
        "200810": "6.83",
        "200811": "5.17",
        "200812": "5.48",
        "200901": "5.10",
        "200902": "5.39",
        "200903": "6.54",
        "200904": "7.52",
        "200905": "7.93",
        "200906": "8.27",
        "200907": "9.08",
        "200908": "9.50",
        "200909": "11.33",
        "200910": "12.75",
        "200911": "12.52",
        "200912": "13.50",
        "201001": "13.27",
        "201002": "11.03",
        "201003": "12.87",
        "201004": "14.06",
        "201005": "11.66",
        "201006": "11.95",
        "201007": "13.32",
        "201008": "13.29",
        "201009": "12.27",
        "201010": "11.97",
        "201011": "11.44",
        "201012": "12.75",
        "201101": "13.04",
        "201102": "11.81",
        "201103": "11.77",
        "201104": "11.36",
        "201105": "10.88",
        "201106": "10.37",
        "201107": "9.37",
        "201108": "7.51",
        "201109": "7.20",
        "201110": "7.10",
        "201111": "6.98",
        "201112": "6.51",
        "201201": "5.94",
        "201202": "7.32",
        "201203": "7.55",
        "201204": "6.58",
        "201205": "6.75",
        "201206": "6.25",
        "201207": "5.99",
        "201208": "5.94",
        "201209": "5.94",
        "201210": "5.44",
        "201211": "4.86",
        "201212": "5.09",
        "201301": "5.22",
        "201302": "5.70",
        "201303": "5.88",
        "201304": "5.94",
        "201305": "5.92",
        "201306": "5.95",
        "201307": "5.86",
        "201308": "5.35",
        "201309": "5.19",
        "201310": "5.32",
        "201311": "6.40",
        "201312": "6.26",
        "201401": "6.55",
        "201402": "7.28",
        "201403": "7.49",
        "201404": "6.35",
        "201405": "5.59",
        "201406": "6.41",
        "201407": "6.42",
        "201408": "5.97",
        "201409": "5.97",
        "201410": "6.59",
        "201411": "7.13",
        "201412": "7.60",
        "201501": "9.68",
        "201502": "10.48",
        "201503": "13.51",
        "201504": "16.50",
        "201505": "15.24",
        "201506": "14.57",
        "201507": "13.68",
        "201508": "11.18",
        "201509": "11.74",
        "201510": "11.85",
        "201511": "10.51",
        "201512": "9.62",
        "201601": "8.91",
        "201602": "9.15",
        "201603": "8.62",
        "201604": "7.30",
        "201605": "6.49",
        "201606": "6.50",
        "201607": "6.95",
        "201608": "7.01",
        "201609": "6.91",
        "201610": "6.24",
        "201611": "5.63",
        "201612": "4.95",
        "201701": "5.36",
        "201702": "6.01",
        "201703": "5.56",
        "201704": "4.32",
        "201705": "4.24",
        "201706": "4.33",
        "201707": "4.10",
        "201708": "3.74",
        "201709": "3.95",
        "201710": "4.11",
        "201711": "5.01",
        "201712": "16.10",
        "201801": "16.57",
        "201802": "20.00",
        "201803": "23.93",
        "201804": "22.77",
        "201805": "22.79",
        "201806": "22.78",
        "201807": "19.81",
        "201808": "20.03",
        "201809": "20.63",
        "201810": "20.19",
        "201811": "19.02",
        "201812": "19.30",
        "201901": "18.93",
        "201902": "19.68",
        "201903": "22.28",
        "201904": "26.66",
        "201905": "24.14",
        "201906": "22.82",
        "201907": "23.38",
        "201908": "22.28",
        "201909": "20.71",
        "201910": "20.75",
        "201911": "19.33",
        "201912": "17.11",
        "202001": "16.39",
        "202002": "14.11",
        "202003": "9.64",
        "202004": "9.25",
        "202005": "11.91",
        "202006": "15.27",
        "202007": "16.11",
        "202008": "16.90",
        "202009": "16.72",
        "202010": "15.41",
        "202011": "14.46",
        "202012": "15.84",
        "202101": "16.30",
        "202102": "15.26",
        "202103": "16.72",
        "202104": "25.20",
        "202105": "23.73",
        "202106": "23.56",
        "202107": "23.67",
        "202108": "21.77",
        "202109": "20.17",
        "202110": "21.99",
        "202111": "29.61",
        "202112": "45.18",
        "202201": "37.42",
        "202202": "33.60",
        "202203": "31.81",
        "202204": "34.36",
        "202205": "29.15",
        "202206": "28.44",
        "202207": "27.83",
        "202208": "31.01",
        "202209": "38.88",
        "202210": "55.00",
        "202211": "55.32",
        "202212": "50.32",
        "202301": "46.05",
        "202302": "51.77",
        "202303": "65.41",
        "202304": "72.44",
        "202305": "80.00",
        "202306": "92.56",
        "202307": "78.68",
        "202308": "69.73",
        "202309": "73.78",
        "202310": "67.89",
        "202311": "63.85",
        "202312": "63.67"
    },
    "quarters": {
        "20011": {
            "year_quarter": 20011,
            "year": 2001,
            "quarter": 1,
            "eps": 1.78,
            "eps_growth_year": -6.81,
            "eps_4q": 6.57,
            "eps_4q_growth_year": -9.17,
            "roe": 8.41,
            "roe_4q": 8.41,
            "gross_profit": 446323,
            "gross_margin": 10.84,
            "gross_margin_4q_avg": 10.84,
            "net_income": 240475,
            "net_income_4q": null,
            "revenue": 4116066,
            "revenue_4q": null,
            "common_shares": 1350000,
            "book_valuer_per_share": 21.43,
            "book_valuer_per_share_4q_avg": 21.43,
            "equity": 2893436,
            "current_ratio": 141.89,
            "debt_ratio": 54.11,
            "inventory_turnover_ratio": 2.45,
            "account_receivable_turnover_ratio": null,
            "reinvestment_rate": null,
            "research_to_sale_ratio": null,
            "price_fair": 0,
            "eps_avg_yearly": 0,
            "eps_latest_yearly": 0,
            "eps_growth_yearly": 0
        },
        "20012": {
            "year_quarter": 20012,
            "year": 2001,
            "quarter": 2,
            "eps": 1.16,
            "eps_growth_year": -48.44,
            "eps_4q": 4.8,
            "eps_4q_growth_year": -39.38,
            "roe": 7.26,
            "roe_4q": 15.67,
            "gross_profit": 329627,
            "gross_margin": 10.32,
            "gross_margin_4q_avg": 10.58,
            "net_income": 211312,
            "net_income_4q": null,
            "revenue": 3192878,
            "revenue_4q": null,
            "common_shares": 1350000,
            "book_valuer_per_share": 21.68,
            "book_valuer_per_share_4q_avg": 21.56,
            "equity": 2926650,
            "current_ratio": 150.41,
            "debt_ratio": 49.58,
            "inventory_turnover_ratio": 4.36,
            "account_receivable_turnover_ratio": null,
            "reinvestment_rate": null,
            "research_to_sale_ratio": null,
            "price_fair": 0,
            "eps_avg_yearly": 0,
            "eps_latest_yearly": 0,
            "eps_growth_yearly": 0
        },
        "20013": {
            "year_quarter": 20013,
            "year": 2001,
            "quarter": 3,
            "eps": 1.2,
            "eps_growth_year": -31.82,
            "eps_4q": 4.63,
            "eps_4q_growth_year": -28.1,
            "roe": 6.2,
            "roe_4q": 21.87,
            "gross_profit": 425172,
            "gross_margin": 11.07,
            "gross_margin_4q_avg": 10.74,
            "net_income": 222324,
            "net_income_4q": null,
            "revenue": 3839836,
            "revenue_4q": null,
            "common_shares": 2015000,
            "book_valuer_per_share": 21.05,
            "book_valuer_per_share_4q_avg": 21.39,
            "equity": 4242258,
            "current_ratio": 168.42,
            "debt_ratio": 48.69,
            "inventory_turnover_ratio": 5.85,
            "account_receivable_turnover_ratio": null,
            "reinvestment_rate": null,
            "research_to_sale_ratio": null,
            "price_fair": 0,
            "eps_avg_yearly": 0,
            "eps_latest_yearly": 0,
            "eps_growth_yearly": 0
        },
        "20014": {
            "year_quarter": 20014,
            "year": 2001,
            "quarter": 4,
            "eps": 1.79,
            "eps_growth_year": 30.66,
            "eps_4q": 5.33,
            "eps_4q_growth_year": -14.44,
            "roe": 7.57,
            "roe_4q": 29.44,
            "gross_profit": 436893,
            "gross_margin": 9.32,
            "gross_margin_4q_avg": 10.39,
            "net_income": 340891,
            "net_income_4q": null,
            "revenue": 4687979,
            "revenue_4q": null,
            "common_shares": 2015000,
            "book_valuer_per_share": 22.61,
            "book_valuer_per_share_4q_avg": 21.69,
            "equity": 4758579,
            "current_ratio": 163.24,
            "debt_ratio": 51.74,
            "inventory_turnover_ratio": 2.83,
            "account_receivable_turnover_ratio": null,
            "reinvestment_rate": null,
            "research_to_sale_ratio": null,
            "price_fair": 0,
            "eps_avg_yearly": 0,
            "eps_latest_yearly": 0,
            "eps_growth_yearly": 0
        },
        "20021": {
            "year_quarter": 20021,
            "year": 2002,
            "quarter": 1,
            "eps": 1.64,
            "eps_growth_year": -7.87,
            "eps_4q": 5.48,
            "eps_4q_growth_year": -16.56,
            "roe": 6.85,
            "roe_4q": 27.880000000000003,
            "gross_profit": 558296,
            "gross_margin": 11.69,
            "gross_margin_4q_avg": 10.6,
            "net_income": 330362,
            "net_income_4q": null,
            "revenue": 4775365,
            "revenue_4q": null,
            "common_shares": 2015000,
            "book_valuer_per_share": 24.25,
            "book_valuer_per_share_4q_avg": 22.4,
            "equity": 4886445,
            "current_ratio": 172.88,
            "debt_ratio": 46.45,
            "inventory_turnover_ratio": 3.09,
            "account_receivable_turnover_ratio": null,
            "reinvestment_rate": null,
            "research_to_sale_ratio": null,
            "price_fair": 19.68,
            "eps_avg_yearly": 6.56,
            "eps_latest_yearly": 6.56,
            "eps_growth_yearly": -33.52
        },
        "20022": {
            "year_quarter": 20022,
            "year": 2002,
            "quarter": 2,
            "eps": 0.86,
            "eps_growth_year": -25.86,
            "eps_4q": 5.32,
            "eps_4q_growth_year": 10.86,
            "roe": 3.56,
            "roe_4q": 24.18,
            "gross_profit": 457187,
            "gross_margin": 11.08,
            "gross_margin_4q_avg": 10.79,
            "net_income": 172291,
            "net_income_4q": null,
            "revenue": 4127842,
            "revenue_4q": null,
            "common_shares": 2015000,
            "book_valuer_per_share": 23.73,
            "book_valuer_per_share_4q_avg": 22.91,
            "equity": 4780775,
            "current_ratio": 185.4,
            "debt_ratio": 42.86,
            "inventory_turnover_ratio": 7.28,
            "account_receivable_turnover_ratio": null,
            "reinvestment_rate": null,
            "research_to_sale_ratio": null,
            "price_fair": 15,
            "eps_avg_yearly": 5,
            "eps_latest_yearly": 3.44,
            "eps_growth_yearly": -111.88
        },
        "20023": {
            "year_quarter": 20023,
            "year": 2002,
            "quarter": 3,
            "eps": 1.04,
            "eps_growth_year": -13.33,
            "eps_4q": 4.43,
            "eps_4q_growth_year": -4.35,
            "roe": 5.25,
            "roe_4q": 23.23,
            "gross_profit": 325988,
            "gross_margin": 7.96,
            "gross_margin_4q_avg": 10.01,
            "net_income": 258593,
            "net_income_4q": null,
            "revenue": 4097553,
            "revenue_4q": null,
            "common_shares": 2486500,
            "book_valuer_per_share": 20.42,
            "book_valuer_per_share_4q_avg": 22.75,
            "equity": 5078247,
            "current_ratio": 166.13,
            "debt_ratio": 49.34,
            "inventory_turnover_ratio": 5.85,
            "account_receivable_turnover_ratio": null,
            "reinvestment_rate": null,
            "research_to_sale_ratio": null,
            "price_fair": 14.16,
            "eps_avg_yearly": 4.72,
            "eps_latest_yearly": 4.16,
            "eps_growth_yearly": -46.68
        },
        "20024": {
            "year_quarter": 20024,
            "year": 2002,
            "quarter": 4,
            "eps": 1.11,
            "eps_growth_year": -37.99,
            "eps_4q": 4.17,
            "eps_4q_growth_year": -21.83,
            "roe": 5.29,
            "roe_4q": 20.95,
            "gross_profit": 380001,
            "gross_margin": 8.5,
            "gross_margin_4q_avg": 9.81,
            "net_income": 276454,
            "net_income_4q": null,
            "revenue": 4472197,
            "revenue_4q": null,
            "common_shares": 2486500,
            "book_valuer_per_share": 21.53,
            "book_valuer_per_share_4q_avg": 22.48,
            "equity": 5373031,
            "current_ratio": 175.02,
            "debt_ratio": 48.25,
            "inventory_turnover_ratio": 2.58,
            "account_receivable_turnover_ratio": null,
            "reinvestment_rate": 31.16,
            "research_to_sale_ratio": null,
            "price_fair": 13.95,
            "eps_avg_yearly": 4.65,
            "eps_latest_yearly": 4.44,
            "eps_growth_yearly": -28.28
        },
        "20031": {
            "year_quarter": 20031,
            "year": 2003,
            "quarter": 1,
            "eps": 0.66,
            "eps_growth_year": -59.76,
            "eps_4q": 3.5,
            "eps_4q_growth_year": -36.17,
            "roe": 3.02,
            "roe_4q": 17.12,
            "gross_profit": 301234,
            "gross_margin": 6.76,
            "gross_margin_4q_avg": 8.58,
            "net_income": 164309,
            "net_income_4q": null,
            "revenue": 4453441,
            "revenue_4q": null,
            "common_shares": 2486500,
            "book_valuer_per_share": 22.19,
            "book_valuer_per_share_4q_avg": 21.97,
            "equity": 5518658,
            "current_ratio": 187.99,
            "debt_ratio": 43.39,
            "inventory_turnover_ratio": 2.82,
            "account_receivable_turnover_ratio": null,
            "reinvestment_rate": 15.52,
            "research_to_sale_ratio": null,
            "price_fair": 12.74,
            "eps_avg_yearly": 4.25,
            "eps_latest_yearly": 2.64,
            "eps_growth_yearly": -55.06
        },
        "20032": {
            "year_quarter": 20032,
            "year": 2003,
            "quarter": 2,
            "eps": 0.11,
            "eps_growth_year": -87.21,
            "eps_4q": 2.69,
            "eps_4q_growth_year": -49.43,
            "roe": 0.57,
            "roe_4q": 14.129999999999999,
            "gross_profit": 118439,
            "gross_margin": 3.35,
            "gross_margin_4q_avg": 6.64,
            "net_income": 29809,
            "net_income_4q": null,
            "revenue": 3536391,
            "revenue_4q": null,
            "common_shares": 2486500,
            "book_valuer_per_share": 20,
            "book_valuer_per_share_4q_avg": 21.04,
            "equity": 4973814,
            "current_ratio": 161.11,
            "debt_ratio": 50.34,
            "inventory_turnover_ratio": 6.69,
            "account_receivable_turnover_ratio": null,
            "reinvestment_rate": 15.61,
            "research_to_sale_ratio": null,
            "price_fair": 10.84,
            "eps_avg_yearly": 3.61,
            "eps_latest_yearly": 0.44,
            "eps_growth_yearly": -101.44
        },
        "20033": {
            "year_quarter": 20033,
            "year": 2003,
            "quarter": 3,
            "eps": 0.31,
            "eps_growth_year": -70.19,
            "eps_4q": 2.03,
            "eps_4q_growth_year": -54.27,
            "roe": 1.73,
            "roe_4q": 10.61,
            "gross_profit": 277515,
            "gross_margin": 5.4,
            "gross_margin_4q_avg": 6,
            "net_income": 84967,
            "net_income_4q": null,
            "revenue": 5141381,
            "revenue_4q": null,
            "common_shares": 2800150,
            "book_valuer_per_share": 17.39,
            "book_valuer_per_share_4q_avg": 20.28,
            "equity": 4868339,
            "current_ratio": 156.42,
            "debt_ratio": 51.51,
            "inventory_turnover_ratio": 8.36,
            "account_receivable_turnover_ratio": null,
            "reinvestment_rate": 15.49,
            "research_to_sale_ratio": null,
            "price_fair": 88.25,
            "eps_avg_yearly": 3.27,
            "eps_latest_yearly": 1.24,
            "eps_growth_yearly": 16.95
        },
        "20034": {
            "year_quarter": 20034,
            "year": 2003,
            "quarter": 4,
            "eps": 0.4,
            "eps_growth_year": -63.96,
            "eps_4q": 1.42,
            "eps_4q_growth_year": -65.96,
            "roe": 2.26,
            "roe_4q": 7.58,
            "gross_profit": 196994,
            "gross_margin": 4.37,
            "gross_margin_4q_avg": 4.97,
            "net_income": 109632,
            "net_income_4q": null,
            "revenue": 4507854,
            "revenue_4q": null,
            "common_shares": 2800150,
            "book_valuer_per_share": 17.3,
            "book_valuer_per_share_4q_avg": 19.22,
            "equity": 4830617,
            "current_ratio": 152.85,
            "debt_ratio": 56.65,
            "inventory_turnover_ratio": 2.31,
            "account_receivable_turnover_ratio": null,
            "reinvestment_rate": 28.85,
            "research_to_sale_ratio": null,
            "price_fair": 107.28,
            "eps_avg_yearly": 3.07,
            "eps_latest_yearly": 1.6,
            "eps_growth_yearly": 29.35
        },
        "20041": {
            "year_quarter": 20041,
            "year": 2004,
            "quarter": 1,
            "eps": 0.15,
            "eps_growth_year": -77.27,
            "eps_4q": 1.03,
            "eps_4q_growth_year": -70.7,
            "roe": 0.8,
            "roe_4q": 5.359999999999999,
            "gross_profit": 225957,
            "gross_margin": 5.48,
            "gross_margin_4q_avg": 4.65,
            "net_income": 38427,
            "net_income_4q": null,
            "revenue": 4124965,
            "revenue_4q": null,
            "common_shares": 2800150,
            "book_valuer_per_share": 17.18,
            "book_valuer_per_share_4q_avg": 17.97,
            "equity": 4810837,
            "current_ratio": 159.47,
            "debt_ratio": 49.67,
            "inventory_turnover_ratio": 2.15,
            "account_receivable_turnover_ratio": null,
            "reinvestment_rate": -1.89,
            "research_to_sale_ratio": null,
            "price_fair": 8.37,
            "eps_avg_yearly": 2.79,
            "eps_latest_yearly": 0.6,
            "eps_growth_yearly": -1.69
        },
        "20042": {
            "year_quarter": 20042,
            "year": 2004,
            "quarter": 2,
            "eps": -2.67,
            "eps_growth_year": -2527.27,
            "eps_4q": -1.67,
            "eps_4q_growth_year": -162.14,
            "roe": -16.38,
            "roe_4q": -11.589999999999998,
            "gross_profit": -413475,
            "gross_margin": -11.15,
            "gross_margin_4q_avg": 1.03,
            "net_income": -701215,
            "net_income_4q": null,
            "revenue": 3708321,
            "revenue_4q": null,
            "common_shares": 2800150,
            "book_valuer_per_share": 13.4,
            "book_valuer_per_share_4q_avg": 16.32,
            "equity": 3751388,
            "current_ratio": 132.06,
            "debt_ratio": 59.93,
            "inventory_turnover_ratio": 9.5,
            "account_receivable_turnover_ratio": null,
            "reinvestment_rate": -4.81,
            "research_to_sale_ratio": null,
            "price_fair": 8.37,
            "eps_avg_yearly": 2.79,
            "eps_latest_yearly": 0.6,
            "eps_growth_yearly": -1.69
        },
        "20043": {
            "year_quarter": 20043,
            "year": 2004,
            "quarter": 3,
            "eps": -1.01,
            "eps_growth_year": -425.81,
            "eps_4q": -2.92,
            "eps_4q_growth_year": -243.98,
            "roe": -7.33,
            "roe_4q": -20.65,
            "gross_profit": 44794,
            "gross_margin": 1.24,
            "gross_margin_4q_avg": -0.01,
            "net_income": -264008,
            "net_income_4q": null,
            "revenue": 3600101,
            "revenue_4q": null,
            "common_shares": 2800150,
            "book_valuer_per_share": 12.31,
            "book_valuer_per_share_4q_avg": 15.05,
            "equity": 3447483,
            "current_ratio": 130.59,
            "debt_ratio": 56.63,
            "inventory_turnover_ratio": 14.89,
            "account_receivable_turnover_ratio": null,
            "reinvestment_rate": -9.28,
            "research_to_sale_ratio": null,
            "price_fair": 8.37,
            "eps_avg_yearly": 2.79,
            "eps_latest_yearly": 0.6,
            "eps_growth_yearly": -1.69
        },
        "20044": {
            "year_quarter": 20044,
            "year": 2004,
            "quarter": 4,
            "eps": -2.53,
            "eps_growth_year": -732.5,
            "eps_4q": -6.16,
            "eps_4q_growth_year": -534.11,
            "roe": -21.53,
            "roe_4q": -44.44,
            "gross_profit": -409748,
            "gross_margin": -10.62,
            "gross_margin_4q_avg": -3.76,
            "net_income": -657386,
            "net_income_4q": null,
            "revenue": 3858031,
            "revenue_4q": null,
            "common_shares": 2800150,
            "book_valuer_per_share": 9.5,
            "book_valuer_per_share_4q_avg": 13.1,
            "equity": 2659635,
            "current_ratio": 123.97,
            "debt_ratio": 66.76,
            "inventory_turnover_ratio": 3.07,
            "account_receivable_turnover_ratio": null,
            "reinvestment_rate": 21.25,
            "research_to_sale_ratio": null,
            "price_fair": 8.37,
            "eps_avg_yearly": 2.79,
            "eps_latest_yearly": 0.6,
            "eps_growth_yearly": -1.69
        },
        "20051": {
            "year_quarter": 20051,
            "year": 2005,
            "quarter": 1,
            "eps": -0.11,
            "eps_growth_year": -173.33,
            "eps_4q": -6.62,
            "eps_4q_growth_year": -744.92,
            "roe": -1.04,
            "roe_4q": -46.28,
            "gross_profit": 194789,
            "gross_margin": 6.07,
            "gross_margin_4q_avg": -3.62,
            "net_income": -27431,
            "net_income_4q": null,
            "revenue": 3208526,
            "revenue_4q": null,
            "common_shares": 2800150,
            "book_valuer_per_share": 9.34,
            "book_valuer_per_share_4q_avg": 11.14,
            "equity": 2616706,
            "current_ratio": 111.07,
            "debt_ratio": 61.65,
            "inventory_turnover_ratio": 2.16,
            "account_receivable_turnover_ratio": null,
            "reinvestment_rate": -18.64,
            "research_to_sale_ratio": null,
            "price_fair": 8.37,
            "eps_avg_yearly": 2.79,
            "eps_latest_yearly": 0.6,
            "eps_growth_yearly": -1.69
        },
        "20052": {
            "year_quarter": 20052,
            "year": 2005,
            "quarter": 2,
            "eps": -2.29,
            "eps_growth_year": null,
            "eps_4q": -5.45,
            "eps_4q_growth_year": null,
            "roe": -24.8,
            "roe_4q": -54.7,
            "gross_profit": -50700,
            "gross_margin": -2.29,
            "gross_margin_4q_avg": -1.4,
            "net_income": -577221,
            "net_income_4q": null,
            "revenue": 2210354,
            "revenue_4q": null,
            "common_shares": 2800150,
            "book_valuer_per_share": 7.28,
            "book_valuer_per_share_4q_avg": 9.61,
            "equity": 2038895,
            "current_ratio": 112.42,
            "debt_ratio": 64.6,
            "inventory_turnover_ratio": 10.52,
            "account_receivable_turnover_ratio": null,
            "reinvestment_rate": null,
            "research_to_sale_ratio": null,
            "price_fair": 8.37,
            "eps_avg_yearly": 2.79,
            "eps_latest_yearly": 0.6,
            "eps_growth_yearly": -1.69
        },
        "20053": {
            "year_quarter": 20053,
            "year": 2005,
            "quarter": 3,
            "eps": -1.46,
            "eps_growth_year": null,
            "eps_4q": -5.82,
            "eps_4q_growth_year": null,
            "roe": -19.58,
            "roe_4q": -66.94999999999999,
            "gross_profit": 54641,
            "gross_margin": 2.67,
            "gross_margin_4q_avg": -1.04,
            "net_income": -367381,
            "net_income_4q": null,
            "revenue": 2049104,
            "revenue_4q": null,
            "common_shares": 2800150,
            "book_valuer_per_share": 6.12,
            "book_valuer_per_share_4q_avg": 8.06,
            "equity": 1713575,
            "current_ratio": 105.69,
            "debt_ratio": 71,
            "inventory_turnover_ratio": 10.44,
            "account_receivable_turnover_ratio": null,
            "reinvestment_rate": null,
            "research_to_sale_ratio": null,
            "price_fair": 8.37,
            "eps_avg_yearly": 2.79,
            "eps_latest_yearly": 0.6,
            "eps_growth_yearly": -1.69
        },
        "20054": {
            "year_quarter": 20054,
            "year": 2005,
            "quarter": 4,
            "eps": -0.73,
            "eps_growth_year": null,
            "eps_4q": -4.59,
            "eps_4q_growth_year": null,
            "roe": -11.38,
            "roe_4q": -56.800000000000004,
            "gross_profit": -35827,
            "gross_margin": -1.78,
            "gross_margin_4q_avg": 1.17,
            "net_income": -184581,
            "net_income_4q": null,
            "revenue": 2017898,
            "revenue_4q": null,
            "common_shares": 2800150,
            "book_valuer_per_share": 5.47,
            "book_valuer_per_share_4q_avg": 7.05,
            "equity": 1531157,
            "current_ratio": 112.72,
            "debt_ratio": 74.55,
            "inventory_turnover_ratio": 2.84,
            "account_receivable_turnover_ratio": null,
            "reinvestment_rate": null,
            "research_to_sale_ratio": null,
            "price_fair": 8.37,
            "eps_avg_yearly": 2.79,
            "eps_latest_yearly": 0.6,
            "eps_growth_yearly": -1.69
        },
        "20061": {
            "year_quarter": 20061,
            "year": 2006,
            "quarter": 1,
            "eps": -0.18,
            "eps_growth_year": null,
            "eps_4q": -4.66,
            "eps_4q_growth_year": null,
            "roe": -2.99,
            "roe_4q": -58.75,
            "gross_profit": 142204,
            "gross_margin": 8.92,
            "gross_margin_4q_avg": 1.88,
            "net_income": -45336,
            "net_income_4q": null,
            "revenue": 1594316,
            "revenue_4q": null,
            "common_shares": 2800150,
            "book_valuer_per_share": 5.37,
            "book_valuer_per_share_4q_avg": 6.06,
            "equity": 1503616,
            "current_ratio": 97.55,
            "debt_ratio": 69.26,
            "inventory_turnover_ratio": 2.07,
            "account_receivable_turnover_ratio": null,
            "reinvestment_rate": null,
            "research_to_sale_ratio": null,
            "price_fair": 28.51,
            "eps_avg_yearly": 2.32,
            "eps_latest_yearly": 0.6,
            "eps_growth_yearly": 2.29
        },
        "20062": {
            "year_quarter": 20062,
            "year": 2006,
            "quarter": 2,
            "eps": -0.47,
            "eps_growth_year": null,
            "eps_4q": -2.76,
            "eps_4q_growth_year": null,
            "roe": -8.26,
            "roe_4q": -42.21,
            "gross_profit": 70077,
            "gross_margin": 6.45,
            "gross_margin_4q_avg": 4.07,
            "net_income": -119252,
            "net_income_4q": null,
            "revenue": 1087129,
            "revenue_4q": null,
            "common_shares": 2600150,
            "book_valuer_per_share": 5.33,
            "book_valuer_per_share_4q_avg": 5.57,
            "equity": 1385519,
            "current_ratio": 95.96,
            "debt_ratio": 67.7,
            "inventory_turnover_ratio": 8.99,
            "account_receivable_turnover_ratio": null,
            "reinvestment_rate": null,
            "research_to_sale_ratio": null,
            "price_fair": 75.6,
            "eps_avg_yearly": 2.16,
            "eps_latest_yearly": 0.6,
            "eps_growth_yearly": 29.79
        },
        "20063": {
            "year_quarter": 20063,
            "year": 2006,
            "quarter": 3,
            "eps": -0.27,
            "eps_growth_year": null,
            "eps_4q": -1.6,
            "eps_4q_growth_year": null,
            "roe": -4.97,
            "roe_4q": -27.6,
            "gross_profit": 104689,
            "gross_margin": 9.24,
            "gross_margin_4q_avg": 5.71,
            "net_income": -67352,
            "net_income_4q": null,
            "revenue": 1132584,
            "revenue_4q": null,
            "common_shares": 2600150,
            "book_valuer_per_share": 5.09,
            "book_valuer_per_share_4q_avg": 5.32,
            "equity": 1322588,
            "current_ratio": 93.44,
            "debt_ratio": 68.94,
            "inventory_turnover_ratio": 10.72,
            "account_receivable_turnover_ratio": null,
            "reinvestment_rate": null,
            "research_to_sale_ratio": null,
            "price_fair": 56.27,
            "eps_avg_yearly": 1.83,
            "eps_latest_yearly": 0.6,
            "eps_growth_yearly": 20.8
        },
        "20064": {
            "year_quarter": 20064,
            "year": 2006,
            "quarter": 4,
            "eps": -3.09,
            "eps_growth_year": null,
            "eps_4q": -4.62,
            "eps_4q_growth_year": null,
            "roe": -40.99,
            "roe_4q": -57.21,
            "gross_profit": -78371,
            "gross_margin": -18.16,
            "gross_margin_4q_avg": 1.61,
            "net_income": -466604,
            "net_income_4q": null,
            "revenue": 431563,
            "revenue_4q": null,
            "common_shares": 1640090,
            "book_valuer_per_share": 5.82,
            "book_valuer_per_share_4q_avg": 5.4,
            "equity": 954294,
            "current_ratio": 102.29,
            "debt_ratio": 72.64,
            "inventory_turnover_ratio": 1.75,
            "account_receivable_turnover_ratio": null,
            "reinvestment_rate": null,
            "research_to_sale_ratio": null,
            "price_fair": 38.57,
            "eps_avg_yearly": 1.3,
            "eps_latest_yearly": 0.6,
            "eps_growth_yearly": 19.58
        },
        "20071": {
            "year_quarter": 20071,
            "year": 2007,
            "quarter": 1,
            "eps": -0.85,
            "eps_growth_year": null,
            "eps_4q": -4.95,
            "eps_4q_growth_year": null,
            "roe": -15.24,
            "roe_4q": -69.46000000000001,
            "gross_profit": 58447,
            "gross_margin": 13.14,
            "gross_margin_4q_avg": 2.67,
            "net_income": -135439,
            "net_income_4q": null,
            "revenue": 444755,
            "revenue_4q": null,
            "common_shares": 1640090,
            "book_valuer_per_share": 5.02,
            "book_valuer_per_share_4q_avg": 5.32,
            "equity": 823433,
            "current_ratio": 67.1,
            "debt_ratio": 67.38,
            "inventory_turnover_ratio": 1.42,
            "account_receivable_turnover_ratio": null,
            "reinvestment_rate": null,
            "research_to_sale_ratio": null,
            "price_fair": 33.95,
            "eps_avg_yearly": 0.97,
            "eps_latest_yearly": 0.6,
            "eps_growth_yearly": 65.02
        },
        "20072": {
            "year_quarter": 20072,
            "year": 2007,
            "quarter": 2,
            "eps": 0.5,
            "eps_growth_year": null,
            "eps_4q": -3.7,
            "eps_4q_growth_year": null,
            "roe": 9.22,
            "roe_4q": -51.980000000000004,
            "gross_profit": 123668,
            "gross_margin": 19.04,
            "gross_margin_4q_avg": 5.82,
            "net_income": 79650,
            "net_income_4q": null,
            "revenue": 649619,
            "revenue_4q": null,
            "common_shares": 1640090,
            "book_valuer_per_share": 5.51,
            "book_valuer_per_share_4q_avg": 5.36,
            "equity": 904045,
            "current_ratio": 110.7,
            "debt_ratio": 62.71,
            "inventory_turnover_ratio": 74.25,
            "account_receivable_turnover_ratio": null,
            "reinvestment_rate": null,
            "research_to_sale_ratio": null,
            "price_fair": 40.13,
            "eps_avg_yearly": 1.15,
            "eps_latest_yearly": 0.6,
            "eps_growth_yearly": 197.8
        },
        "20073": {
            "year_quarter": 20073,
            "year": 2007,
            "quarter": 3,
            "eps": 1.04,
            "eps_growth_year": null,
            "eps_4q": -2.22,
            "eps_4q_growth_year": null,
            "roe": 16.36,
            "roe_4q": -30.650000000000006,
            "gross_profit": 103989,
            "gross_margin": 14.49,
            "gross_margin_4q_avg": 7.13,
            "net_income": 166416,
            "net_income_4q": null,
            "revenue": 717839,
            "revenue_4q": null,
            "common_shares": 1640090,
            "book_valuer_per_share": 6.9,
            "book_valuer_per_share_4q_avg": 5.81,
            "equity": 1130884,
            "current_ratio": 148.59,
            "debt_ratio": 60.4,
            "inventory_turnover_ratio": 1346.16,
            "account_receivable_turnover_ratio": null,
            "reinvestment_rate": null,
            "research_to_sale_ratio": null,
            "price_fair": 74.2,
            "eps_avg_yearly": 2.12,
            "eps_latest_yearly": 4.16,
            "eps_growth_yearly": 99.38
        },
        "20074": {
            "year_quarter": 20074,
            "year": 2007,
            "quarter": 4,
            "eps": 0.34,
            "eps_growth_year": null,
            "eps_4q": 1.03,
            "eps_4q_growth_year": null,
            "roe": 4.76,
            "roe_4q": 15.099999999999996,
            "gross_profit": 49592,
            "gross_margin": 8.51,
            "gross_margin_4q_avg": 13.8,
            "net_income": 54851,
            "net_income_4q": null,
            "revenue": 582703,
            "revenue_4q": null,
            "common_shares": 1636090,
            "book_valuer_per_share": 7.17,
            "book_valuer_per_share_4q_avg": 6.15,
            "equity": 1173660,
            "current_ratio": 177.42,
            "debt_ratio": 56.77,
            "inventory_turnover_ratio": 3.74,
            "account_receivable_turnover_ratio": null,
            "reinvestment_rate": null,
            "research_to_sale_ratio": null,
            "price_fair": 6.12,
            "eps_avg_yearly": 2.04,
            "eps_latest_yearly": 1.36,
            "eps_growth_yearly": -29.08
        },
        "20081": {
            "year_quarter": 20081,
            "year": 2008,
            "quarter": 1,
            "eps": 0.1,
            "eps_growth_year": null,
            "eps_4q": 1.86,
            "eps_4q_growth_year": null,
            "roe": 1.44,
            "roe_4q": 31.78,
            "gross_profit": 158481,
            "gross_margin": 18.49,
            "gross_margin_4q_avg": 15.13,
            "net_income": 17062,
            "net_income_4q": null,
            "revenue": 857339,
            "revenue_4q": null,
            "common_shares": 1636090,
            "book_valuer_per_share": 7.29,
            "book_valuer_per_share_4q_avg": 6.72,
            "equity": 1192085,
            "current_ratio": 199.35,
            "debt_ratio": 51.76,
            "inventory_turnover_ratio": 2.71,
            "account_receivable_turnover_ratio": null,
            "reinvestment_rate": null,
            "research_to_sale_ratio": null,
            "price_fair": 5.92,
            "eps_avg_yearly": 1.97,
            "eps_latest_yearly": 0.4,
            "eps_growth_yearly": -39.86
        },
        "20082": {
            "year_quarter": 20082,
            "year": 2008,
            "quarter": 2,
            "eps": 0.09,
            "eps_growth_year": -82,
            "eps_4q": 1.55,
            "eps_4q_growth_year": null,
            "roe": 1.23,
            "roe_4q": 23.79,
            "gross_profit": 179205,
            "gross_margin": 25.92,
            "gross_margin_4q_avg": 16.85,
            "net_income": 14677,
            "net_income_4q": null,
            "revenue": 691262,
            "revenue_4q": null,
            "common_shares": 1636090,
            "book_valuer_per_share": 7.35,
            "book_valuer_per_share_4q_avg": 7.18,
            "equity": 1202370,
            "current_ratio": 206.34,
            "debt_ratio": 48.65,
            "inventory_turnover_ratio": 2.36,
            "account_receivable_turnover_ratio": null,
            "reinvestment_rate": null,
            "research_to_sale_ratio": null,
            "price_fair": 4.71,
            "eps_avg_yearly": 1.57,
            "eps_latest_yearly": 0.36,
            "eps_growth_yearly": -39.9
        },
        "20083": {
            "year_quarter": 20083,
            "year": 2008,
            "quarter": 3,
            "eps": 0.19,
            "eps_growth_year": -81.73,
            "eps_4q": 0.71,
            "eps_4q_growth_year": null,
            "roe": 2.6,
            "roe_4q": 10.03,
            "gross_profit": 167254,
            "gross_margin": 24.42,
            "gross_margin_4q_avg": 19.34,
            "net_income": 31713,
            "net_income_4q": null,
            "revenue": 685025,
            "revenue_4q": null,
            "common_shares": 1636090,
            "book_valuer_per_share": 7.58,
            "book_valuer_per_share_4q_avg": 7.35,
            "equity": 1239547,
            "current_ratio": 221.5,
            "debt_ratio": 44.69,
            "inventory_turnover_ratio": 2.73,
            "account_receivable_turnover_ratio": null,
            "reinvestment_rate": null,
            "research_to_sale_ratio": null,
            "price_fair": 49.28,
            "eps_avg_yearly": 1.41,
            "eps_latest_yearly": 0.76,
            "eps_growth_yearly": 56.97
        },
        "20084": {
            "year_quarter": 20084,
            "year": 2008,
            "quarter": 4,
            "eps": -0.11,
            "eps_growth_year": -132.35,
            "eps_4q": 0.27,
            "eps_4q_growth_year": -73.68,
            "roe": -1.52,
            "roe_4q": 3.75,
            "gross_profit": 119065,
            "gross_margin": 25.75,
            "gross_margin_4q_avg": 23.65,
            "net_income": -18753,
            "net_income_4q": null,
            "revenue": 462369,
            "revenue_4q": null,
            "common_shares": 1636090,
            "book_valuer_per_share": 7.5,
            "book_valuer_per_share_4q_avg": 7.43,
            "equity": 1227223,
            "current_ratio": 232.11,
            "debt_ratio": 41.91,
            "inventory_turnover_ratio": 1.8,
            "account_receivable_turnover_ratio": 3.81,
            "reinvestment_rate": null,
            "research_to_sale_ratio": null,
            "price_fair": 49.28,
            "eps_avg_yearly": 1.41,
            "eps_latest_yearly": 0.76,
            "eps_growth_yearly": 56.97
        },
        "20091": {
            "year_quarter": 20091,
            "year": 2009,
            "quarter": 1,
            "eps": 0.02,
            "eps_growth_year": -80,
            "eps_4q": 0.21,
            "eps_4q_growth_year": -88.62,
            "roe": 0.23,
            "roe_4q": 2.54,
            "gross_profit": 132724,
            "gross_margin": 29.65,
            "gross_margin_4q_avg": 26.44,
            "net_income": 2877,
            "net_income_4q": null,
            "revenue": 447674,
            "revenue_4q": null,
            "common_shares": 1636090,
            "book_valuer_per_share": 7.55,
            "book_valuer_per_share_4q_avg": 7.5,
            "equity": 1235587,
            "current_ratio": 272.18,
            "debt_ratio": 34.56,
            "inventory_turnover_ratio": 1.81,
            "account_receivable_turnover_ratio": 2.01,
            "reinvestment_rate": null,
            "research_to_sale_ratio": null,
            "price_fair": 49.28,
            "eps_avg_yearly": 1.41,
            "eps_latest_yearly": 0.76,
            "eps_growth_yearly": 56.97
        },
        "20092": {
            "year_quarter": 20092,
            "year": 2009,
            "quarter": 2,
            "eps": 0.08,
            "eps_growth_year": -11.11,
            "eps_4q": 0.18,
            "eps_4q_growth_year": -88.42,
            "roe": 1.03,
            "roe_4q": 2.34,
            "gross_profit": 152869,
            "gross_margin": 25.64,
            "gross_margin_4q_avg": 26.37,
            "net_income": 12714,
            "net_income_4q": null,
            "revenue": 596205,
            "revenue_4q": null,
            "common_shares": 1636090,
            "book_valuer_per_share": 7.6,
            "book_valuer_per_share_4q_avg": 7.56,
            "equity": 1242756,
            "current_ratio": 233.3,
            "debt_ratio": 38.76,
            "inventory_turnover_ratio": 3.17,
            "account_receivable_turnover_ratio": 2.46,
            "reinvestment_rate": null,
            "research_to_sale_ratio": null,
            "price_fair": 42.93,
            "eps_avg_yearly": 1.23,
            "eps_latest_yearly": 0.32,
            "eps_growth_yearly": 247.48
        },
        "20093": {
            "year_quarter": 20093,
            "year": 2009,
            "quarter": 3,
            "eps": 0.09,
            "eps_growth_year": -52.63,
            "eps_4q": 0.07,
            "eps_4q_growth_year": -90.13,
            "roe": 1.13,
            "roe_4q": 0.8700000000000001,
            "gross_profit": 151315,
            "gross_margin": 29.22,
            "gross_margin_4q_avg": 27.57,
            "net_income": 14213,
            "net_income_4q": null,
            "revenue": 517913,
            "revenue_4q": null,
            "common_shares": 1636090,
            "book_valuer_per_share": 7.72,
            "book_valuer_per_share_4q_avg": 7.59,
            "equity": 1262406,
            "current_ratio": 226.69,
            "debt_ratio": 39.1,
            "inventory_turnover_ratio": 2.41,
            "account_receivable_turnover_ratio": 1.88,
            "reinvestment_rate": null,
            "research_to_sale_ratio": null,
            "price_fair": 38.6,
            "eps_avg_yearly": 1.1,
            "eps_latest_yearly": 0.36,
            "eps_growth_yearly": 219.27
        },
        "20094": {
            "year_quarter": 20094,
            "year": 2009,
            "quarter": 4,
            "eps": 0.06,
            "eps_growth_year": null,
            "eps_4q": 0.25,
            "eps_4q_growth_year": -8.73,
            "roe": 0.83,
            "roe_4q": 3.22,
            "gross_profit": 154304,
            "gross_margin": 30.87,
            "gross_margin_4q_avg": 28.85,
            "net_income": 10516,
            "net_income_4q": null,
            "revenue": 499885,
            "revenue_4q": null,
            "common_shares": 1636090,
            "book_valuer_per_share": 7.85,
            "book_valuer_per_share_4q_avg": 7.68,
            "equity": 1283686,
            "current_ratio": 252.49,
            "debt_ratio": 34.93,
            "inventory_turnover_ratio": 2.49,
            "account_receivable_turnover_ratio": 4.39,
            "reinvestment_rate": null,
            "research_to_sale_ratio": null,
            "price_fair": 34.83,
            "eps_avg_yearly": 1,
            "eps_latest_yearly": 0.24,
            "eps_growth_yearly": 175.19
        },
        "20101": {
            "year_quarter": 20101,
            "year": 2010,
            "quarter": 1,
            "eps": -0.04,
            "eps_growth_year": -300,
            "eps_4q": 0.19,
            "eps_4q_growth_year": -12.29,
            "roe": -0.54,
            "roe_4q": 2.45,
            "gross_profit": 132521,
            "gross_margin": 26.74,
            "gross_margin_4q_avg": 28.12,
            "net_income": -6999,
            "net_income_4q": null,
            "revenue": 495577,
            "revenue_4q": null,
            "common_shares": 1636390,
            "book_valuer_per_share": 7.85,
            "book_valuer_per_share_4q_avg": 7.76,
            "equity": 1284846,
            "current_ratio": 223.22,
            "debt_ratio": 38.09,
            "inventory_turnover_ratio": 2.64,
            "account_receivable_turnover_ratio": 1.89,
            "reinvestment_rate": null,
            "research_to_sale_ratio": 5.49,
            "price_fair": 34.83,
            "eps_avg_yearly": 1,
            "eps_latest_yearly": 0.24,
            "eps_growth_yearly": 175.19
        },
        "20102": {
            "year_quarter": 20102,
            "year": 2010,
            "quarter": 2,
            "eps": -0.08,
            "eps_growth_year": -203.45,
            "eps_4q": 0.03,
            "eps_4q_growth_year": -85.76,
            "roe": -1.06,
            "roe_4q": 0.35999999999999976,
            "gross_profit": 150596,
            "gross_margin": 23.95,
            "gross_margin_4q_avg": 27.7,
            "net_income": -13544,
            "net_income_4q": null,
            "revenue": 628753,
            "revenue_4q": null,
            "common_shares": 1636490,
            "book_valuer_per_share": 7.8,
            "book_valuer_per_share_4q_avg": 7.81,
            "equity": 1276860,
            "current_ratio": 206.75,
            "debt_ratio": 41.16,
            "inventory_turnover_ratio": 2.7,
            "account_receivable_turnover_ratio": 1.82,
            "reinvestment_rate": null,
            "research_to_sale_ratio": 5.5,
            "price_fair": 34.83,
            "eps_avg_yearly": 1,
            "eps_latest_yearly": 0.24,
            "eps_growth_yearly": 175.19
        },
        "20103": {
            "year_quarter": 20103,
            "year": 2010,
            "quarter": 3,
            "eps": 0.14,
            "eps_growth_year": 52.41,
            "eps_4q": 0.08,
            "eps_4q_growth_year": 8.46,
            "roe": 1.75,
            "roe_4q": 0.9799999999999999,
            "gross_profit": 171433,
            "gross_margin": 28.89,
            "gross_margin_4q_avg": 27.61,
            "net_income": 22447,
            "net_income_4q": null,
            "revenue": 593417,
            "revenue_4q": null,
            "common_shares": 1636490,
            "book_valuer_per_share": 7.91,
            "book_valuer_per_share_4q_avg": 7.85,
            "equity": 1295278,
            "current_ratio": 219.97,
            "debt_ratio": 39.14,
            "inventory_turnover_ratio": 2.38,
            "account_receivable_turnover_ratio": 1.59,
            "reinvestment_rate": null,
            "research_to_sale_ratio": 5.06,
            "price_fair": 34.83,
            "eps_avg_yearly": 1,
            "eps_latest_yearly": 0.24,
            "eps_growth_yearly": 175.19
        },
        "20104": {
            "year_quarter": 20104,
            "year": 2010,
            "quarter": 4,
            "eps": 0.19,
            "eps_growth_year": 218.89,
            "eps_4q": 0.2,
            "eps_4q_growth_year": -17.64,
            "roe": 2.4,
            "roe_4q": 2.5500000000000003,
            "gross_profit": 195480,
            "gross_margin": 29.17,
            "gross_margin_4q_avg": 27.19,
            "net_income": 31312,
            "net_income_4q": null,
            "revenue": 670046,
            "revenue_4q": null,
            "common_shares": 1636490,
            "book_valuer_per_share": 8.06,
            "book_valuer_per_share_4q_avg": 7.91,
            "equity": 1319100,
            "current_ratio": 216.66,
            "debt_ratio": 40.14,
            "inventory_turnover_ratio": 2.87,
            "account_receivable_turnover_ratio": 1.91,
            "reinvestment_rate": -123.4,
            "research_to_sale_ratio": 4.59,
            "price_fair": 33.91,
            "eps_avg_yearly": 0.97,
            "eps_latest_yearly": 0.76,
            "eps_growth_yearly": 171.6
        },
        "20111": {
            "year_quarter": 20111,
            "year": 2011,
            "quarter": 1,
            "eps": 0.01,
            "eps_growth_year": null,
            "eps_4q": 0.25,
            "eps_4q_growth_year": 35.81,
            "roe": 0.09,
            "roe_4q": 3.18,
            "gross_profit": 156010,
            "gross_margin": 29.37,
            "gross_margin_4q_avg": 27.85,
            "net_income": 1135,
            "net_income_4q": null,
            "revenue": 531116,
            "revenue_4q": null,
            "common_shares": 1636490,
            "book_valuer_per_share": 8.06,
            "book_valuer_per_share_4q_avg": 7.96,
            "equity": 1318255,
            "current_ratio": 227.72,
            "debt_ratio": 38.9,
            "inventory_turnover_ratio": 2.07,
            "account_receivable_turnover_ratio": 1.55,
            "reinvestment_rate": -59.09,
            "research_to_sale_ratio": 5.86,
            "price_fair": 30.66,
            "eps_avg_yearly": 0.88,
            "eps_latest_yearly": 0.04,
            "eps_growth_yearly": 116.54
        },
        "20112": {
            "year_quarter": 20112,
            "year": 2011,
            "quarter": 2,
            "eps": 0.15,
            "eps_growth_year": null,
            "eps_4q": 0.49,
            "eps_4q_growth_year": 1810.19,
            "roe": 1.89,
            "roe_4q": 6.13,
            "gross_profit": 199063,
            "gross_margin": 31.84,
            "gross_margin_4q_avg": 29.82,
            "net_income": 25066,
            "net_income_4q": null,
            "revenue": 625271,
            "revenue_4q": null,
            "common_shares": 1636490,
            "book_valuer_per_share": 8.19,
            "book_valuer_per_share_4q_avg": 8.06,
            "equity": 1340480,
            "current_ratio": 220.19,
            "debt_ratio": 39.95,
            "inventory_turnover_ratio": 2.21,
            "account_receivable_turnover_ratio": 1.9,
            "reinvestment_rate": 45.99,
            "research_to_sale_ratio": 5.12,
            "price_fair": 29.78,
            "eps_avg_yearly": 0.85,
            "eps_latest_yearly": 0.6,
            "eps_growth_yearly": 615.04
        },
        "20113": {
            "year_quarter": 20113,
            "year": 2011,
            "quarter": 3,
            "eps": 0.05,
            "eps_growth_year": -64.29,
            "eps_4q": 0.4,
            "eps_4q_growth_year": 427.61,
            "roe": 0.59,
            "roe_4q": 4.97,
            "gross_profit": 165584,
            "gross_margin": 30.03,
            "gross_margin_4q_avg": 30.1,
            "net_income": 8016,
            "net_income_4q": null,
            "revenue": 551474,
            "revenue_4q": null,
            "common_shares": 1636490,
            "book_valuer_per_share": 8.29,
            "book_valuer_per_share_4q_avg": 8.15,
            "equity": 1356764,
            "current_ratio": 229.45,
            "debt_ratio": 39.39,
            "inventory_turnover_ratio": 2.19,
            "account_receivable_turnover_ratio": 1.69,
            "reinvestment_rate": 79.88,
            "research_to_sale_ratio": 5.78,
            "price_fair": 17.18,
            "eps_avg_yearly": 0.49,
            "eps_latest_yearly": 0.2,
            "eps_growth_yearly": 551.52
        },
        "20114": {
            "year_quarter": 20114,
            "year": 2011,
            "quarter": 4,
            "eps": 0.03,
            "eps_growth_year": -83.94,
            "eps_4q": 0.24,
            "eps_4q_growth_year": 18.15,
            "roe": 0.37,
            "roe_4q": 2.9399999999999995,
            "gross_profit": 167911,
            "gross_margin": 36.28,
            "gross_margin_4q_avg": 31.88,
            "net_income": 5028,
            "net_income_4q": null,
            "revenue": 462875,
            "revenue_4q": null,
            "common_shares": 1636490,
            "book_valuer_per_share": 8.38,
            "book_valuer_per_share_4q_avg": 8.23,
            "equity": 1371184,
            "current_ratio": 228.82,
            "debt_ratio": 37.73,
            "inventory_turnover_ratio": 1.41,
            "account_receivable_turnover_ratio": 1.6,
            "reinvestment_rate": 96.59,
            "research_to_sale_ratio": 7.37,
            "price_fair": 13.24,
            "eps_avg_yearly": 0.38,
            "eps_latest_yearly": 0.12,
            "eps_growth_yearly": 561.45
        },
        "20121": {
            "year_quarter": 20121,
            "year": 2012,
            "quarter": 1,
            "eps": 0.17,
            "eps_growth_year": 1600,
            "eps_4q": 0.41,
            "eps_4q_growth_year": 61.33,
            "roe": 2.07,
            "roe_4q": 4.92,
            "gross_profit": 200649,
            "gross_margin": 37.61,
            "gross_margin_4q_avg": 33.94,
            "net_income": 28601,
            "net_income_4q": null,
            "revenue": 533464,
            "revenue_4q": null,
            "common_shares": 1636490,
            "book_valuer_per_share": 8.51,
            "book_valuer_per_share_4q_avg": 8.34,
            "equity": 1392607,
            "current_ratio": 239.85,
            "debt_ratio": 36.88,
            "inventory_turnover_ratio": 1.36,
            "account_receivable_turnover_ratio": 1.9,
            "reinvestment_rate": 88.07,
            "research_to_sale_ratio": 5.78,
            "price_fair": 14.13,
            "eps_avg_yearly": 0.4,
            "eps_latest_yearly": 0.68,
            "eps_growth_yearly": 756.82
        },
        "20122": {
            "year_quarter": 20122,
            "year": 2012,
            "quarter": 2,
            "eps": -0.03,
            "eps_growth_year": -116.4,
            "eps_4q": 0.23,
            "eps_4q_growth_year": -53.06,
            "roe": -0.3,
            "roe_4q": 2.7299999999999995,
            "gross_profit": 147897,
            "gross_margin": 32.22,
            "gross_margin_4q_avg": 34.04,
            "net_income": -4110,
            "net_income_4q": null,
            "revenue": 459045,
            "revenue_4q": null,
            "common_shares": 1636490,
            "book_valuer_per_share": 8.49,
            "book_valuer_per_share_4q_avg": 8.42,
            "equity": 1389762,
            "current_ratio": 240.98,
            "debt_ratio": 36.28,
            "inventory_turnover_ratio": 1.36,
            "account_receivable_turnover_ratio": 1.7,
            "reinvestment_rate": 427.98,
            "research_to_sale_ratio": 6.69,
            "price_fair": 14.28,
            "eps_avg_yearly": 0.41,
            "eps_latest_yearly": 0.68,
            "eps_growth_yearly": 836.5
        },
        "20123": {
            "year_quarter": 20123,
            "year": 2012,
            "quarter": 3,
            "eps": -0.17,
            "eps_growth_year": -446.97,
            "eps_4q": 0.01,
            "eps_4q_growth_year": -97.4,
            "roe": -2.02,
            "roe_4q": 0.12,
            "gross_profit": 113259,
            "gross_margin": 32.04,
            "gross_margin_4q_avg": 34.54,
            "net_income": -27813,
            "net_income_4q": null,
            "revenue": 353521,
            "revenue_4q": null,
            "common_shares": 1636490,
            "book_valuer_per_share": 8.34,
            "book_valuer_per_share_4q_avg": 8.43,
            "equity": 1365622,
            "current_ratio": 256.17,
            "debt_ratio": 33.95,
            "inventory_turnover_ratio": 1.29,
            "account_receivable_turnover_ratio": 1.63,
            "reinvestment_rate": 706.94,
            "research_to_sale_ratio": 8.24,
            "price_fair": 12.91,
            "eps_avg_yearly": 0.37,
            "eps_latest_yearly": 0.68,
            "eps_growth_yearly": 880.06
        },
        "20124": {
            "year_quarter": 20124,
            "year": 2012,
            "quarter": 4,
            "eps": -0.16,
            "eps_growth_year": -631.93,
            "eps_4q": -0.18,
            "eps_4q_growth_year": -176.61,
            "roe": -1.98,
            "roe_4q": -2.23,
            "gross_profit": 106218,
            "gross_margin": 33.78,
            "gross_margin_4q_avg": 33.91,
            "net_income": -26745,
            "net_income_4q": null,
            "revenue": 314415,
            "revenue_4q": null,
            "common_shares": 1636490,
            "book_valuer_per_share": 8.14,
            "book_valuer_per_share_4q_avg": 8.37,
            "equity": 1331633,
            "current_ratio": 265.83,
            "debt_ratio": 32.72,
            "inventory_turnover_ratio": 1.53,
            "account_receivable_turnover_ratio": 1.64,
            "reinvestment_rate": 726.67,
            "research_to_sale_ratio": 9.69,
            "price_fair": 12.91,
            "eps_avg_yearly": 0.37,
            "eps_latest_yearly": 0.68,
            "eps_growth_yearly": 880.06
        },
        "20131": {
            "year_quarter": 20131,
            "year": 2013,
            "quarter": 1,
            "eps": -0.11,
            "eps_growth_year": -164.71,
            "eps_4q": -0.47,
            "eps_4q_growth_year": -215.66,
            "roe": -1.34,
            "roe_4q": -5.64,
            "gross_profit": 131738,
            "gross_margin": 39.33,
            "gross_margin_4q_avg": 34.34,
            "net_income": -18489,
            "net_income_4q": null,
            "revenue": 334965,
            "revenue_4q": null,
            "common_shares": 1636490,
            "book_valuer_per_share": 8.66,
            "book_valuer_per_share_4q_avg": 8.41,
            "equity": 1417599,
            "current_ratio": 257.16,
            "debt_ratio": 34.85,
            "inventory_turnover_ratio": 1.57,
            "account_receivable_turnover_ratio": 1.81,
            "reinvestment_rate": 442.29,
            "research_to_sale_ratio": 8.74,
            "price_fair": 12.91,
            "eps_avg_yearly": 0.37,
            "eps_latest_yearly": 0.68,
            "eps_growth_yearly": 880.06
        },
        "20132": {
            "year_quarter": 20132,
            "year": 2013,
            "quarter": 2,
            "eps": -0.31,
            "eps_growth_year": null,
            "eps_4q": -0.76,
            "eps_4q_growth_year": -429.82,
            "roe": -3.67,
            "roe_4q": -9.01,
            "gross_profit": 99273,
            "gross_margin": 28.93,
            "gross_margin_4q_avg": 33.52,
            "net_income": -50751,
            "net_income_4q": null,
            "revenue": 343150,
            "revenue_4q": null,
            "common_shares": 1636490,
            "book_valuer_per_share": 8.22,
            "book_valuer_per_share_4q_avg": 8.34,
            "equity": 1344649,
            "current_ratio": 252.39,
            "debt_ratio": 35.77,
            "inventory_turnover_ratio": 1.73,
            "account_receivable_turnover_ratio": 1.81,
            "reinvestment_rate": null,
            "research_to_sale_ratio": 9.12,
            "price_fair": 13.13,
            "eps_avg_yearly": 0.38,
            "eps_latest_yearly": 0.68,
            "eps_growth_yearly": 840.07
        },
        "20133": {
            "year_quarter": 20133,
            "year": 2013,
            "quarter": 3,
            "eps": -0.38,
            "eps_growth_year": null,
            "eps_4q": -0.96,
            "eps_4q_growth_year": -9311.27,
            "roe": -4.57,
            "roe_4q": -11.56,
            "gross_profit": 76437,
            "gross_margin": 28.66,
            "gross_margin_4q_avg": 32.68,
            "net_income": -61163,
            "net_income_4q": null,
            "revenue": 266673,
            "revenue_4q": null,
            "common_shares": 1636490,
            "book_valuer_per_share": 8.15,
            "book_valuer_per_share_4q_avg": 8.29,
            "equity": 1333465,
            "current_ratio": 261.42,
            "debt_ratio": 34.03,
            "inventory_turnover_ratio": 1.29,
            "account_receivable_turnover_ratio": 1.75,
            "reinvestment_rate": null,
            "research_to_sale_ratio": 13.24,
            "price_fair": 13.2,
            "eps_avg_yearly": 0.38,
            "eps_latest_yearly": 0.68,
            "eps_growth_yearly": 952.94
        },
        "20134": {
            "year_quarter": 20134,
            "year": 2013,
            "quarter": 4,
            "eps": -0.25,
            "eps_growth_year": null,
            "eps_4q": -1.01,
            "eps_4q_growth_year": null,
            "roe": -3.36,
            "roe_4q": -12.94,
            "gross_profit": 100499,
            "gross_margin": 33.07,
            "gross_margin_4q_avg": 32.5,
            "net_income": -43678,
            "net_income_4q": null,
            "revenue": 303920,
            "revenue_4q": null,
            "common_shares": 1716490,
            "book_valuer_per_share": 7.35,
            "book_valuer_per_share_4q_avg": 8.1,
            "equity": 1262996,
            "current_ratio": 231.89,
            "debt_ratio": 37.61,
            "inventory_turnover_ratio": 1.24,
            "account_receivable_turnover_ratio": 2.45,
            "reinvestment_rate": null,
            "research_to_sale_ratio": 10.78,
            "price_fair": 14,
            "eps_avg_yearly": 0.4,
            "eps_latest_yearly": 0.68,
            "eps_growth_yearly": 1133.98
        },
        "20141": {
            "year_quarter": 20141,
            "year": 2014,
            "quarter": 1,
            "eps": -0.3,
            "eps_growth_year": null,
            "eps_4q": -1.19,
            "eps_4q_growth_year": null,
            "roe": -3.93,
            "roe_4q": -15.53,
            "gross_profit": 88663,
            "gross_margin": 31.49,
            "gross_margin_4q_avg": 30.54,
            "net_income": -48452,
            "net_income_4q": null,
            "revenue": 281594,
            "revenue_4q": null,
            "common_shares": 1716490,
            "book_valuer_per_share": 7,
            "book_valuer_per_share_4q_avg": 7.68,
            "equity": 1202338,
            "current_ratio": 234.41,
            "debt_ratio": 36.93,
            "inventory_turnover_ratio": 1.18,
            "account_receivable_turnover_ratio": 2.14,
            "reinvestment_rate": null,
            "research_to_sale_ratio": 11.66,
            "price_fair": 14,
            "eps_avg_yearly": 0.4,
            "eps_latest_yearly": 0.68,
            "eps_growth_yearly": 1133.98
        },
        "20142": {
            "year_quarter": 20142,
            "year": 2014,
            "quarter": 2,
            "eps": -0.55,
            "eps_growth_year": null,
            "eps_4q": -1.42,
            "eps_4q_growth_year": null,
            "roe": -7.74,
            "roe_4q": -19.6,
            "gross_profit": 58517,
            "gross_margin": 25.61,
            "gross_margin_4q_avg": 29.71,
            "net_income": -90038,
            "net_income_4q": null,
            "revenue": 228455,
            "revenue_4q": null,
            "common_shares": 1716490,
            "book_valuer_per_share": 6.54,
            "book_valuer_per_share_4q_avg": 7.26,
            "equity": 1124853,
            "current_ratio": 213.93,
            "debt_ratio": 39.45,
            "inventory_turnover_ratio": 1.02,
            "account_receivable_turnover_ratio": 1.84,
            "reinvestment_rate": null,
            "research_to_sale_ratio": 13.49,
            "price_fair": 14,
            "eps_avg_yearly": 0.4,
            "eps_latest_yearly": 0.68,
            "eps_growth_yearly": 1133.98
        },
        "20143": {
            "year_quarter": 20143,
            "year": 2014,
            "quarter": 3,
            "eps": -0.76,
            "eps_growth_year": null,
            "eps_4q": -2.23,
            "eps_4q_growth_year": null,
            "roe": -7.54,
            "roe_4q": -22.57,
            "gross_profit": 48456,
            "gross_margin": 17.92,
            "gross_margin_4q_avg": 27.02,
            "net_income": -85490,
            "net_income_4q": null,
            "revenue": 270339,
            "revenue_4q": null,
            "common_shares": 1205092,
            "book_valuer_per_share": 9.46,
            "book_valuer_per_share_4q_avg": 7.59,
            "equity": 1142307,
            "current_ratio": 194.71,
            "debt_ratio": 40.76,
            "inventory_turnover_ratio": 1.16,
            "account_receivable_turnover_ratio": 2,
            "reinvestment_rate": null,
            "research_to_sale_ratio": 12.2,
            "price_fair": 14,
            "eps_avg_yearly": 0.4,
            "eps_latest_yearly": 0.68,
            "eps_growth_yearly": 1133.98
        },
        "20144": {
            "year_quarter": 20144,
            "year": 2014,
            "quarter": 4,
            "eps": -0.77,
            "eps_growth_year": null,
            "eps_4q": -2.64,
            "eps_4q_growth_year": null,
            "roe": -8.31,
            "roe_4q": -27.520000000000003,
            "gross_profit": 73590,
            "gross_margin": 20.82,
            "gross_margin_4q_avg": 23.96,
            "net_income": -92772,
            "net_income_4q": null,
            "revenue": 353469,
            "revenue_4q": null,
            "common_shares": 1205092,
            "book_valuer_per_share": 9.04,
            "book_valuer_per_share_4q_avg": 8.01,
            "equity": 1091252,
            "current_ratio": 180.57,
            "debt_ratio": 43.37,
            "inventory_turnover_ratio": 1.43,
            "account_receivable_turnover_ratio": 1.99,
            "reinvestment_rate": null,
            "research_to_sale_ratio": 7.51,
            "price_fair": 11.48,
            "eps_avg_yearly": 0.33,
            "eps_latest_yearly": 0.68,
            "eps_growth_yearly": 1332.21
        },
        "20151": {
            "year_quarter": 20151,
            "year": 2015,
            "quarter": 1,
            "eps": -0.56,
            "eps_growth_year": null,
            "eps_4q": -2.81,
            "eps_4q_growth_year": null,
            "roe": -5.99,
            "roe_4q": -29.58,
            "gross_profit": 82222,
            "gross_margin": 24.5,
            "gross_margin_4q_avg": 22.21,
            "net_income": -64107,
            "net_income_4q": null,
            "revenue": 335604,
            "revenue_4q": null,
            "common_shares": 1186276,
            "book_valuer_per_share": 8.82,
            "book_valuer_per_share_4q_avg": 8.47,
            "equity": 1048561,
            "current_ratio": 181.64,
            "debt_ratio": 42.38,
            "inventory_turnover_ratio": 1.33,
            "account_receivable_turnover_ratio": 1.62,
            "reinvestment_rate": null,
            "research_to_sale_ratio": 8.59,
            "price_fair": 14,
            "eps_avg_yearly": 0.4,
            "eps_latest_yearly": 0.68,
            "eps_growth_yearly": 1760
        },
        "20152": {
            "year_quarter": 20152,
            "year": 2015,
            "quarter": 2,
            "eps": -0.6,
            "eps_growth_year": null,
            "eps_4q": -2.63,
            "eps_4q_growth_year": null,
            "roe": -7,
            "roe_4q": -28.84,
            "gross_profit": 74647,
            "gross_margin": 22.94,
            "gross_margin_4q_avg": 21.55,
            "net_income": -69242,
            "net_income_4q": null,
            "revenue": 325447,
            "revenue_4q": null,
            "common_shares": 1186276,
            "book_valuer_per_share": 7.84,
            "book_valuer_per_share_4q_avg": 8.79,
            "equity": 931127,
            "current_ratio": 169.04,
            "debt_ratio": 46.57,
            "inventory_turnover_ratio": 1.24,
            "account_receivable_turnover_ratio": 1.57,
            "reinvestment_rate": null,
            "research_to_sale_ratio": 10.85,
            "price_fair": 11.67,
            "eps_avg_yearly": 0.33,
            "eps_latest_yearly": 0.68,
            "eps_growth_yearly": 480
        },
        "20153": {
            "year_quarter": 20153,
            "year": 2015,
            "quarter": 3,
            "eps": -0.11,
            "eps_growth_year": null,
            "eps_4q": -2.01,
            "eps_4q_growth_year": null,
            "roe": -1.26,
            "roe_4q": -22.560000000000002,
            "gross_profit": 108623,
            "gross_margin": 25.1,
            "gross_margin_4q_avg": 23.34,
            "net_income": -11691,
            "net_income_4q": null,
            "revenue": 432703,
            "revenue_4q": null,
            "common_shares": 1186276,
            "book_valuer_per_share": 7.83,
            "book_valuer_per_share_4q_avg": 8.38,
            "equity": 931220,
            "current_ratio": 159.86,
            "debt_ratio": 49.58,
            "inventory_turnover_ratio": 1.55,
            "account_receivable_turnover_ratio": 1.98,
            "reinvestment_rate": null,
            "research_to_sale_ratio": 7.32,
            "price_fair": 14,
            "eps_avg_yearly": 0.4,
            "eps_latest_yearly": 0.68,
            "eps_growth_yearly": 853.33
        },
        "20154": {
            "year_quarter": 20154,
            "year": 2015,
            "quarter": 4,
            "eps": -0.28,
            "eps_growth_year": null,
            "eps_4q": -1.51,
            "eps_4q_growth_year": null,
            "roe": -3.36,
            "roe_4q": -17.61,
            "gross_profit": 144671,
            "gross_margin": 30.84,
            "gross_margin_4q_avg": 25.85,
            "net_income": -30648,
            "net_income_4q": null,
            "revenue": 469142,
            "revenue_4q": null,
            "common_shares": 1186276,
            "book_valuer_per_share": 7.51,
            "book_valuer_per_share_4q_avg": 8,
            "equity": 895304,
            "current_ratio": 156.15,
            "debt_ratio": 50.94,
            "inventory_turnover_ratio": 1.45,
            "account_receivable_turnover_ratio": 1.99,
            "reinvestment_rate": null,
            "research_to_sale_ratio": 7.9,
            "price_fair": 23.8,
            "eps_avg_yearly": 0.68,
            "eps_latest_yearly": 0.68,
            "eps_growth_yearly": 1866.67
        },
        "20161": {
            "year_quarter": 20161,
            "year": 2016,
            "quarter": 1,
            "eps": -0.57,
            "eps_growth_year": null,
            "eps_4q": -1.52,
            "eps_4q_growth_year": null,
            "roe": -7.39,
            "roe_4q": -19.009999999999998,
            "gross_profit": 98227,
            "gross_margin": 31.37,
            "gross_margin_4q_avg": 27.56,
            "net_income": -66394,
            "net_income_4q": null,
            "revenue": 313097,
            "revenue_4q": null,
            "common_shares": 1186276,
            "book_valuer_per_share": 7.55,
            "book_valuer_per_share_4q_avg": 7.68,
            "equity": 900878,
            "current_ratio": 159.48,
            "debt_ratio": 47.05,
            "inventory_turnover_ratio": 0.93,
            "account_receivable_turnover_ratio": 1.61,
            "reinvestment_rate": null,
            "research_to_sale_ratio": 8.28,
            "price_fair": 0,
            "eps_avg_yearly": 0,
            "eps_latest_yearly": 0,
            "eps_growth_yearly": 0
        },
        "20162": {
            "year_quarter": 20162,
            "year": 2016,
            "quarter": 2,
            "eps": -0.82,
            "eps_growth_year": null,
            "eps_4q": -1.75,
            "eps_4q_growth_year": null,
            "roe": -11.36,
            "roe_4q": -23.37,
            "gross_profit": 55845,
            "gross_margin": 25.48,
            "gross_margin_4q_avg": 28.2,
            "net_income": -94445,
            "net_income_4q": null,
            "revenue": 219172,
            "revenue_4q": null,
            "common_shares": 1186276,
            "book_valuer_per_share": 6.37,
            "book_valuer_per_share_4q_avg": 7.32,
            "equity": 761418,
            "current_ratio": 144.06,
            "debt_ratio": 53.65,
            "inventory_turnover_ratio": 0.7,
            "account_receivable_turnover_ratio": 1.38,
            "reinvestment_rate": null,
            "research_to_sale_ratio": 11.45,
            "price_fair": 0,
            "eps_avg_yearly": 0,
            "eps_latest_yearly": 0,
            "eps_growth_yearly": 0
        },
        "20163": {
            "year_quarter": 20163,
            "year": 2016,
            "quarter": 3,
            "eps": -0.58,
            "eps_growth_year": null,
            "eps_4q": -2.21,
            "eps_4q_growth_year": null,
            "roe": -9.05,
            "roe_4q": -31.16,
            "gross_profit": 77324,
            "gross_margin": 22.75,
            "gross_margin_4q_avg": 27.61,
            "net_income": -65767,
            "net_income_4q": null,
            "revenue": 339883,
            "revenue_4q": null,
            "common_shares": 1185153,
            "book_valuer_per_share": 5.78,
            "book_valuer_per_share_4q_avg": 6.8,
            "equity": 692287,
            "current_ratio": 138.96,
            "debt_ratio": 55.63,
            "inventory_turnover_ratio": 1.02,
            "account_receivable_turnover_ratio": 1.92,
            "reinvestment_rate": null,
            "research_to_sale_ratio": 8.36,
            "price_fair": 0,
            "eps_avg_yearly": 0,
            "eps_latest_yearly": 0,
            "eps_growth_yearly": 0
        },
        "20164": {
            "year_quarter": 20164,
            "year": 2016,
            "quarter": 4,
            "eps": -1.18,
            "eps_growth_year": null,
            "eps_4q": -3.15,
            "eps_4q_growth_year": null,
            "roe": -22.81,
            "roe_4q": -50.61,
            "gross_profit": 20650,
            "gross_margin": 7.74,
            "gross_margin_4q_avg": 21.84,
            "net_income": -138308,
            "net_income_4q": null,
            "revenue": 266700,
            "revenue_4q": null,
            "common_shares": 1164934,
            "book_valuer_per_share": 4.41,
            "book_valuer_per_share_4q_avg": 6.03,
            "equity": 520417,
            "current_ratio": 119.78,
            "debt_ratio": 64.21,
            "inventory_turnover_ratio": 1.02,
            "account_receivable_turnover_ratio": 1.56,
            "reinvestment_rate": null,
            "research_to_sale_ratio": 10.96,
            "price_fair": 0,
            "eps_avg_yearly": 0,
            "eps_latest_yearly": 0,
            "eps_growth_yearly": 0
        },
        "20171": {
            "year_quarter": 20171,
            "year": 2017,
            "quarter": 1,
            "eps": -0.53,
            "eps_growth_year": null,
            "eps_4q": -3.11,
            "eps_4q_growth_year": null,
            "roe": -12.76,
            "roe_4q": -55.980000000000004,
            "gross_profit": 88026,
            "gross_margin": 31.59,
            "gross_margin_4q_avg": 21.89,
            "net_income": -62713,
            "net_income_4q": null,
            "revenue": 278619,
            "revenue_4q": null,
            "common_shares": 1164934,
            "book_valuer_per_share": 3.92,
            "book_valuer_per_share_4q_avg": 5.12,
            "equity": 462383,
            "current_ratio": 119.25,
            "debt_ratio": 64.48,
            "inventory_turnover_ratio": 0.86,
            "account_receivable_turnover_ratio": 1.86,
            "reinvestment_rate": null,
            "research_to_sale_ratio": 8.26,
            "price_fair": 0,
            "eps_avg_yearly": 0,
            "eps_latest_yearly": 0,
            "eps_growth_yearly": 0
        },
        "20172": {
            "year_quarter": 20172,
            "year": 2017,
            "quarter": 2,
            "eps": -0.33,
            "eps_growth_year": null,
            "eps_4q": -2.62,
            "eps_4q_growth_year": null,
            "roe": -8.4,
            "roe_4q": -53.019999999999996,
            "gross_profit": 110112,
            "gross_margin": 30.46,
            "gross_margin_4q_avg": 23.14,
            "net_income": -35277,
            "net_income_4q": null,
            "revenue": 361497,
            "revenue_4q": null,
            "common_shares": 1164934,
            "book_valuer_per_share": 3.17,
            "book_valuer_per_share_4q_avg": 4.32,
            "equity": 377579,
            "current_ratio": 114.34,
            "debt_ratio": 69.23,
            "inventory_turnover_ratio": 1.2,
            "account_receivable_turnover_ratio": 2.38,
            "reinvestment_rate": null,
            "research_to_sale_ratio": 4.64,
            "price_fair": 0,
            "eps_avg_yearly": 0,
            "eps_latest_yearly": 0,
            "eps_growth_yearly": 0
        },
        "20173": {
            "year_quarter": 20173,
            "year": 2017,
            "quarter": 3,
            "eps": 0.09,
            "eps_growth_year": null,
            "eps_4q": -1.95,
            "eps_4q_growth_year": null,
            "roe": 2.92,
            "roe_4q": -41.05,
            "gross_profit": 117592,
            "gross_margin": 30.74,
            "gross_margin_4q_avg": 25.13,
            "net_income": 11174,
            "net_income_4q": null,
            "revenue": 382574,
            "revenue_4q": null,
            "common_shares": 1164934,
            "book_valuer_per_share": 3.25,
            "book_valuer_per_share_4q_avg": 3.69,
            "equity": 387824,
            "current_ratio": 111.97,
            "debt_ratio": 70.96,
            "inventory_turnover_ratio": 1.39,
            "account_receivable_turnover_ratio": 2.01,
            "reinvestment_rate": null,
            "research_to_sale_ratio": 3.56,
            "price_fair": 0,
            "eps_avg_yearly": 0,
            "eps_latest_yearly": 0,
            "eps_growth_yearly": 0
        },
        "20174": {
            "year_quarter": 20174,
            "year": 2017,
            "quarter": 4,
            "eps": -0.42,
            "eps_growth_year": null,
            "eps_4q": -1.68,
            "eps_4q_growth_year": null,
            "roe": -5.34,
            "roe_4q": -23.58,
            "gross_profit": 122061,
            "gross_margin": 36.75,
            "gross_margin_4q_avg": 32.39,
            "net_income": -31585,
            "net_income_4q": null,
            "revenue": 332163,
            "revenue_4q": null,
            "common_shares": 714480,
            "book_valuer_per_share": 11.01,
            "book_valuer_per_share_4q_avg": 5.34,
            "equity": 794224,
            "current_ratio": 170.54,
            "debt_ratio": 48.43,
            "inventory_turnover_ratio": 1.11,
            "account_receivable_turnover_ratio": 1.68,
            "reinvestment_rate": null,
            "research_to_sale_ratio": 9.37,
            "price_fair": 0,
            "eps_avg_yearly": 0,
            "eps_latest_yearly": 0,
            "eps_growth_yearly": 0
        },
        "20181": {
            "year_quarter": 20181,
            "year": 2018,
            "quarter": 1,
            "eps": -0.5,
            "eps_growth_year": null,
            "eps_4q": -1.31,
            "eps_4q_growth_year": null,
            "roe": -4.66,
            "roe_4q": -15.48,
            "gross_profit": 106288,
            "gross_margin": 33.46,
            "gross_margin_4q_avg": 32.85,
            "net_income": -35606,
            "net_income_4q": null,
            "revenue": 317618,
            "revenue_4q": null,
            "common_shares": 714480,
            "book_valuer_per_share": 10.18,
            "book_valuer_per_share_4q_avg": 6.9,
            "equity": 735198,
            "current_ratio": 220.02,
            "debt_ratio": 38.82,
            "inventory_turnover_ratio": 1.09,
            "account_receivable_turnover_ratio": 1.88,
            "reinvestment_rate": null,
            "research_to_sale_ratio": 7.44,
            "price_fair": 0,
            "eps_avg_yearly": 0,
            "eps_latest_yearly": 0,
            "eps_growth_yearly": 0
        },
        "20182": {
            "year_quarter": 20182,
            "year": 2018,
            "quarter": 2,
            "eps": 0,
            "eps_growth_year": null,
            "eps_4q": -0.77,
            "eps_4q_growth_year": null,
            "roe": 0.19,
            "roe_4q": -6.889999999999999,
            "gross_profit": 130101,
            "gross_margin": 35.99,
            "gross_margin_4q_avg": 34.24,
            "net_income": 1383,
            "net_income_4q": null,
            "revenue": 361499,
            "revenue_4q": null,
            "common_shares": 714480,
            "book_valuer_per_share": 10.09,
            "book_valuer_per_share_4q_avg": 8.63,
            "equity": 729894,
            "current_ratio": 205.62,
            "debt_ratio": 41,
            "inventory_turnover_ratio": 1.01,
            "account_receivable_turnover_ratio": 1.9,
            "reinvestment_rate": null,
            "research_to_sale_ratio": 5.62,
            "price_fair": 0,
            "eps_avg_yearly": 0,
            "eps_latest_yearly": 0,
            "eps_growth_yearly": 0
        },
        "20183": {
            "year_quarter": 20183,
            "year": 2018,
            "quarter": 3,
            "eps": 0.15,
            "eps_growth_year": 66.67,
            "eps_4q": -0.77,
            "eps_4q_growth_year": null,
            "roe": 1.58,
            "roe_4q": -8.23,
            "gross_profit": 143939,
            "gross_margin": 28.77,
            "gross_margin_4q_avg": 33.74,
            "net_income": 11616,
            "net_income_4q": null,
            "revenue": 500381,
            "revenue_4q": null,
            "common_shares": 714480,
            "book_valuer_per_share": 10.15,
            "book_valuer_per_share_4q_avg": 10.36,
            "equity": 739690,
            "current_ratio": 181.84,
            "debt_ratio": 46.2,
            "inventory_turnover_ratio": 1.22,
            "account_receivable_turnover_ratio": 2.1,
            "reinvestment_rate": null,
            "research_to_sale_ratio": 3.95,
            "price_fair": 0,
            "eps_avg_yearly": 0,
            "eps_latest_yearly": 0,
            "eps_growth_yearly": 0
        },
        "20184": {
            "year_quarter": 20184,
            "year": 2018,
            "quarter": 4,
            "eps": 0.16,
            "eps_growth_year": null,
            "eps_4q": -0.19,
            "eps_4q_growth_year": null,
            "roe": 1.53,
            "roe_4q": -1.3599999999999999,
            "gross_profit": 155182,
            "gross_margin": 29.59,
            "gross_margin_4q_avg": 31.95,
            "net_income": 11676,
            "net_income_4q": null,
            "revenue": 524360,
            "revenue_4q": null,
            "common_shares": 714480,
            "book_valuer_per_share": 10.74,
            "book_valuer_per_share_4q_avg": 10.29,
            "equity": 781862,
            "current_ratio": 176.21,
            "debt_ratio": 45.89,
            "inventory_turnover_ratio": 1.13,
            "account_receivable_turnover_ratio": 2.19,
            "reinvestment_rate": null,
            "research_to_sale_ratio": 2.49,
            "price_fair": 22.4,
            "eps_avg_yearly": 0.64,
            "eps_latest_yearly": 0.64,
            "eps_growth_yearly": 26.67
        },
        "20191": {
            "year_quarter": 20191,
            "year": 2019,
            "quarter": 1,
            "eps": 0.05,
            "eps_growth_year": null,
            "eps_4q": 0.36,
            "eps_4q_growth_year": null,
            "roe": 0.39,
            "roe_4q": 3.69,
            "gross_profit": 127230,
            "gross_margin": 28.67,
            "gross_margin_4q_avg": 30.76,
            "net_income": 3083,
            "net_income_4q": null,
            "revenue": 443748,
            "revenue_4q": null,
            "common_shares": 714480,
            "book_valuer_per_share": 10.89,
            "book_valuer_per_share_4q_avg": 10.47,
            "equity": 792374,
            "current_ratio": 163.74,
            "debt_ratio": 50.01,
            "inventory_turnover_ratio": 0.86,
            "account_receivable_turnover_ratio": 1.91,
            "reinvestment_rate": null,
            "research_to_sale_ratio": 2.89,
            "price_fair": 1.26,
            "eps_avg_yearly": 0.42,
            "eps_latest_yearly": 0.2,
            "eps_growth_yearly": -124.17
        },
        "20192": {
            "year_quarter": 20192,
            "year": 2019,
            "quarter": 2,
            "eps": 0.06,
            "eps_growth_year": null,
            "eps_4q": 0.43,
            "eps_4q_growth_year": null,
            "roe": 0.72,
            "roe_4q": 4.22,
            "gross_profit": 133309,
            "gross_margin": 27.74,
            "gross_margin_4q_avg": 28.69,
            "net_income": 5629,
            "net_income_4q": null,
            "revenue": 480588,
            "revenue_4q": null,
            "common_shares": 714480,
            "book_valuer_per_share": 10.58,
            "book_valuer_per_share_4q_avg": 10.59,
            "equity": 770131,
            "current_ratio": 152.89,
            "debt_ratio": 54.1,
            "inventory_turnover_ratio": 0.85,
            "account_receivable_turnover_ratio": 1.59,
            "reinvestment_rate": null,
            "research_to_sale_ratio": 2.59,
            "price_fair": 1.08,
            "eps_avg_yearly": 0.36,
            "eps_latest_yearly": 0.24,
            "eps_growth_yearly": -56.11
        },
        "20193": {
            "year_quarter": 20193,
            "year": 2019,
            "quarter": 3,
            "eps": -0.04,
            "eps_growth_year": -126.67,
            "eps_4q": 0.23,
            "eps_4q_growth_year": null,
            "roe": 0.06,
            "roe_4q": 2.7,
            "gross_profit": 134015,
            "gross_margin": 30.42,
            "gross_margin_4q_avg": 29.11,
            "net_income": 476,
            "net_income_4q": null,
            "revenue": 440512,
            "revenue_4q": null,
            "common_shares": 714480,
            "book_valuer_per_share": 10.38,
            "book_valuer_per_share_4q_avg": 10.65,
            "equity": 758570,
            "current_ratio": 154.7,
            "debt_ratio": 53.09,
            "inventory_turnover_ratio": 0.79,
            "account_receivable_turnover_ratio": 1.39,
            "reinvestment_rate": null,
            "research_to_sale_ratio": 2.74,
            "price_fair": 1.08,
            "eps_avg_yearly": 0.36,
            "eps_latest_yearly": 0.24,
            "eps_growth_yearly": -56.11
        },
        "20194": {
            "year_quarter": 20194,
            "year": 2019,
            "quarter": 4,
            "eps": -2.42,
            "eps_growth_year": -1613.48,
            "eps_4q": -2.35,
            "eps_4q_growth_year": null,
            "roe": -25.86,
            "roe_4q": -24.69,
            "gross_profit": 67978,
            "gross_margin": 18.88,
            "gross_margin_4q_avg": 26.43,
            "net_income": -174452,
            "net_income_4q": null,
            "revenue": 360128,
            "revenue_4q": null,
            "common_shares": 714480,
            "book_valuer_per_share": 8.05,
            "book_valuer_per_share_4q_avg": 9.98,
            "equity": 590691,
            "current_ratio": 139.83,
            "debt_ratio": 57.99,
            "inventory_turnover_ratio": 0.86,
            "account_receivable_turnover_ratio": 1.46,
            "reinvestment_rate": null,
            "research_to_sale_ratio": 3.64,
            "price_fair": 1.08,
            "eps_avg_yearly": 0.36,
            "eps_latest_yearly": 0.24,
            "eps_growth_yearly": -56.11
        },
        "20201": {
            "year_quarter": 20201,
            "year": 2020,
            "quarter": 1,
            "eps": -0.64,
            "eps_growth_year": -1380,
            "eps_4q": -3.04,
            "eps_4q_growth_year": -932.53,
            "roe": -8.48,
            "roe_4q": -33.56,
            "gross_profit": 64873,
            "gross_margin": 22.86,
            "gross_margin_4q_avg": 24.98,
            "net_income": -47623,
            "net_income_4q": null,
            "revenue": 283794,
            "revenue_4q": null,
            "common_shares": 714480,
            "book_valuer_per_share": 7.28,
            "book_valuer_per_share_4q_avg": 9.07,
            "equity": 533126,
            "current_ratio": 133.25,
            "debt_ratio": 58.71,
            "inventory_turnover_ratio": 0.74,
            "account_receivable_turnover_ratio": 1.52,
            "reinvestment_rate": null,
            "research_to_sale_ratio": 4.7,
            "price_fair": 1.08,
            "eps_avg_yearly": 0.36,
            "eps_latest_yearly": 0.24,
            "eps_growth_yearly": -56.11
        },
        "20202": {
            "year_quarter": 20202,
            "year": 2020,
            "quarter": 2,
            "eps": 0.01,
            "eps_growth_year": -83.33,
            "eps_4q": -3.08,
            "eps_4q_growth_year": -825.52,
            "roe": 0.36,
            "roe_4q": -33.92,
            "gross_profit": 91256,
            "gross_margin": 23.91,
            "gross_margin_4q_avg": 24.02,
            "net_income": 1951,
            "net_income_4q": null,
            "revenue": 381597,
            "revenue_4q": null,
            "common_shares": 714480,
            "book_valuer_per_share": 7.68,
            "book_valuer_per_share_4q_avg": 8.35,
            "equity": 562559,
            "current_ratio": 122.9,
            "debt_ratio": 64.33,
            "inventory_turnover_ratio": 0.84,
            "account_receivable_turnover_ratio": 2,
            "reinvestment_rate": null,
            "research_to_sale_ratio": 2.96,
            "price_fair": 1.08,
            "eps_avg_yearly": 0.36,
            "eps_latest_yearly": 0.24,
            "eps_growth_yearly": -56.11
        },
        "20203": {
            "year_quarter": 20203,
            "year": 2020,
            "quarter": 3,
            "eps": -0.39,
            "eps_growth_year": null,
            "eps_4q": -3.43,
            "eps_4q_growth_year": -1572.32,
            "roe": -4.65,
            "roe_4q": -38.629999999999995,
            "gross_profit": 75842,
            "gross_margin": 14.43,
            "gross_margin_4q_avg": 20.02,
            "net_income": -26076,
            "net_income_4q": null,
            "revenue": 525474,
            "revenue_4q": null,
            "common_shares": 714480,
            "book_valuer_per_share": 7.62,
            "book_valuer_per_share_4q_avg": 7.66,
            "equity": 559938,
            "current_ratio": 122.63,
            "debt_ratio": 63.18,
            "inventory_turnover_ratio": 1.27,
            "account_receivable_turnover_ratio": 2.08,
            "reinvestment_rate": null,
            "research_to_sale_ratio": 0.93,
            "price_fair": 1.08,
            "eps_avg_yearly": 0.36,
            "eps_latest_yearly": 0.24,
            "eps_growth_yearly": -56.11
        },
        "20204": {
            "year_quarter": 20204,
            "year": 2020,
            "quarter": 4,
            "eps": 0.08,
            "eps_growth_year": null,
            "eps_4q": -0.93,
            "eps_4q_growth_year": null,
            "roe": 1.09,
            "roe_4q": -11.680000000000001,
            "gross_profit": 98398,
            "gross_margin": 17.4,
            "gross_margin_4q_avg": 19.65,
            "net_income": 6357,
            "net_income_4q": null,
            "revenue": 565349,
            "revenue_4q": null,
            "common_shares": 714480,
            "book_valuer_per_share": 8.19,
            "book_valuer_per_share_4q_avg": 7.69,
            "equity": 601318,
            "current_ratio": 124.04,
            "debt_ratio": 62.36,
            "inventory_turnover_ratio": 1.7,
            "account_receivable_turnover_ratio": 1.75,
            "reinvestment_rate": null,
            "research_to_sale_ratio": 0.29,
            "price_fair": 1.08,
            "eps_avg_yearly": 0.36,
            "eps_latest_yearly": 0.24,
            "eps_growth_yearly": -56.11
        },
        "20211": {
            "year_quarter": 20211,
            "year": 2021,
            "quarter": 1,
            "eps": 0.13,
            "eps_growth_year": null,
            "eps_4q": -0.16,
            "eps_4q_growth_year": null,
            "roe": 1.91,
            "roe_4q": -1.2900000000000005,
            "gross_profit": 95559,
            "gross_margin": 19.71,
            "gross_margin_4q_avg": 18.86,
            "net_income": 11529,
            "net_income_4q": null,
            "revenue": 484869,
            "revenue_4q": null,
            "common_shares": 714480,
            "book_valuer_per_share": 8.25,
            "book_valuer_per_share_4q_avg": 7.94,
            "equity": 607292,
            "current_ratio": 128.61,
            "debt_ratio": 59.83,
            "inventory_turnover_ratio": 1.73,
            "account_receivable_turnover_ratio": 1.39,
            "reinvestment_rate": null,
            "research_to_sale_ratio": 0.26,
            "price_fair": 12.17,
            "eps_avg_yearly": 0.4,
            "eps_latest_yearly": 0.52,
            "eps_growth_yearly": 20.42
        },
        "20212": {
            "year_quarter": 20212,
            "year": 2021,
            "quarter": 2,
            "eps": 0.16,
            "eps_growth_year": 1500,
            "eps_4q": -0.02,
            "eps_4q_growth_year": null,
            "roe": 1.92,
            "roe_4q": 0.2699999999999996,
            "gross_profit": 96485,
            "gross_margin": 16.79,
            "gross_margin_4q_avg": 17.08,
            "net_income": 11770,
            "net_income_4q": null,
            "revenue": 574743,
            "revenue_4q": null,
            "common_shares": 714480,
            "book_valuer_per_share": 8.45,
            "book_valuer_per_share_4q_avg": 8.13,
            "equity": 618983,
            "current_ratio": 127.03,
            "debt_ratio": 61.42,
            "inventory_turnover_ratio": 2.32,
            "account_receivable_turnover_ratio": 1.68,
            "reinvestment_rate": null,
            "research_to_sale_ratio": 1.02,
            "price_fair": 15.68,
            "eps_avg_yearly": 0.45,
            "eps_latest_yearly": 0.64,
            "eps_growth_yearly": 34.79
        },
        "20213": {
            "year_quarter": 20213,
            "year": 2021,
            "quarter": 3,
            "eps": 1.08,
            "eps_growth_year": null,
            "eps_4q": 1.45,
            "eps_4q_growth_year": null,
            "roe": 12.72,
            "roe_4q": 17.64,
            "gross_profit": 82259,
            "gross_margin": 11.12,
            "gross_margin_4q_avg": 16.26,
            "net_income": 79793,
            "net_income_4q": null,
            "revenue": 739819,
            "revenue_4q": null,
            "common_shares": 714480,
            "book_valuer_per_share": 8.65,
            "book_valuer_per_share_4q_avg": 8.39,
            "equity": 635520,
            "current_ratio": 126.63,
            "debt_ratio": 63.86,
            "inventory_turnover_ratio": 3.26,
            "account_receivable_turnover_ratio": 1.75,
            "reinvestment_rate": null,
            "research_to_sale_ratio": 1.06,
            "price_fair": 38.27,
            "eps_avg_yearly": 1.09,
            "eps_latest_yearly": 4.32,
            "eps_growth_yearly": 412.33
        },
        "20214": {
            "year_quarter": 20214,
            "year": 2021,
            "quarter": 4,
            "eps": 0.46,
            "eps_growth_year": 441.86,
            "eps_4q": 1.82,
            "eps_4q_growth_year": null,
            "roe": 5.18,
            "roe_4q": 21.73,
            "gross_profit": 87248,
            "gross_margin": 11.27,
            "gross_margin_4q_avg": 14.72,
            "net_income": 33259,
            "net_income_4q": null,
            "revenue": 773977,
            "revenue_4q": null,
            "common_shares": 714480,
            "book_valuer_per_share": 8.99,
            "book_valuer_per_share_4q_avg": 8.59,
            "equity": 647594,
            "current_ratio": 135.43,
            "debt_ratio": 61.85,
            "inventory_turnover_ratio": 3.97,
            "account_receivable_turnover_ratio": 1.59,
            "reinvestment_rate": null,
            "research_to_sale_ratio": 0.63,
            "price_fair": 42,
            "eps_avg_yearly": 1.2,
            "eps_latest_yearly": 1.84,
            "eps_growth_yearly": 320.62
        },
        "20221": {
            "year_quarter": 20221,
            "year": 2022,
            "quarter": 1,
            "eps": 0.43,
            "eps_growth_year": 230.77,
            "eps_4q": 2.12,
            "eps_4q_growth_year": null,
            "roe": 4.64,
            "roe_4q": 24.46,
            "gross_profit": 74702,
            "gross_margin": 10.39,
            "gross_margin_4q_avg": 12.39,
            "net_income": 30830,
            "net_income_4q": null,
            "revenue": 718990,
            "revenue_4q": null,
            "common_shares": 714480,
            "book_valuer_per_share": 9.45,
            "book_valuer_per_share_4q_avg": 8.89,
            "equity": 681655,
            "current_ratio": 144.96,
            "debt_ratio": 56.99,
            "inventory_turnover_ratio": 4.87,
            "account_receivable_turnover_ratio": 1.37,
            "reinvestment_rate": null,
            "research_to_sale_ratio": 0.66,
            "price_fair": 44.28,
            "eps_avg_yearly": 1.27,
            "eps_latest_yearly": 1.72,
            "eps_growth_yearly": 277.28
        },
        "20222": {
            "year_quarter": 20222,
            "year": 2022,
            "quarter": 2,
            "eps": 0.94,
            "eps_growth_year": 487.5,
            "eps_4q": 2.9,
            "eps_4q_growth_year": null,
            "roe": 9.49,
            "roe_4q": 32.03,
            "gross_profit": 74671,
            "gross_margin": 8.51,
            "gross_margin_4q_avg": 10.32,
            "net_income": 67236,
            "net_income_4q": null,
            "revenue": 877809,
            "revenue_4q": null,
            "common_shares": 714480,
            "book_valuer_per_share": 10.2,
            "book_valuer_per_share_4q_avg": 9.32,
            "equity": 734924,
            "current_ratio": 135.8,
            "debt_ratio": 61.57,
            "inventory_turnover_ratio": 5.77,
            "account_receivable_turnover_ratio": 1.32,
            "reinvestment_rate": 1893.42,
            "research_to_sale_ratio": 0.45,
            "price_fair": 53.98,
            "eps_avg_yearly": 1.54,
            "eps_latest_yearly": 3.76,
            "eps_growth_yearly": 299.19
        },
        "20223": {
            "year_quarter": 20223,
            "year": 2022,
            "quarter": 3,
            "eps": 0.66,
            "eps_growth_year": -38.89,
            "eps_4q": 2.49,
            "eps_4q_growth_year": 71.56,
            "roe": 6.22,
            "roe_4q": 25.53,
            "gross_profit": 81583,
            "gross_margin": 8.52,
            "gross_margin_4q_avg": 9.67,
            "net_income": 46842,
            "net_income_4q": null,
            "revenue": 956981,
            "revenue_4q": null,
            "common_shares": 714480,
            "book_valuer_per_share": 10.72,
            "book_valuer_per_share_4q_avg": 9.84,
            "equity": 770984,
            "current_ratio": 141.09,
            "debt_ratio": 59.65,
            "inventory_turnover_ratio": 4.96,
            "account_receivable_turnover_ratio": 1.35,
            "reinvestment_rate": 570.5,
            "research_to_sale_ratio": 0.43,
            "price_fair": 57.82,
            "eps_avg_yearly": 1.65,
            "eps_latest_yearly": 2.64,
            "eps_growth_yearly": 257.35
        },
        "20224": {
            "year_quarter": 20224,
            "year": 2022,
            "quarter": 4,
            "eps": 1,
            "eps_growth_year": 118.98,
            "eps_4q": 3.03,
            "eps_4q_growth_year": 66.32,
            "roe": 8.68,
            "roe_4q": 29.03,
            "gross_profit": 78034,
            "gross_margin": 10.06,
            "gross_margin_4q_avg": 9.37,
            "net_income": 70515,
            "net_income_4q": null,
            "revenue": 775771,
            "revenue_4q": null,
            "common_shares": 714480,
            "book_valuer_per_share": 11.88,
            "book_valuer_per_share_4q_avg": 10.56,
            "equity": 853746,
            "current_ratio": 158.25,
            "debt_ratio": 52.52,
            "inventory_turnover_ratio": 3.28,
            "account_receivable_turnover_ratio": 1.36,
            "reinvestment_rate": -60.47,
            "research_to_sale_ratio": 0.42,
            "price_fair": 69.58,
            "eps_avg_yearly": 1.99,
            "eps_latest_yearly": 4,
            "eps_growth_yearly": 275.29
        },
        "20231": {
            "year_quarter": 20231,
            "year": 2023,
            "quarter": 1,
            "eps": 0.74,
            "eps_growth_year": 72.09,
            "eps_4q": 3.35,
            "eps_4q_growth_year": 57.96,
            "roe": 6.53,
            "roe_4q": 30.92,
            "gross_profit": 109170,
            "gross_margin": 9.4,
            "gross_margin_4q_avg": 9.12,
            "net_income": 53322,
            "net_income_4q": null,
            "revenue": 1161515,
            "revenue_4q": null,
            "common_shares": 714480,
            "book_valuer_per_share": 10.84,
            "book_valuer_per_share_4q_avg": 10.91,
            "equity": 779620,
            "current_ratio": 135.94,
            "debt_ratio": 62.72,
            "inventory_turnover_ratio": 4.96,
            "account_receivable_turnover_ratio": 1.7,
            "reinvestment_rate": -55.65,
            "research_to_sale_ratio": 0.37,
            "price_fair": 79.24,
            "eps_avg_yearly": 2.26,
            "eps_latest_yearly": 2.96,
            "eps_growth_yearly": 292.39
        },
        "20232": {
            "year_quarter": 20232,
            "year": 2023,
            "quarter": 2,
            "eps": 0.84,
            "eps_growth_year": -10.64,
            "eps_4q": 3.25,
            "eps_4q_growth_year": 11.88,
            "roe": 7.71,
            "roe_4q": 29.14,
            "gross_profit": 107757,
            "gross_margin": 6.96,
            "gross_margin_4q_avg": 8.74,
            "net_income": 61829,
            "net_income_4q": null,
            "revenue": 1549038,
            "revenue_4q": null,
            "common_shares": 714480,
            "book_valuer_per_share": 11.44,
            "book_valuer_per_share_4q_avg": 11.22,
            "equity": 824035,
            "current_ratio": 129.75,
            "debt_ratio": 68.27,
            "inventory_turnover_ratio": 8.64,
            "account_receivable_turnover_ratio": 1.3,
            "reinvestment_rate": -42.19,
            "research_to_sale_ratio": 0.34,
            "price_fair": 90.16,
            "eps_avg_yearly": 2.58,
            "eps_latest_yearly": 3.36,
            "eps_growth_yearly": 289.8
        },
        "20233": {
            "year_quarter": 20233,
            "year": 2023,
            "quarter": 3,
            "eps": 0.94,
            "eps_growth_year": 42.42,
            "eps_4q": 3.24,
            "eps_4q_growth_year": 30.24,
            "roe": 6.18,
            "roe_4q": 29.1,
            "gross_profit": 115157,
            "gross_margin": 6.87,
            "gross_margin_4q_avg": 8.32,
            "net_income": 67607,
            "net_income_4q": null,
            "revenue": 1675527,
            "revenue_4q": null,
            "common_shares": 784480,
            "book_valuer_per_share": 17.34,
            "book_valuer_per_share_4q_avg": 12.88,
            "equity": 1364694,
            "current_ratio": 160.96,
            "debt_ratio": 56.68,
            "inventory_turnover_ratio": 12.92,
            "account_receivable_turnover_ratio": 1.06,
            "reinvestment_rate": -30.95,
            "research_to_sale_ratio": 0.26,
            "price_fair": 93.93,
            "eps_avg_yearly": 2.68,
            "eps_latest_yearly": 3.76,
            "eps_growth_yearly": 267.78
        }
    },
    "months": {
        "2002-08": {
            "month": "2002-08",
            "price": "83.20",
            "revenue": 1400175
        },
        "2002-09": {
            "month": "2002-09",
            "price": "72.38",
            "revenue": 1533666
        },
        "2002-10": {
            "month": "2002-10",
            "price": "60.01",
            "revenue": 1625664
        },
        "2002-11": {
            "month": "2002-11",
            "price": "56.02",
            "revenue": 1463555
        },
        "2002-12": {
            "month": "2002-12",
            "price": "49.82",
            "revenue": 1383713
        },
        "2003-01": {
            "month": "2003-01",
            "price": "47.64",
            "revenue": 1516433
        },
        "2003-02": {
            "month": "2003-02",
            "price": "42.51",
            "revenue": 1327189
        },
        "2003-03": {
            "month": "2003-03",
            "price": "43.64",
            "revenue": 1609819
        },
        "2003-04": {
            "month": "2003-04",
            "price": "44.30",
            "revenue": 1309933
        },
        "2003-05": {
            "month": "2003-05",
            "price": "34.29",
            "revenue": 1004630
        },
        "2003-06": {
            "month": "2003-06",
            "price": "41.30",
            "revenue": 1307681
        },
        "2003-07": {
            "month": "2003-07",
            "price": "41.67",
            "revenue": 1662426
        },
        "2003-08": {
            "month": "2003-08",
            "price": "37.13",
            "revenue": 1802575
        },
        "2003-09": {
            "month": "2003-09",
            "price": "31.00",
            "revenue": 1643311
        },
        "2003-10": {
            "month": "2003-10",
            "price": "29.42",
            "revenue": 1621291
        },
        "2003-11": {
            "month": "2003-11",
            "price": "29.10",
            "revenue": 1503894
        },
        "2003-12": {
            "month": "2003-12",
            "price": "29.28",
            "revenue": 1334275
        },
        "2004-01": {
            "month": "2004-01",
            "price": "29.31",
            "revenue": 1332092
        },
        "2004-02": {
            "month": "2004-02",
            "price": "31.11",
            "revenue": 1370141
        },
        "2004-03": {
            "month": "2004-03",
            "price": "28.98",
            "revenue": 1422732
        },
        "2004-04": {
            "month": "2004-04",
            "price": "25.91",
            "revenue": 1440406
        },
        "2004-05": {
            "month": "2004-05",
            "price": "19.94",
            "revenue": 1151751
        },
        "2004-06": {
            "month": "2004-06",
            "price": "17.92",
            "revenue": 1108025
        },
        "2004-07": {
            "month": "2004-07",
            "price": "15.36",
            "revenue": 1092690
        },
        "2004-08": {
            "month": "2004-08",
            "price": "13.44",
            "revenue": 1231914
        },
        "2004-09": {
            "month": "2004-09",
            "price": "12.24",
            "revenue": 1269106
        },
        "2004-10": {
            "month": "2004-10",
            "price": "11.06",
            "revenue": 1462984
        },
        "2004-11": {
            "month": "2004-11",
            "price": "11.22",
            "revenue": 1414146
        },
        "2004-12": {
            "month": "2004-12",
            "price": "11.69",
            "revenue": 994191
        },
        "2005-01": {
            "month": "2005-01",
            "price": "10.32",
            "revenue": 1042868
        },
        "2005-02": {
            "month": "2005-02",
            "price": "10.42",
            "revenue": 995409
        },
        "2005-03": {
            "month": "2005-03",
            "price": "12.43",
            "revenue": 1170249
        },
        "2005-04": {
            "month": "2005-04",
            "price": "11.75",
            "revenue": 869675
        },
        "2005-05": {
            "month": "2005-05",
            "price": "10.84",
            "revenue": 692158
        },
        "2005-06": {
            "month": "2005-06",
            "price": "13.36",
            "revenue": 650716
        },
        "2005-07": {
            "month": "2005-07",
            "price": "14.84",
            "revenue": 602563
        },
        "2005-08": {
            "month": "2005-08",
            "price": "13.31",
            "revenue": 944044
        },
        "2005-09": {
            "month": "2005-09",
            "price": "13.72",
            "revenue": 1024123
        },
        "2005-10": {
            "month": "2005-10",
            "price": "10.42",
            "revenue": 1026558
        },
        "2005-11": {
            "month": "2005-11",
            "price": "8.63",
            "revenue": 844071
        },
        "2005-12": {
            "month": "2005-12",
            "price": "10.22",
            "revenue": 724667
        },
        "2006-01": {
            "month": "2006-01",
            "price": "11.73",
            "revenue": 762479
        },
        "2006-02": {
            "month": "2006-02",
            "price": "11.39",
            "revenue": 453232
        },
        "2006-03": {
            "month": "2006-03",
            "price": "10.11",
            "revenue": 556912
        },
        "2006-04": {
            "month": "2006-04",
            "price": "9.62",
            "revenue": 587551
        },
        "2006-05": {
            "month": "2006-05",
            "price": "8.29",
            "revenue": 429298
        },
        "2006-06": {
            "month": "2006-06",
            "price": "6.61",
            "revenue": 375287
        },
        "2006-07": {
            "month": "2006-07",
            "price": "6.18",
            "revenue": 340304
        },
        "2006-08": {
            "month": "2006-08",
            "price": "5.54",
            "revenue": 378123
        },
        "2006-09": {
            "month": "2006-09",
            "price": "5.96",
            "revenue": 408234
        },
        "2006-10": {
            "month": "2006-10",
            "price": "6.68",
            "revenue": 472522
        },
        "2006-11": {
            "month": "2006-11",
            "price": "6.57",
            "revenue": 324657
        },
        "2006-12": {
            "month": "2006-12",
            "price": "8.03",
            "revenue": 249040
        },
        "2007-01": {
            "month": "2007-01",
            "price": "9.59",
            "revenue": 292683
        },
        "2007-02": {
            "month": "2007-02",
            "price": "13.23",
            "revenue": 201693
        },
        "2007-03": {
            "month": "2007-03",
            "price": "14.59",
            "revenue": 320321
        },
        "2007-04": {
            "month": "2007-04",
            "price": "14.20",
            "revenue": 286850
        },
        "2007-05": {
            "month": "2007-05",
            "price": "11.77",
            "revenue": 306032
        },
        "2007-06": {
            "month": "2007-06",
            "price": "14.56",
            "revenue": 292213
        },
        "2007-07": {
            "month": "2007-07",
            "price": "15.66",
            "revenue": 295588
        },
        "2007-08": {
            "month": "2007-08",
            "price": "14.82",
            "revenue": 298642
        },
        "2007-09": {
            "month": "2007-09",
            "price": "14.91",
            "revenue": 299452
        },
        "2007-10": {
            "month": "2007-10",
            "price": "14.36",
            "revenue": 384871
        },
        "2007-11": {
            "month": "2007-11",
            "price": "14.02",
            "revenue": 312893
        },
        "2007-12": {
            "month": "2007-12",
            "price": "12.20",
            "revenue": 268158
        },
        "2008-01": {
            "month": "2008-01",
            "price": "11.41",
            "revenue": 294429
        },
        "2008-02": {
            "month": "2008-02",
            "price": "10.65",
            "revenue": 264557
        },
        "2008-03": {
            "month": "2008-03",
            "price": "12.66",
            "revenue": 298354
        },
        "2008-04": {
            "month": "2008-04",
            "price": "13.20",
            "revenue": 253010
        },
        "2008-05": {
            "month": "2008-05",
            "price": "15.02",
            "revenue": 243057
        },
        "2008-06": {
            "month": "2008-06",
            "price": "17.71",
            "revenue": 195194
        },
        "2008-07": {
            "month": "2008-07",
            "price": "13.89",
            "revenue": 215463
        },
        "2008-08": {
            "month": "2008-08",
            "price": "12.89",
            "revenue": 230913
        },
        "2008-09": {
            "month": "2008-09",
            "price": "9.63",
            "revenue": 238648
        },
        "2008-10": {
            "month": "2008-10",
            "price": "6.83",
            "revenue": 160064
        },
        "2008-11": {
            "month": "2008-11",
            "price": "5.17",
            "revenue": 172324
        },
        "2008-12": {
            "month": "2008-12",
            "price": "5.48",
            "revenue": 129491
        },
        "2009-01": {
            "month": "2009-01",
            "price": "5.10",
            "revenue": 147215
        },
        "2009-02": {
            "month": "2009-02",
            "price": "5.39",
            "revenue": 131862
        },
        "2009-03": {
            "month": "2009-03",
            "price": "6.54",
            "revenue": 168596
        },
        "2009-04": {
            "month": "2009-04",
            "price": "7.52",
            "revenue": 192256
        },
        "2009-05": {
            "month": "2009-05",
            "price": "7.93",
            "revenue": 173626
        },
        "2009-06": {
            "month": "2009-06",
            "price": "8.27",
            "revenue": 229671
        },
        "2009-07": {
            "month": "2009-07",
            "price": "9.08",
            "revenue": 187779
        },
        "2009-08": {
            "month": "2009-08",
            "price": "9.50",
            "revenue": 140138
        },
        "2009-09": {
            "month": "2009-09",
            "price": "11.33",
            "revenue": 190648
        },
        "2009-10": {
            "month": "2009-10",
            "price": "12.75",
            "revenue": 180642
        },
        "2009-11": {
            "month": "2009-11",
            "price": "12.52",
            "revenue": 165311
        },
        "2009-12": {
            "month": "2009-12",
            "price": "13.50",
            "revenue": 153243
        },
        "2010-01": {
            "month": "2010-01",
            "price": "13.27",
            "revenue": 129026
        },
        "2010-02": {
            "month": "2010-02",
            "price": "11.03",
            "revenue": 165949
        },
        "2010-03": {
            "month": "2010-03",
            "price": "12.87",
            "revenue": 200602
        },
        "2010-04": {
            "month": "2010-04",
            "price": "14.06",
            "revenue": 197677
        },
        "2010-05": {
            "month": "2010-05",
            "price": "11.66",
            "revenue": 201419
        },
        "2010-06": {
            "month": "2010-06",
            "price": "11.95",
            "revenue": 235407
        },
        "2010-07": {
            "month": "2010-07",
            "price": "13.32",
            "revenue": 216813
        },
        "2010-08": {
            "month": "2010-08",
            "price": "13.29",
            "revenue": 197447
        },
        "2010-09": {
            "month": "2010-09",
            "price": "12.27",
            "revenue": 173407
        },
        "2010-10": {
            "month": "2010-10",
            "price": "11.97",
            "revenue": 222280
        },
        "2010-11": {
            "month": "2010-11",
            "price": "11.44",
            "revenue": 238679
        },
        "2010-12": {
            "month": "2010-12",
            "price": "12.75",
            "revenue": 208884
        },
        "2011-01": {
            "month": "2011-01",
            "price": "13.04",
            "revenue": 175568
        },
        "2011-02": {
            "month": "2011-02",
            "price": "11.81",
            "revenue": 158926
        },
        "2011-03": {
            "month": "2011-03",
            "price": "11.77",
            "revenue": 196622
        },
        "2011-04": {
            "month": "2011-04",
            "price": "11.36",
            "revenue": 213623
        },
        "2011-05": {
            "month": "2011-05",
            "price": "10.88",
            "revenue": 204637
        },
        "2011-06": {
            "month": "2011-06",
            "price": "10.37",
            "revenue": 207011
        },
        "2011-07": {
            "month": "2011-07",
            "price": "9.37",
            "revenue": 181972
        },
        "2011-08": {
            "month": "2011-08",
            "price": "7.51",
            "revenue": 198933
        },
        "2011-09": {
            "month": "2011-09",
            "price": "7.20",
            "revenue": 170569
        },
        "2011-10": {
            "month": "2011-10",
            "price": "7.10",
            "revenue": 172502
        },
        "2011-11": {
            "month": "2011-11",
            "price": "6.98",
            "revenue": 171569
        },
        "2011-12": {
            "month": "2011-12",
            "price": "6.51",
            "revenue": 118825
        },
        "2012-01": {
            "month": "2012-01",
            "price": "5.94",
            "revenue": 178645
        },
        "2012-02": {
            "month": "2012-02",
            "price": "7.32",
            "revenue": 170396
        },
        "2012-03": {
            "month": "2012-03",
            "price": "7.55",
            "revenue": 184423
        },
        "2012-04": {
            "month": "2012-04",
            "price": "6.58",
            "revenue": 200843
        },
        "2012-05": {
            "month": "2012-05",
            "price": "6.75",
            "revenue": 141837
        },
        "2012-06": {
            "month": "2012-06",
            "price": "6.25",
            "revenue": 116365
        },
        "2012-07": {
            "month": "2012-07",
            "price": "5.99",
            "revenue": 103988
        },
        "2012-08": {
            "month": "2012-08",
            "price": "5.94",
            "revenue": 132508
        },
        "2012-09": {
            "month": "2012-09",
            "price": "5.94",
            "revenue": 117025
        },
        "2012-10": {
            "month": "2012-10",
            "price": "5.44",
            "revenue": 99546
        },
        "2012-11": {
            "month": "2012-11",
            "price": "4.86",
            "revenue": 110277
        },
        "2012-12": {
            "month": "2012-12",
            "price": "5.09",
            "revenue": 105184
        },
        "2013-01": {
            "month": "2013-01",
            "price": "5.22",
            "revenue": 103170
        },
        "2013-02": {
            "month": "2013-02",
            "price": "5.70",
            "revenue": 91841
        },
        "2013-03": {
            "month": "2013-03",
            "price": "5.88",
            "revenue": 139954
        },
        "2013-04": {
            "month": "2013-04",
            "price": "5.94",
            "revenue": 102739
        },
        "2013-05": {
            "month": "2013-05",
            "price": "5.92",
            "revenue": 129756
        },
        "2013-06": {
            "month": "2013-06",
            "price": "5.95",
            "revenue": 110655
        },
        "2013-07": {
            "month": "2013-07",
            "price": "5.86",
            "revenue": 91573
        },
        "2013-08": {
            "month": "2013-08",
            "price": "5.35",
            "revenue": 94100
        },
        "2013-09": {
            "month": "2013-09",
            "price": "5.19",
            "revenue": 81000
        },
        "2013-10": {
            "month": "2013-10",
            "price": "5.32",
            "revenue": 106991
        },
        "2013-11": {
            "month": "2013-11",
            "price": "6.40",
            "revenue": 107851
        },
        "2013-12": {
            "month": "2013-12",
            "price": "6.26",
            "revenue": 78541
        },
        "2014-01": {
            "month": "2014-01",
            "price": "6.55",
            "revenue": 111172
        },
        "2014-02": {
            "month": "2014-02",
            "price": "7.28",
            "revenue": 81459
        },
        "2014-03": {
            "month": "2014-03",
            "price": "7.49",
            "revenue": 88963
        },
        "2014-04": {
            "month": "2014-04",
            "price": "6.35",
            "revenue": 63682
        },
        "2014-05": {
            "month": "2014-05",
            "price": "5.59",
            "revenue": 86067
        },
        "2014-06": {
            "month": "2014-06",
            "price": "6.41",
            "revenue": 78706
        },
        "2014-07": {
            "month": "2014-07",
            "price": "6.42",
            "revenue": 78198
        },
        "2014-08": {
            "month": "2014-08",
            "price": "5.97",
            "revenue": 100016
        },
        "2014-09": {
            "month": "2014-09",
            "price": "5.97",
            "revenue": 92125
        },
        "2014-10": {
            "month": "2014-10",
            "price": "6.59",
            "revenue": 129013
        },
        "2014-11": {
            "month": "2014-11",
            "price": "7.13",
            "revenue": 119070
        },
        "2014-12": {
            "month": "2014-12",
            "price": "7.60",
            "revenue": 104480
        },
        "2015-01": {
            "month": "2015-01",
            "price": "9.68",
            "revenue": 111742
        },
        "2015-02": {
            "month": "2015-02",
            "price": "10.48",
            "revenue": 80484
        },
        "2015-03": {
            "month": "2015-03",
            "price": "13.51",
            "revenue": 144107
        },
        "2015-04": {
            "month": "2015-04",
            "price": "16.50",
            "revenue": 128168
        },
        "2015-05": {
            "month": "2015-05",
            "price": "15.24",
            "revenue": 92803
        },
        "2015-06": {
            "month": "2015-06",
            "price": "14.57",
            "revenue": 103746
        },
        "2015-07": {
            "month": "2015-07",
            "price": "13.68",
            "revenue": 130821
        },
        "2015-08": {
            "month": "2015-08",
            "price": "11.18",
            "revenue": 160414
        },
        "2015-09": {
            "month": "2015-09",
            "price": "11.74",
            "revenue": 141468
        },
        "2015-10": {
            "month": "2015-10",
            "price": "11.85",
            "revenue": 171606
        },
        "2015-11": {
            "month": "2015-11",
            "price": "10.51",
            "revenue": 158103
        },
        "2015-12": {
            "month": "2015-12",
            "price": "9.62",
            "revenue": 139433
        },
        "2016-01": {
            "month": "2016-01",
            "price": "8.91",
            "revenue": 114849
        },
        "2016-02": {
            "month": "2016-02",
            "price": "9.15",
            "revenue": 111829
        },
        "2016-03": {
            "month": "2016-03",
            "price": "8.62",
            "revenue": 86419
        },
        "2016-04": {
            "month": "2016-04",
            "price": "7.30",
            "revenue": 56310
        },
        "2016-05": {
            "month": "2016-05",
            "price": "6.49",
            "revenue": 82049
        },
        "2016-06": {
            "month": "2016-06",
            "price": "6.50",
            "revenue": 80813
        },
        "2016-07": {
            "month": "2016-07",
            "price": "6.95",
            "revenue": 119357
        },
        "2016-08": {
            "month": "2016-08",
            "price": "7.01",
            "revenue": 128296
        },
        "2016-09": {
            "month": "2016-09",
            "price": "6.91",
            "revenue": 92230
        },
        "2016-10": {
            "month": "2016-10",
            "price": "6.24",
            "revenue": 98538
        },
        "2016-11": {
            "month": "2016-11",
            "price": "5.63",
            "revenue": 95524
        },
        "2016-12": {
            "month": "2016-12",
            "price": "4.95",
            "revenue": 72586
        },
        "2017-01": {
            "month": "2017-01",
            "price": "5.36",
            "revenue": 107544
        },
        "2017-02": {
            "month": "2017-02",
            "price": "6.01",
            "revenue": 75184
        },
        "2017-03": {
            "month": "2017-03",
            "price": "5.56",
            "revenue": 95890
        },
        "2017-04": {
            "month": "2017-04",
            "price": "4.32",
            "revenue": 141879
        },
        "2017-05": {
            "month": "2017-05",
            "price": "4.24",
            "revenue": 99880
        },
        "2017-06": {
            "month": "2017-06",
            "price": "4.33",
            "revenue": 119738
        },
        "2017-07": {
            "month": "2017-07",
            "price": "4.10",
            "revenue": 119099
        },
        "2017-08": {
            "month": "2017-08",
            "price": "3.74",
            "revenue": 122831
        },
        "2017-09": {
            "month": "2017-09",
            "price": "3.95",
            "revenue": 144651
        },
        "2017-10": {
            "month": "2017-10",
            "price": "4.11",
            "revenue": 110374
        },
        "2017-11": {
            "month": "2017-11",
            "price": "5.01",
            "revenue": 130036
        },
        "2017-12": {
            "month": "2017-12",
            "price": "16.10",
            "revenue": 98659
        },
        "2018-01": {
            "month": "2018-01",
            "price": "16.57",
            "revenue": 123410
        },
        "2018-02": {
            "month": "2018-02",
            "price": "20.00",
            "revenue": 83430
        },
        "2018-03": {
            "month": "2018-03",
            "price": "23.93",
            "revenue": 110778
        },
        "2018-04": {
            "month": "2018-04",
            "price": "22.77",
            "revenue": 106660
        },
        "2018-05": {
            "month": "2018-05",
            "price": "22.79",
            "revenue": 138636
        },
        "2018-06": {
            "month": "2018-06",
            "price": "22.78",
            "revenue": 116202
        },
        "2018-07": {
            "month": "2018-07",
            "price": "19.81",
            "revenue": 134847
        },
        "2018-08": {
            "month": "2018-08",
            "price": "20.03",
            "revenue": 220146
        },
        "2018-09": {
            "month": "2018-09",
            "price": "20.63",
            "revenue": 145388
        },
        "2018-10": {
            "month": "2018-10",
            "price": "20.19",
            "revenue": 192461
        },
        "2018-11": {
            "month": "2018-11",
            "price": "19.02",
            "revenue": 179571
        },
        "2018-12": {
            "month": "2018-12",
            "price": "19.30",
            "revenue": 157281
        },
        "2019-01": {
            "month": "2019-01",
            "price": "18.93",
            "revenue": 172778
        },
        "2019-02": {
            "month": "2019-02",
            "price": "19.68",
            "revenue": 115961
        },
        "2019-03": {
            "month": "2019-03",
            "price": "22.28",
            "revenue": 155010
        },
        "2019-04": {
            "month": "2019-04",
            "price": "26.66",
            "revenue": 168906
        },
        "2019-05": {
            "month": "2019-05",
            "price": "24.14",
            "revenue": 133306
        },
        "2019-06": {
            "month": "2019-06",
            "price": "22.82",
            "revenue": 178376
        },
        "2019-07": {
            "month": "2019-07",
            "price": "23.38",
            "revenue": 119702
        },
        "2019-08": {
            "month": "2019-08",
            "price": "22.28",
            "revenue": 120925
        },
        "2019-09": {
            "month": "2019-09",
            "price": "20.71",
            "revenue": 199886
        },
        "2019-10": {
            "month": "2019-10",
            "price": "20.75",
            "revenue": 108393
        },
        "2019-11": {
            "month": "2019-11",
            "price": "19.33",
            "revenue": 110500
        },
        "2019-12": {
            "month": "2019-12",
            "price": "17.11",
            "revenue": 142195
        },
        "2020-01": {
            "month": "2020-01",
            "price": "16.39",
            "revenue": 124829
        },
        "2020-02": {
            "month": "2020-02",
            "price": "14.11",
            "revenue": 46246
        },
        "2020-03": {
            "month": "2020-03",
            "price": "9.64",
            "revenue": 112718
        },
        "2020-04": {
            "month": "2020-04",
            "price": "9.25",
            "revenue": 155519
        },
        "2020-05": {
            "month": "2020-05",
            "price": "11.91",
            "revenue": 86610
        },
        "2020-06": {
            "month": "2020-06",
            "price": "15.27",
            "revenue": 165317
        },
        "2020-07": {
            "month": "2020-07",
            "price": "16.11",
            "revenue": 201065
        },
        "2020-08": {
            "month": "2020-08",
            "price": "16.90",
            "revenue": 173669
        },
        "2020-09": {
            "month": "2020-09",
            "price": "16.72",
            "revenue": 124890
        },
        "2020-10": {
            "month": "2020-10",
            "price": "15.41",
            "revenue": 124470
        },
        "2020-11": {
            "month": "2020-11",
            "price": "14.46",
            "revenue": 227920
        },
        "2020-12": {
            "month": "2020-12",
            "price": "15.84",
            "revenue": 212959
        },
        "2021-01": {
            "month": "2021-01",
            "price": "16.30",
            "revenue": 126091
        },
        "2021-02": {
            "month": "2021-02",
            "price": "15.26",
            "revenue": 129026
        },
        "2021-03": {
            "month": "2021-03",
            "price": "16.72",
            "revenue": 229752
        },
        "2021-04": {
            "month": "2021-04",
            "price": "25.20",
            "revenue": 185911
        },
        "2021-05": {
            "month": "2021-05",
            "price": "23.73",
            "revenue": 179492
        },
        "2021-06": {
            "month": "2021-06",
            "price": "23.56",
            "revenue": 209340
        },
        "2021-07": {
            "month": "2021-07",
            "price": "23.67",
            "revenue": 237574
        },
        "2021-08": {
            "month": "2021-08",
            "price": "21.77",
            "revenue": 186365
        },
        "2021-09": {
            "month": "2021-09",
            "price": "20.17",
            "revenue": 315880
        },
        "2021-10": {
            "month": "2021-10",
            "price": "21.99",
            "revenue": 264032
        },
        "2021-11": {
            "month": "2021-11",
            "price": "29.61",
            "revenue": 270247
        },
        "2021-12": {
            "month": "2021-12",
            "price": "45.18",
            "revenue": 239698
        },
        "2022-01": {
            "month": "2022-01",
            "price": "37.42",
            "revenue": 142547
        },
        "2022-02": {
            "month": "2022-02",
            "price": "33.60",
            "revenue": 232502
        },
        "2022-03": {
            "month": "2022-03",
            "price": "31.81",
            "revenue": 343941
        },
        "2022-04": {
            "month": "2022-04",
            "price": "34.36",
            "revenue": 125291
        },
        "2022-05": {
            "month": "2022-05",
            "price": "29.15",
            "revenue": 296611
        },
        "2022-06": {
            "month": "2022-06",
            "price": "28.44",
            "revenue": 455907
        },
        "2022-07": {
            "month": "2022-07",
            "price": "27.83",
            "revenue": 304239
        },
        "2022-08": {
            "month": "2022-08",
            "price": "31.01",
            "revenue": 295547
        },
        "2022-09": {
            "month": "2022-09",
            "price": "38.88",
            "revenue": 357195
        },
        "2022-10": {
            "month": "2022-10",
            "price": "55.00",
            "revenue": 251432
        },
        "2022-11": {
            "month": "2022-11",
            "price": "55.32",
            "revenue": 280064
        },
        "2022-12": {
            "month": "2022-12",
            "price": "50.32",
            "revenue": 244275
        },
        "2023-01": {
            "month": "2023-01",
            "price": "46.05",
            "revenue": 213549
        },
        "2023-02": {
            "month": "2023-02",
            "price": "51.77",
            "revenue": 471099
        },
        "2023-03": {
            "month": "2023-03",
            "price": "65.41",
            "revenue": 476867
        },
        "2023-04": {
            "month": "2023-04",
            "price": "72.44",
            "revenue": 502844
        },
        "2023-05": {
            "month": "2023-05",
            "price": "80.00",
            "revenue": 606360
        },
        "2023-06": {
            "month": "2023-06",
            "price": "92.56",
            "revenue": 439834
        },
        "2023-07": {
            "month": "2023-07",
            "price": "78.68",
            "revenue": 499860
        },
        "2023-08": {
            "month": "2023-08",
            "price": "69.73",
            "revenue": 626337
        },
        "2023-09": {
            "month": "2023-09",
            "price": "73.78",
            "revenue": 549330
        },
        "2023-10": {
            "month": "2023-10",
            "price": "67.89",
            "revenue": 388467
        },
        "2023-11": {
            "month": "2023-11",
            "price": "63.85",
            "revenue": 345564
        },
        "2023-12": {
            "month": "2023-12",
            "price": "63.67",
            "revenue": 546723
        }
    }
}
