{
    "summary": {
        "stock_name": "訊舟",
        "stock_id": "3047",
        "category": "通信網路",
        "main_business": "商用及消費性通訊設備,電信商通訊設備,通訊服務",
        "website_url": "http://www.edimax.com.tw",
        "ceo": "任冠生",
        "pe_ratio": 15,
        "report_year_from": 2001,
        "report_year_to": 2023,
        "age": 22,
        "eps_negative_percentage": 26,
        "eps_growth_avg": {
            "last_all": -26.65,
            "last_2y": -13.64,
            "last_4y": -13.64,
            "last_8y": -28.06,
            "last_12y": -26.03,
            "last_16y": -18.44,
            "last_20y": -26.65,
            "at_2006_last_3y": -33.75,
            "at_2007_last_3y": 66.25,
            "at_2008_last_3y": 18.99,
            "at_2009_last_3y": -1.38,
            "at_2010_last_3y": 6.32,
            "at_2011_last_3y": -43.68,
            "at_2012_last_3y": -33.06,
            "at_2013_last_3y": -21.96,
            "at_2014_last_3y": -48.9,
            "at_2015_last_3y": -10.01,
            "at_2016_last_3y": -17.57,
            "at_2017_last_3y": -35.27,
            "at_2018_last_3y": -41.2,
            "at_2019_last_3y": -70.13,
            "at_2020_last_3y": -13.64,
            "at_2021_last_3y": -13.64,
            "at_2022_last_3y": -13.64,
            "at_2023_last_3y": -13.64,
            "at_2006_last_all": -42.5,
            "at_2007_last_all": -6.88,
            "at_2008_last_all": -20.61,
            "at_2009_last_all": -27.59,
            "at_2010_last_all": -14.6,
            "at_2011_last_all": -25.28,
            "at_2012_last_all": -25.28,
            "at_2013_last_all": -25.71,
            "at_2014_last_all": -24.89,
            "at_2015_last_all": -21.11,
            "at_2016_last_all": -22.71,
            "at_2017_last_all": -28.65,
            "at_2018_last_all": -28.65,
            "at_2019_last_all": -28.65,
            "at_2020_last_all": -21.41,
            "at_2021_last_all": -26.65,
            "at_2022_last_all": -26.65,
            "at_2023_last_all": -26.65
        },
        "latest_eps": 1.08,
        "latest_price": 15.95,
        "latest_roe": 5.05,
        "latest_gross_margin": 22.44,
        "latest_equity": 3373530,
        "latest_revenue": 1143496,
        "latest_gross_profit": 256636,
        "latest_net_income": -67209,
        "latest_debt_ratio": 52.47,
        "latest_current_ratio": 226.02,
        "latest_account_receivable_turnover_ratio": 1.08,
        "latest_inventory_turnover_ratio": 0.55,
        "latest_reinvestment_rate": 39.47,
        "latest_research_to_sale_ratio": 9.47
    },
    "eps_dividends": {
        "1998": {
            "cash": 0,
            "stock": 1.5,
            "eps": 0
        },
        "1999": {
            "cash": 0,
            "stock": 1.2,
            "eps": 0
        },
        "2000": {
            "cash": 0,
            "stock": 1.5,
            "eps": 0
        },
        "2001": {
            "cash": 0,
            "stock": 1.9,
            "eps": 2.9
        },
        "2002": {
            "cash": 0,
            "stock": 2,
            "eps": 1.16
        },
        "2003": {
            "cash": 0,
            "stock": 1,
            "eps": -0.93
        },
        "2004": {
            "cash": 0,
            "stock": 0,
            "eps": -0.41
        },
        "2005": {
            "cash": 0,
            "stock": 0,
            "eps": 1.2
        },
        "2006": {
            "cash": 0,
            "stock": 0.6,
            "eps": 1.59
        },
        "2007": {
            "cash": 0,
            "stock": 1.19,
            "eps": 3.27
        },
        "2008": {
            "cash": 0.5,
            "stock": 1.99,
            "eps": 0.8
        },
        "2009": {
            "cash": 0.1,
            "stock": 0.6,
            "eps": 0.3
        },
        "2010": {
            "cash": 0.1,
            "stock": 0.4,
            "eps": 0.49
        },
        "2011": {
            "cash": 0.15,
            "stock": 0.45,
            "eps": -0.73
        },
        "2012": {
            "cash": 0,
            "stock": 0,
            "eps": 1.13
        },
        "2013": {
            "cash": 0.13,
            "stock": 0.9,
            "eps": 0.8
        },
        "2014": {
            "cash": 0.69,
            "stock": 0,
            "eps": 0.66
        },
        "2015": {
            "cash": 0.6,
            "stock": 0,
            "eps": 0.77
        },
        "2016": {
            "cash": 0.5,
            "stock": 0,
            "eps": 0.46
        },
        "2017": {
            "cash": 0.5,
            "stock": 0,
            "eps": -0.99
        },
        "2018": {
            "cash": 0,
            "stock": 0,
            "eps": -0.15
        },
        "2019": {
            "cash": 0,
            "stock": 0,
            "eps": 0.33
        },
        "2020": {
            "cash": 0.15,
            "stock": 0,
            "eps": 0.57
        },
        "2021": {
            "cash": 0.29,
            "stock": 0,
            "eps": -0.29
        },
        "2022": {
            "cash": 0,
            "stock": 0,
            "eps": 1.28
        },
        "2023": {
            "cash": 1,
            "stock": 0,
            "eps": 0.02
        }
    },
    "dividends": {
        "1998-06-30": {
            "cash": 0,
            "stock": 1.5
        },
        "1999-06-15": {
            "cash": 0,
            "stock": 1.2
        },
        "2000-06-13": {
            "cash": 0,
            "stock": 1.5
        },
        "2001-05-18": {
            "cash": 0,
            "stock": 1.9
        },
        "2002-06-11": {
            "cash": 0,
            "stock": 2
        },
        "2003-04-14": {
            "cash": 0,
            "stock": 1
        },
        "2006-04-24": {
            "cash": 0,
            "stock": 0.6
        },
        "2007-04-16": {
            "cash": 0,
            "stock": 1.19
        },
        "2008-04-18": {
            "cash": 0.5,
            "stock": 1.99
        },
        "2009-04-22": {
            "cash": 0.1,
            "stock": 0.6
        },
        "2010-04-22": {
            "cash": 0.1,
            "stock": 0.4
        },
        "2011-04-22": {
            "cash": 0.15,
            "stock": 0.45
        },
        "2013-04-29": {
            "cash": 0.13,
            "stock": 0.9
        },
        "2014-06-12": {
            "cash": 0.69,
            "stock": 0
        },
        "2015-08-07": {
            "cash": 0.6,
            "stock": 0
        },
        "2016-08-04": {
            "cash": 0.5,
            "stock": 0
        },
        "2017-08-11": {
            "cash": 0.5,
            "stock": 0
        },
        "2020-08-28": {
            "cash": 0.15,
            "stock": 0
        },
        "2021-09-29": {
            "cash": 0.29,
            "stock": 0
        },
        "2023-03-03": {
            "cash": 1,
            "stock": 0
        }
    },
    "prices": {
        "200101": "無",
        "200102": "無",
        "200103": "無",
        "200104": "無",
        "200105": "無",
        "200106": "無",
        "200107": "無",
        "200108": "無",
        "200109": "無",
        "200110": "無",
        "200111": "無",
        "200112": "無",
        "200201": "無",
        "200202": "無",
        "200203": "無",
        "200204": "無",
        "200205": "無",
        "200206": "無",
        "200207": "無",
        "200208": "29.60",
        "200209": "26.59",
        "200210": "26.24",
        "200211": "25.81",
        "200212": "25.94",
        "200301": "25.23",
        "200302": "22.94",
        "200303": "22.63",
        "200304": "19.96",
        "200305": "16.83",
        "200306": "17.78",
        "200307": "17.34",
        "200308": "13.80",
        "200309": "11.62",
        "200310": "11.54",
        "200311": "11.18",
        "200312": "12.84",
        "200401": "14.51",
        "200402": "14.49",
        "200403": "12.60",
        "200404": "12.44",
        "200405": "9.53",
        "200406": "8.23",
        "200407": "7.25",
        "200408": "7.10",
        "200409": "6.99",
        "200410": "6.66",
        "200411": "5.68",
        "200412": "5.65",
        "200501": "5.80",
        "200502": "5.78",
        "200503": "6.63",
        "200504": "5.92",
        "200505": "6.50",
        "200506": "7.17",
        "200507": "8.53",
        "200508": "8.40",
        "200509": "9.57",
        "200510": "10.32",
        "200511": "10.17",
        "200512": "10.74",
        "200601": "13.19",
        "200602": "12.26",
        "200603": "12.72",
        "200604": "13.95",
        "200605": "14.78",
        "200606": "14.80",
        "200607": "15.66",
        "200608": "16.15",
        "200609": "15.25",
        "200610": "15.10",
        "200611": "15.45",
        "200612": "16.63",
        "200701": "19.41",
        "200702": "20.61",
        "200703": "23.05",
        "200704": "27.54",
        "200705": "31.49",
        "200706": "39.48",
        "200707": "39.37",
        "200708": "36.44",
        "200709": "37.24",
        "200710": "39.00",
        "200711": "34.09",
        "200712": "30.80",
        "200801": "29.36",
        "200802": "27.22",
        "200803": "26.81",
        "200804": "28.67",
        "200805": "29.56",
        "200806": "27.02",
        "200807": "25.15",
        "200808": "22.57",
        "200809": "19.64",
        "200810": "16.24",
        "200811": "10.74",
        "200812": "10.17",
        "200901": "9.96",
        "200902": "9.50",
        "200903": "10.00",
        "200904": "12.33",
        "200905": "12.21",
        "200906": "11.87",
        "200907": "12.17",
        "200908": "12.83",
        "200909": "15.13",
        "200910": "17.32",
        "200911": "16.02",
        "200912": "24.78",
        "201001": "25.86",
        "201002": "24.22",
        "201003": "27.36",
        "201004": "27.51",
        "201005": "22.62",
        "201006": "21.80",
        "201007": "23.60",
        "201008": "21.27",
        "201009": "20.30",
        "201010": "21.11",
        "201011": "19.03",
        "201012": "20.47",
        "201101": "19.39",
        "201102": "18.71",
        "201103": "17.53",
        "201104": "17.52",
        "201105": "15.76",
        "201106": "15.79",
        "201107": "13.66",
        "201108": "10.62",
        "201109": "10.08",
        "201110": "9.87",
        "201111": "10.26",
        "201112": "11.92",
        "201201": "11.99",
        "201202": "14.66",
        "201203": "12.70",
        "201204": "11.07",
        "201205": "10.88",
        "201206": "10.32",
        "201207": "10.56",
        "201208": "11.47",
        "201209": "13.28",
        "201210": "12.26",
        "201211": "11.24",
        "201212": "12.10",
        "201301": "12.54",
        "201302": "13.13",
        "201303": "12.97",
        "201304": "12.46",
        "201305": "13.08",
        "201306": "12.91",
        "201307": "13.43",
        "201308": "12.92",
        "201309": "12.73",
        "201310": "12.82",
        "201311": "12.50",
        "201312": "12.56",
        "201401": "13.05",
        "201402": "13.14",
        "201403": "13.78",
        "201404": "14.49",
        "201405": "14.31",
        "201406": "14.92",
        "201407": "14.33",
        "201408": "13.31",
        "201409": "12.86",
        "201410": "11.73",
        "201411": "11.54",
        "201412": "12.12",
        "201501": "12.73",
        "201502": "12.15",
        "201503": "12.26",
        "201504": "11.98",
        "201505": "11.47",
        "201506": "10.35",
        "201507": "9.76",
        "201508": "8.41",
        "201509": "9.19",
        "201510": "10.57",
        "201511": "10.71",
        "201512": "10.21",
        "201601": "11.14",
        "201602": "11.73",
        "201603": "11.60",
        "201604": "10.54",
        "201605": "9.86",
        "201606": "10.24",
        "201607": "10.13",
        "201608": "10.72",
        "201609": "10.84",
        "201610": "10.50",
        "201611": "9.88",
        "201612": "10.27",
        "201701": "10.53",
        "201702": "10.91",
        "201703": "11.14",
        "201704": "10.81",
        "201705": "10.47",
        "201706": "10.80",
        "201707": "10.47",
        "201708": "10.25",
        "201709": "10.41",
        "201710": "10.27",
        "201711": "10.22",
        "201712": "9.84",
        "201801": "9.94",
        "201802": "9.29",
        "201803": "9.15",
        "201804": "8.56",
        "201805": "8.12",
        "201806": "9.91",
        "201807": "9.69",
        "201808": "9.47",
        "201809": "9.96",
        "201810": "8.96",
        "201811": "8.87",
        "201812": "9.55",
        "201901": "9.33",
        "201902": "9.71",
        "201903": "10.23",
        "201904": "11.16",
        "201905": "11.20",
        "201906": "10.30",
        "201907": "10.71",
        "201908": "10.45",
        "201909": "10.44",
        "201910": "10.84",
        "201911": "10.27",
        "201912": "10.59",
        "202001": "10.20",
        "202002": "9.13",
        "202003": "7.28",
        "202004": "7.64",
        "202005": "8.24",
        "202006": "8.95",
        "202007": "10.76",
        "202008": "12.60",
        "202009": "14.92",
        "202010": "14.18",
        "202011": "14.52",
        "202012": "13.98",
        "202101": "12.76",
        "202102": "12.52",
        "202103": "13.24",
        "202104": "14.15",
        "202105": "11.34",
        "202106": "11.16",
        "202107": "10.92",
        "202108": "10.31",
        "202109": "10.12",
        "202110": "10.31",
        "202111": "11.05",
        "202112": "12.66",
        "202201": "13.82",
        "202202": "13.61",
        "202203": "12.38",
        "202204": "11.27",
        "202205": "11.16",
        "202206": "11.85",
        "202207": "12.73",
        "202208": "16.58",
        "202209": "17.55",
        "202210": "15.95",
        "202211": "16.43",
        "202212": "16.47",
        "202301": "15.86",
        "202302": "15.75",
        "202303": "16.33",
        "202304": "16.55",
        "202305": "15.36",
        "202306": "16.09"
    },
    "quarters": {
        "20011": {
            "year_quarter": 20011,
            "year": 2001,
            "quarter": 1,
            "eps": 0.6,
            "eps_growth_year": 275,
            "eps_4q": 2.39,
            "eps_4q_growth_year": null,
            "roe": 4.49,
            "roe_4q": 4.49,
            "gross_profit": 44871,
            "gross_margin": 15.06,
            "gross_margin_4q_avg": 15.06,
            "net_income": 14145,
            "revenue": 298011,
            "common_shares": 235942,
            "book_valuer_per_share": 13.31,
            "book_valuer_per_share_4q_avg": 13.31,
            "equity": 314054,
            "current_ratio": 146.76,
            "debt_ratio": 53.4,
            "inventory_turnover_ratio": 1.06,
            "account_receivable_turnover_ratio": null,
            "reinvestment_rate": null,
            "research_to_sale_ratio": null,
            "price_fair": 0,
            "eps_avg_yearly": 0,
            "eps_latest_yearly": 0,
            "eps_growth_yearly": 0
        },
        "20012": {
            "year_quarter": 20012,
            "year": 2001,
            "quarter": 2,
            "eps": 0.57,
            "eps_growth_year": 29.55,
            "eps_4q": 2.59,
            "eps_4q_growth_year": null,
            "roe": 4.17,
            "roe_4q": 8.66,
            "gross_profit": 48618,
            "gross_margin": 15.41,
            "gross_margin_4q_avg": 15.24,
            "net_income": 13402,
            "revenue": 315506,
            "common_shares": 235942,
            "book_valuer_per_share": 13.91,
            "book_valuer_per_share_4q_avg": 13.61,
            "equity": 328124,
            "current_ratio": 141.9,
            "debt_ratio": 56.56,
            "inventory_turnover_ratio": 1.14,
            "account_receivable_turnover_ratio": null,
            "reinvestment_rate": null,
            "research_to_sale_ratio": null,
            "price_fair": 0,
            "eps_avg_yearly": 0,
            "eps_latest_yearly": 0,
            "eps_growth_yearly": 0
        },
        "20013": {
            "year_quarter": 20013,
            "year": 2001,
            "quarter": 3,
            "eps": 0.62,
            "eps_growth_year": 31.91,
            "eps_4q": 2.4,
            "eps_4q_growth_year": null,
            "roe": 4.8,
            "roe_4q": 13.459999999999999,
            "gross_profit": 67993,
            "gross_margin": 16.93,
            "gross_margin_4q_avg": 15.8,
            "net_income": 17850,
            "revenue": 401572,
            "common_shares": 309859,
            "book_valuer_per_share": 13.43,
            "book_valuer_per_share_4q_avg": 13.55,
            "equity": 416064,
            "current_ratio": 165.84,
            "debt_ratio": 49.26,
            "inventory_turnover_ratio": 1.32,
            "account_receivable_turnover_ratio": null,
            "reinvestment_rate": null,
            "research_to_sale_ratio": null,
            "price_fair": 0,
            "eps_avg_yearly": 0,
            "eps_latest_yearly": 0,
            "eps_growth_yearly": 0
        },
        "20014": {
            "year_quarter": 20014,
            "year": 2001,
            "quarter": 4,
            "eps": 1.11,
            "eps_growth_year": 11,
            "eps_4q": 2.66,
            "eps_4q_growth_year": 38.64,
            "roe": 7.36,
            "roe_4q": 20.82,
            "gross_profit": 80469,
            "gross_margin": 15.28,
            "gross_margin_4q_avg": 15.67,
            "net_income": 32511,
            "revenue": 526476,
            "common_shares": 309859,
            "book_valuer_per_share": 14.5,
            "book_valuer_per_share_4q_avg": 13.79,
            "equity": 467361,
            "current_ratio": 166.15,
            "debt_ratio": 51.61,
            "inventory_turnover_ratio": 1.48,
            "account_receivable_turnover_ratio": null,
            "reinvestment_rate": null,
            "research_to_sale_ratio": null,
            "price_fair": 0,
            "eps_avg_yearly": 0,
            "eps_latest_yearly": 0,
            "eps_growth_yearly": 0
        },
        "20021": {
            "year_quarter": 20021,
            "year": 2002,
            "quarter": 1,
            "eps": 0.54,
            "eps_growth_year": -10,
            "eps_4q": 2.6,
            "eps_4q_growth_year": 8.61,
            "roe": 3.59,
            "roe_4q": 19.92,
            "gross_profit": 56194,
            "gross_margin": 12.7,
            "gross_margin_4q_avg": 15.08,
            "net_income": 16721,
            "revenue": 442361,
            "common_shares": 309859,
            "book_valuer_per_share": 15.02,
            "book_valuer_per_share_4q_avg": 14.22,
            "equity": 465341,
            "current_ratio": 146.42,
            "debt_ratio": 53.75,
            "inventory_turnover_ratio": 1.15,
            "account_receivable_turnover_ratio": null,
            "reinvestment_rate": null,
            "research_to_sale_ratio": null,
            "price_fair": 6.48,
            "eps_avg_yearly": 2.16,
            "eps_latest_yearly": 2.16,
            "eps_growth_yearly": -205.41
        },
        "20022": {
            "year_quarter": 20022,
            "year": 2002,
            "quarter": 2,
            "eps": -0.3,
            "eps_growth_year": -152.63,
            "eps_4q": 1.87,
            "eps_4q_growth_year": -27.85,
            "roe": -2.01,
            "roe_4q": 13.740000000000002,
            "gross_profit": 37327,
            "gross_margin": 9.1,
            "gross_margin_4q_avg": 13.5,
            "net_income": -9244,
            "revenue": 410088,
            "common_shares": 309859,
            "book_valuer_per_share": 14.64,
            "book_valuer_per_share_4q_avg": 14.4,
            "equity": 453775,
            "current_ratio": 186.18,
            "debt_ratio": 59.97,
            "inventory_turnover_ratio": 1.15,
            "account_receivable_turnover_ratio": null,
            "reinvestment_rate": null,
            "research_to_sale_ratio": null,
            "price_fair": 6.48,
            "eps_avg_yearly": 2.16,
            "eps_latest_yearly": 2.16,
            "eps_growth_yearly": -205.41
        },
        "20023": {
            "year_quarter": 20023,
            "year": 2002,
            "quarter": 3,
            "eps": 0.06,
            "eps_growth_year": -90.32,
            "eps_4q": 1.04,
            "eps_4q_growth_year": -56.46,
            "roe": 0.53,
            "roe_4q": 9.47,
            "gross_profit": 43799,
            "gross_margin": 11.06,
            "gross_margin_4q_avg": 12.04,
            "net_income": 2437,
            "revenue": 395931,
            "common_shares": 378843,
            "book_valuer_per_share": 12.16,
            "book_valuer_per_share_4q_avg": 14.08,
            "equity": 460532,
            "current_ratio": 184.34,
            "debt_ratio": 57.29,
            "inventory_turnover_ratio": 1.09,
            "account_receivable_turnover_ratio": null,
            "reinvestment_rate": null,
            "research_to_sale_ratio": null,
            "price_fair": 6.48,
            "eps_avg_yearly": 2.16,
            "eps_latest_yearly": 2.16,
            "eps_growth_yearly": -205.41
        },
        "20024": {
            "year_quarter": 20024,
            "year": 2002,
            "quarter": 4,
            "eps": 0.86,
            "eps_growth_year": -22.52,
            "eps_4q": 1.12,
            "eps_4q_growth_year": -57.85,
            "roe": 6.7,
            "roe_4q": 8.81,
            "gross_profit": 86349,
            "gross_margin": 15.3,
            "gross_margin_4q_avg": 12.04,
            "net_income": 32648,
            "revenue": 564222,
            "common_shares": 380541,
            "book_valuer_per_share": 13.06,
            "book_valuer_per_share_4q_avg": 13.72,
            "equity": 514655,
            "current_ratio": 160.1,
            "debt_ratio": 62.77,
            "inventory_turnover_ratio": 1.1,
            "account_receivable_turnover_ratio": null,
            "reinvestment_rate": null,
            "research_to_sale_ratio": null,
            "price_fair": 98,
            "eps_avg_yearly": 2.8,
            "eps_latest_yearly": 3.44,
            "eps_growth_yearly": 2563.96
        },
        "20031": {
            "year_quarter": 20031,
            "year": 2003,
            "quarter": 1,
            "eps": -0.44,
            "eps_growth_year": -181.48,
            "eps_4q": 0.24,
            "eps_4q_growth_year": -90.91,
            "roe": -3.36,
            "roe_4q": 1.8600000000000003,
            "gross_profit": 44673,
            "gross_margin": 10.39,
            "gross_margin_4q_avg": 11.46,
            "net_income": -16810,
            "revenue": 430131,
            "common_shares": 380541,
            "book_valuer_per_share": 12.75,
            "book_valuer_per_share_4q_avg": 13.15,
            "equity": 485309,
            "current_ratio": 165.78,
            "debt_ratio": 59.38,
            "inventory_turnover_ratio": 0.81,
            "account_receivable_turnover_ratio": null,
            "reinvestment_rate": null,
            "research_to_sale_ratio": null,
            "price_fair": 98,
            "eps_avg_yearly": 2.8,
            "eps_latest_yearly": 3.44,
            "eps_growth_yearly": 2563.96
        },
        "20032": {
            "year_quarter": 20032,
            "year": 2003,
            "quarter": 2,
            "eps": -0.34,
            "eps_growth_year": null,
            "eps_4q": 0.14,
            "eps_4q_growth_year": -92.49,
            "roe": -2.7,
            "roe_4q": 1.1699999999999997,
            "gross_profit": 36549,
            "gross_margin": 9.32,
            "gross_margin_4q_avg": 11.52,
            "net_income": -12939,
            "revenue": 392240,
            "common_shares": 380541,
            "book_valuer_per_share": 12.41,
            "book_valuer_per_share_4q_avg": 12.6,
            "equity": 472094,
            "current_ratio": 171.22,
            "debt_ratio": 58.99,
            "inventory_turnover_ratio": 0.94,
            "account_receivable_turnover_ratio": null,
            "reinvestment_rate": null,
            "research_to_sale_ratio": null,
            "price_fair": 98,
            "eps_avg_yearly": 2.8,
            "eps_latest_yearly": 3.44,
            "eps_growth_yearly": 2563.96
        },
        "20033": {
            "year_quarter": 20033,
            "year": 2003,
            "quarter": 3,
            "eps": -0.43,
            "eps_growth_year": -816.67,
            "eps_4q": -0.37,
            "eps_4q_growth_year": -135.03,
            "roe": -3.97,
            "roe_4q": -3.329999999999999,
            "gross_profit": 43644,
            "gross_margin": 10.85,
            "gross_margin_4q_avg": 11.47,
            "net_income": -18348,
            "revenue": 402245,
            "common_shares": 422282,
            "book_valuer_per_share": 10.68,
            "book_valuer_per_share_4q_avg": 12.23,
            "equity": 451101,
            "current_ratio": 157.14,
            "debt_ratio": 62.22,
            "inventory_turnover_ratio": 0.98,
            "account_receivable_turnover_ratio": null,
            "reinvestment_rate": null,
            "research_to_sale_ratio": null,
            "price_fair": 98,
            "eps_avg_yearly": 2.8,
            "eps_latest_yearly": 3.44,
            "eps_growth_yearly": 2563.96
        },
        "20034": {
            "year_quarter": 20034,
            "year": 2003,
            "quarter": 4,
            "eps": 0.28,
            "eps_growth_year": -67.44,
            "eps_4q": -0.84,
            "eps_4q_growth_year": -175.23,
            "roe": 2.6,
            "roe_4q": -7.43,
            "gross_profit": 74599,
            "gross_margin": 13.09,
            "gross_margin_4q_avg": 10.91,
            "net_income": 11988,
            "revenue": 569865,
            "common_shares": 422282,
            "book_valuer_per_share": 10.75,
            "book_valuer_per_share_4q_avg": 11.65,
            "equity": 471149,
            "current_ratio": 149.4,
            "debt_ratio": 68.39,
            "inventory_turnover_ratio": 1.18,
            "account_receivable_turnover_ratio": null,
            "reinvestment_rate": 67.87,
            "research_to_sale_ratio": null,
            "price_fair": 98,
            "eps_avg_yearly": 2.8,
            "eps_latest_yearly": 3.44,
            "eps_growth_yearly": 2563.96
        },
        "20041": {
            "year_quarter": 20041,
            "year": 2004,
            "quarter": 1,
            "eps": -0.38,
            "eps_growth_year": null,
            "eps_4q": -0.84,
            "eps_4q_growth_year": -456.1,
            "roe": -3.53,
            "roe_4q": -7.6000000000000005,
            "gross_profit": 46165,
            "gross_margin": 12.49,
            "gross_margin_4q_avg": 11.44,
            "net_income": -15882,
            "revenue": 369669,
            "common_shares": 422282,
            "book_valuer_per_share": 10.13,
            "book_valuer_per_share_4q_avg": 10.99,
            "equity": 427715,
            "current_ratio": 141.99,
            "debt_ratio": 65.73,
            "inventory_turnover_ratio": 0.74,
            "account_receivable_turnover_ratio": null,
            "reinvestment_rate": 18.88,
            "research_to_sale_ratio": null,
            "price_fair": 98,
            "eps_avg_yearly": 2.8,
            "eps_latest_yearly": 3.44,
            "eps_growth_yearly": 2563.96
        },
        "20042": {
            "year_quarter": 20042,
            "year": 2004,
            "quarter": 2,
            "eps": 0.44,
            "eps_growth_year": null,
            "eps_4q": -0.09,
            "eps_4q_growth_year": -165.19,
            "roe": 3.58,
            "roe_4q": -1.3199999999999998,
            "gross_profit": 70414,
            "gross_margin": 15.53,
            "gross_margin_4q_avg": 12.99,
            "net_income": 18416,
            "revenue": 453415,
            "common_shares": 598907,
            "book_valuer_per_share": 10.02,
            "book_valuer_per_share_4q_avg": 10.4,
            "equity": 600070,
            "current_ratio": 135.78,
            "debt_ratio": 55.96,
            "inventory_turnover_ratio": 0.93,
            "account_receivable_turnover_ratio": null,
            "reinvestment_rate": 0.14,
            "research_to_sale_ratio": null,
            "price_fair": 98,
            "eps_avg_yearly": 2.8,
            "eps_latest_yearly": 3.44,
            "eps_growth_yearly": 2563.96
        },
        "20043": {
            "year_quarter": 20043,
            "year": 2004,
            "quarter": 3,
            "eps": 0.01,
            "eps_growth_year": null,
            "eps_4q": 0.25,
            "eps_4q_growth_year": null,
            "roe": 0.08,
            "roe_4q": 2.7300000000000004,
            "gross_profit": 45018,
            "gross_margin": 12.42,
            "gross_margin_4q_avg": 13.38,
            "net_income": 488,
            "revenue": 362448,
            "common_shares": 598907,
            "book_valuer_per_share": 10.04,
            "book_valuer_per_share_4q_avg": 10.24,
            "equity": 601489,
            "current_ratio": 141.03,
            "debt_ratio": 50.56,
            "inventory_turnover_ratio": 0.78,
            "account_receivable_turnover_ratio": null,
            "reinvestment_rate": -3.92,
            "research_to_sale_ratio": null,
            "price_fair": 65.8,
            "eps_avg_yearly": 1.88,
            "eps_latest_yearly": 0.04,
            "eps_growth_yearly": 1579.01
        },
        "20044": {
            "year_quarter": 20044,
            "year": 2004,
            "quarter": 4,
            "eps": -0.48,
            "eps_growth_year": -271.43,
            "eps_4q": -0.44,
            "eps_4q_growth_year": null,
            "roe": -4.15,
            "roe_4q": -4.02,
            "gross_profit": 61892,
            "gross_margin": 12.52,
            "gross_margin_4q_avg": 13.24,
            "net_income": -24721,
            "revenue": 494453,
            "common_shares": 598907,
            "book_valuer_per_share": 9.56,
            "book_valuer_per_share_4q_avg": 9.94,
            "equity": 590681,
            "current_ratio": 135.24,
            "debt_ratio": 58.63,
            "inventory_turnover_ratio": 0.97,
            "account_receivable_turnover_ratio": null,
            "reinvestment_rate": 84.33,
            "research_to_sale_ratio": null,
            "price_fair": 65.8,
            "eps_avg_yearly": 1.88,
            "eps_latest_yearly": 0.04,
            "eps_growth_yearly": 1579.01
        },
        "20051": {
            "year_quarter": 20051,
            "year": 2005,
            "quarter": 1,
            "eps": 0.02,
            "eps_growth_year": null,
            "eps_4q": -0.08,
            "eps_4q_growth_year": null,
            "roe": 0.2,
            "roe_4q": -0.29000000000000004,
            "gross_profit": 61065,
            "gross_margin": 15.15,
            "gross_margin_4q_avg": 13.91,
            "net_income": 1167,
            "revenue": 402943,
            "common_shares": 598907,
            "book_valuer_per_share": 9.52,
            "book_valuer_per_share_4q_avg": 9.79,
            "equity": 570139,
            "current_ratio": 132.24,
            "debt_ratio": 48.7,
            "inventory_turnover_ratio": 0.84,
            "account_receivable_turnover_ratio": null,
            "reinvestment_rate": -30.77,
            "research_to_sale_ratio": null,
            "price_fair": 65.8,
            "eps_avg_yearly": 1.88,
            "eps_latest_yearly": 0.04,
            "eps_growth_yearly": 1579.01
        },
        "20052": {
            "year_quarter": 20052,
            "year": 2005,
            "quarter": 2,
            "eps": 0.46,
            "eps_growth_year": 4.55,
            "eps_4q": 0.07,
            "eps_4q_growth_year": null,
            "roe": 4.66,
            "roe_4q": 0.7899999999999999,
            "gross_profit": 80505,
            "gross_margin": 16.82,
            "gross_margin_4q_avg": 14.23,
            "net_income": 27317,
            "revenue": 478552,
            "common_shares": 598907,
            "book_valuer_per_share": 10.05,
            "book_valuer_per_share_4q_avg": 9.79,
            "equity": 601632,
            "current_ratio": 132.92,
            "debt_ratio": 50.75,
            "inventory_turnover_ratio": 1.25,
            "account_receivable_turnover_ratio": null,
            "reinvestment_rate": -36.63,
            "research_to_sale_ratio": null,
            "price_fair": 65.45,
            "eps_avg_yearly": 1.87,
            "eps_latest_yearly": 1.84,
            "eps_growth_yearly": 3384.25
        },
        "20053": {
            "year_quarter": 20053,
            "year": 2005,
            "quarter": 3,
            "eps": 0.3,
            "eps_growth_year": 2900,
            "eps_4q": 0.36,
            "eps_4q_growth_year": 44.41,
            "roe": 2.96,
            "roe_4q": 3.67,
            "gross_profit": 68301,
            "gross_margin": 14.82,
            "gross_margin_4q_avg": 14.83,
            "net_income": 18229,
            "revenue": 460864,
            "common_shares": 598907,
            "book_valuer_per_share": 10.52,
            "book_valuer_per_share_4q_avg": 9.91,
            "equity": 629993,
            "current_ratio": 140.52,
            "debt_ratio": 49.74,
            "inventory_turnover_ratio": 1.15,
            "account_receivable_turnover_ratio": null,
            "reinvestment_rate": -47.76,
            "research_to_sale_ratio": null,
            "price_fair": 60.76,
            "eps_avg_yearly": 1.74,
            "eps_latest_yearly": 1.2,
            "eps_growth_yearly": 2679.58
        },
        "20054": {
            "year_quarter": 20054,
            "year": 2005,
            "quarter": 4,
            "eps": 0.42,
            "eps_growth_year": null,
            "eps_4q": 1.19,
            "eps_4q_growth_year": null,
            "roe": 3.92,
            "roe_4q": 11.739999999999998,
            "gross_profit": 100723,
            "gross_margin": 17.95,
            "gross_margin_4q_avg": 16.19,
            "net_income": 25446,
            "revenue": 561025,
            "common_shares": 598907,
            "book_valuer_per_share": 10.9,
            "book_valuer_per_share_4q_avg": 10.25,
            "equity": 669473,
            "current_ratio": 159.52,
            "debt_ratio": 52.04,
            "inventory_turnover_ratio": 0.96,
            "account_receivable_turnover_ratio": null,
            "reinvestment_rate": 66.1,
            "research_to_sale_ratio": null,
            "price_fair": 60.43,
            "eps_avg_yearly": 1.73,
            "eps_latest_yearly": 1.68,
            "eps_growth_yearly": 2259.65
        },
        "20061": {
            "year_quarter": 20061,
            "year": 2006,
            "quarter": 1,
            "eps": 0.28,
            "eps_growth_year": 1300,
            "eps_4q": 1.48,
            "eps_4q_growth_year": null,
            "roe": 2.48,
            "roe_4q": 14.02,
            "gross_profit": 91634,
            "gross_margin": 17.68,
            "gross_margin_4q_avg": 16.82,
            "net_income": 16581,
            "revenue": 518352,
            "common_shares": 598907,
            "book_valuer_per_share": 11.15,
            "book_valuer_per_share_4q_avg": 10.66,
            "equity": 667567,
            "current_ratio": 157.22,
            "debt_ratio": 45.08,
            "inventory_turnover_ratio": 0.9,
            "account_receivable_turnover_ratio": null,
            "reinvestment_rate": -70.94,
            "research_to_sale_ratio": null,
            "price_fair": 54.37,
            "eps_avg_yearly": 1.55,
            "eps_latest_yearly": 1.12,
            "eps_growth_yearly": 2271.66
        },
        "20062": {
            "year_quarter": 20062,
            "year": 2006,
            "quarter": 2,
            "eps": 0.39,
            "eps_growth_year": -15.22,
            "eps_4q": 1.39,
            "eps_4q_growth_year": 1838.44,
            "roe": 3.48,
            "roe_4q": 12.84,
            "gross_profit": 116953,
            "gross_margin": 18.7,
            "gross_margin_4q_avg": 17.29,
            "net_income": 23556,
            "revenue": 625504,
            "common_shares": 598907,
            "book_valuer_per_share": 11.49,
            "book_valuer_per_share_4q_avg": 11.02,
            "equity": 687998,
            "current_ratio": 149.77,
            "debt_ratio": 49.03,
            "inventory_turnover_ratio": 1.42,
            "account_receivable_turnover_ratio": null,
            "reinvestment_rate": -64.43,
            "research_to_sale_ratio": null,
            "price_fair": 54.4,
            "eps_avg_yearly": 1.55,
            "eps_latest_yearly": 1.56,
            "eps_growth_yearly": 1969.59
        },
        "20063": {
            "year_quarter": 20063,
            "year": 2006,
            "quarter": 3,
            "eps": 0.47,
            "eps_growth_year": 56.67,
            "eps_4q": 1.49,
            "eps_4q_growth_year": 312.62,
            "roe": 4.27,
            "roe_4q": 14.15,
            "gross_profit": 113164,
            "gross_margin": 18.95,
            "gross_margin_4q_avg": 18.32,
            "net_income": 30119,
            "revenue": 597304,
            "common_shares": 639359,
            "book_valuer_per_share": 11.3,
            "book_valuer_per_share_4q_avg": 11.21,
            "equity": 722669,
            "current_ratio": 149.64,
            "debt_ratio": 50.21,
            "inventory_turnover_ratio": 1.25,
            "account_receivable_turnover_ratio": null,
            "reinvestment_rate": -39.27,
            "research_to_sale_ratio": null,
            "price_fair": 55.83,
            "eps_avg_yearly": 1.6,
            "eps_latest_yearly": 1.88,
            "eps_growth_yearly": 1733.64
        },
        "20064": {
            "year_quarter": 20064,
            "year": 2006,
            "quarter": 4,
            "eps": 0.45,
            "eps_growth_year": 7.14,
            "eps_4q": 1.55,
            "eps_4q_growth_year": 30.4,
            "roe": 3.68,
            "roe_4q": 13.91,
            "gross_profit": 130695,
            "gross_margin": 17.72,
            "gross_margin_4q_avg": 18.26,
            "net_income": 28662,
            "revenue": 737393,
            "common_shares": 689359,
            "book_valuer_per_share": 11.83,
            "book_valuer_per_share_4q_avg": 11.44,
            "equity": 833017,
            "current_ratio": 176.18,
            "debt_ratio": 50.5,
            "inventory_turnover_ratio": 1.13,
            "account_receivable_turnover_ratio": null,
            "reinvestment_rate": 21.01,
            "research_to_sale_ratio": null,
            "price_fair": 48.65,
            "eps_avg_yearly": 1.39,
            "eps_latest_yearly": 1.8,
            "eps_growth_yearly": 1064.85
        },
        "20071": {
            "year_quarter": 20071,
            "year": 2007,
            "quarter": 1,
            "eps": 0.76,
            "eps_growth_year": 171.43,
            "eps_4q": 1.95,
            "eps_4q_growth_year": 32,
            "roe": 6.16,
            "roe_4q": 17.59,
            "gross_profit": 131384,
            "gross_margin": 18.15,
            "gross_margin_4q_avg": 18.38,
            "net_income": 52495,
            "revenue": 723860,
            "common_shares": 689359,
            "book_valuer_per_share": 12.62,
            "book_valuer_per_share_4q_avg": 11.81,
            "equity": 870301,
            "current_ratio": 178.1,
            "debt_ratio": 43,
            "inventory_turnover_ratio": 1.13,
            "account_receivable_turnover_ratio": null,
            "reinvestment_rate": -26.72,
            "research_to_sale_ratio": null,
            "price_fair": 55.07,
            "eps_avg_yearly": 1.57,
            "eps_latest_yearly": 3.04,
            "eps_growth_yearly": 977.15
        },
        "20072": {
            "year_quarter": 20072,
            "year": 2007,
            "quarter": 2,
            "eps": 0.87,
            "eps_growth_year": 123.08,
            "eps_4q": 2.48,
            "eps_4q_growth_year": 79,
            "roe": 6.63,
            "roe_4q": 20.74,
            "gross_profit": 146645,
            "gross_margin": 19.46,
            "gross_margin_4q_avg": 18.57,
            "net_income": 59986,
            "revenue": 753629,
            "common_shares": 689359,
            "book_valuer_per_share": 13.61,
            "book_valuer_per_share_4q_avg": 12.34,
            "equity": 938441,
            "current_ratio": 213.19,
            "debt_ratio": 46.69,
            "inventory_turnover_ratio": 1.71,
            "account_receivable_turnover_ratio": null,
            "reinvestment_rate": -17.2,
            "research_to_sale_ratio": null,
            "price_fair": 61.74,
            "eps_avg_yearly": 1.76,
            "eps_latest_yearly": 3.48,
            "eps_growth_yearly": 885.23
        },
        "20073": {
            "year_quarter": 20073,
            "year": 2007,
            "quarter": 3,
            "eps": 0.8,
            "eps_growth_year": 70.21,
            "eps_4q": 2.61,
            "eps_4q_growth_year": 74.47,
            "roe": 6.36,
            "roe_4q": 22.83,
            "gross_profit": 159595,
            "gross_margin": 20.74,
            "gross_margin_4q_avg": 19.02,
            "net_income": 62540,
            "revenue": 769688,
            "common_shares": 796228,
            "book_valuer_per_share": 12.92,
            "book_valuer_per_share_4q_avg": 12.75,
            "equity": 1028367,
            "current_ratio": 223.48,
            "debt_ratio": 44.63,
            "inventory_turnover_ratio": 1.7,
            "account_receivable_turnover_ratio": null,
            "reinvestment_rate": -15.77,
            "research_to_sale_ratio": null,
            "price_fair": 66.31,
            "eps_avg_yearly": 1.89,
            "eps_latest_yearly": 3.2,
            "eps_growth_yearly": 801.82
        },
        "20074": {
            "year_quarter": 20074,
            "year": 2007,
            "quarter": 4,
            "eps": 0.84,
            "eps_growth_year": 86.67,
            "eps_4q": 3.06,
            "eps_4q_growth_year": 97.02,
            "roe": 6.14,
            "roe_4q": 25.29,
            "gross_profit": 184189,
            "gross_margin": 21.27,
            "gross_margin_4q_avg": 19.91,
            "net_income": 66231,
            "revenue": 865885,
            "common_shares": 804186,
            "book_valuer_per_share": 13.8,
            "book_valuer_per_share_4q_avg": 13.24,
            "equity": 1127479,
            "current_ratio": 199.38,
            "debt_ratio": 52.26,
            "inventory_turnover_ratio": 1.04,
            "account_receivable_turnover_ratio": null,
            "reinvestment_rate": -11.35,
            "research_to_sale_ratio": null,
            "price_fair": 70.58,
            "eps_avg_yearly": 2.02,
            "eps_latest_yearly": 3.36,
            "eps_growth_yearly": 736.67
        },
        "20081": {
            "year_quarter": 20081,
            "year": 2008,
            "quarter": 1,
            "eps": 0.17,
            "eps_growth_year": -77.63,
            "eps_4q": 2.48,
            "eps_4q_growth_year": 27.03,
            "roe": 1.22,
            "roe_4q": 20.349999999999998,
            "gross_profit": 187648,
            "gross_margin": 23.04,
            "gross_margin_4q_avg": 21.13,
            "net_income": 13879,
            "revenue": 814539,
            "common_shares": 805177,
            "book_valuer_per_share": 14.1,
            "book_valuer_per_share_4q_avg": 13.61,
            "equity": 1151782,
            "current_ratio": 212.82,
            "debt_ratio": 49.53,
            "inventory_turnover_ratio": 0.65,
            "account_receivable_turnover_ratio": null,
            "reinvestment_rate": 10.94,
            "research_to_sale_ratio": null,
            "price_fair": 66.98,
            "eps_avg_yearly": 1.91,
            "eps_latest_yearly": 0.68,
            "eps_growth_yearly": 655.46
        },
        "20082": {
            "year_quarter": 20082,
            "year": 2008,
            "quarter": 2,
            "eps": 0.46,
            "eps_growth_year": -47.13,
            "eps_4q": 2.21,
            "eps_4q_growth_year": -11.2,
            "roe": 3.25,
            "roe_4q": 16.97,
            "gross_profit": 196777,
            "gross_margin": 22.69,
            "gross_margin_4q_avg": 21.94,
            "net_income": 37479,
            "revenue": 867141,
            "common_shares": 808340,
            "book_valuer_per_share": 14.04,
            "book_valuer_per_share_4q_avg": 13.72,
            "equity": 1151776,
            "current_ratio": 188.79,
            "debt_ratio": 53.28,
            "inventory_turnover_ratio": 0.59,
            "account_receivable_turnover_ratio": null,
            "reinvestment_rate": 27.56,
            "research_to_sale_ratio": null,
            "price_fair": 66.8,
            "eps_avg_yearly": 1.91,
            "eps_latest_yearly": 1.84,
            "eps_growth_yearly": 657.38
        },
        "20083": {
            "year_quarter": 20083,
            "year": 2008,
            "quarter": 3,
            "eps": 0.22,
            "eps_growth_year": -72.5,
            "eps_4q": 1.43,
            "eps_4q_growth_year": -45.29,
            "roe": 1.85,
            "roe_4q": 12.459999999999999,
            "gross_profit": 176245,
            "gross_margin": 23.56,
            "gross_margin_4q_avg": 22.64,
            "net_income": 21366,
            "revenue": 748126,
            "common_shares": 994517,
            "book_valuer_per_share": 11.4,
            "book_valuer_per_share_4q_avg": 13.34,
            "equity": 1152331,
            "current_ratio": 220.47,
            "debt_ratio": 49.44,
            "inventory_turnover_ratio": 0.48,
            "account_receivable_turnover_ratio": null,
            "reinvestment_rate": 30.41,
            "research_to_sale_ratio": null,
            "price_fair": 68.9,
            "eps_avg_yearly": 1.97,
            "eps_latest_yearly": 0.88,
            "eps_growth_yearly": 670.4
        },
        "20084": {
            "year_quarter": 20084,
            "year": 2008,
            "quarter": 4,
            "eps": -0.05,
            "eps_growth_year": -105.95,
            "eps_4q": 0.67,
            "eps_4q_growth_year": -77.99,
            "roe": -0.43,
            "roe_4q": 5.89,
            "gross_profit": 157511,
            "gross_margin": 19.72,
            "gross_margin_4q_avg": 22.25,
            "net_income": -4930,
            "revenue": 798546,
            "common_shares": 994517,
            "book_valuer_per_share": 11.37,
            "book_valuer_per_share_4q_avg": 12.73,
            "equity": 1139814,
            "current_ratio": 205.05,
            "debt_ratio": 50.93,
            "inventory_turnover_ratio": 0.62,
            "account_receivable_turnover_ratio": 2.8,
            "reinvestment_rate": 15.69,
            "research_to_sale_ratio": null,
            "price_fair": 68.9,
            "eps_avg_yearly": 1.97,
            "eps_latest_yearly": 0.88,
            "eps_growth_yearly": 670.4
        },
        "20091": {
            "year_quarter": 20091,
            "year": 2009,
            "quarter": 1,
            "eps": 0.22,
            "eps_growth_year": 29.41,
            "eps_4q": 0.78,
            "eps_4q_growth_year": -68.62,
            "roe": 1.82,
            "roe_4q": 6.49,
            "gross_profit": 129466,
            "gross_margin": 21.05,
            "gross_margin_4q_avg": 21.76,
            "net_income": 21076,
            "revenue": 614942,
            "common_shares": 994917,
            "book_valuer_per_share": 11.7,
            "book_valuer_per_share_4q_avg": 12.13,
            "equity": 1173186,
            "current_ratio": 243.38,
            "debt_ratio": 44.43,
            "inventory_turnover_ratio": 0.54,
            "account_receivable_turnover_ratio": 1.16,
            "reinvestment_rate": 33.33,
            "research_to_sale_ratio": null,
            "price_fair": 68.9,
            "eps_avg_yearly": 1.97,
            "eps_latest_yearly": 0.88,
            "eps_growth_yearly": 670.4
        },
        "20092": {
            "year_quarter": 20092,
            "year": 2009,
            "quarter": 2,
            "eps": -0.1,
            "eps_growth_year": -121.74,
            "eps_4q": 0.28,
            "eps_4q_growth_year": -87.39,
            "roe": -0.83,
            "roe_4q": 2.41,
            "gross_profit": 171149,
            "gross_margin": 20.78,
            "gross_margin_4q_avg": 21.28,
            "net_income": -9698,
            "revenue": 823671,
            "common_shares": 994917,
            "book_valuer_per_share": 11.54,
            "book_valuer_per_share_4q_avg": 11.5,
            "equity": 1155831,
            "current_ratio": 226.04,
            "debt_ratio": 40.75,
            "inventory_turnover_ratio": 0.85,
            "account_receivable_turnover_ratio": 1.67,
            "reinvestment_rate": 39.02,
            "research_to_sale_ratio": null,
            "price_fair": 69.25,
            "eps_avg_yearly": 1.98,
            "eps_latest_yearly": 0.88,
            "eps_growth_yearly": 45.05
        },
        "20093": {
            "year_quarter": 20093,
            "year": 2009,
            "quarter": 3,
            "eps": -0.02,
            "eps_growth_year": -109.09,
            "eps_4q": 0.04,
            "eps_4q_growth_year": -97.25,
            "roe": -0.2,
            "roe_4q": 0.36000000000000004,
            "gross_profit": 158711,
            "gross_margin": 22.05,
            "gross_margin_4q_avg": 20.9,
            "net_income": -2285,
            "revenue": 719634,
            "common_shares": 1055686,
            "book_valuer_per_share": 10.94,
            "book_valuer_per_share_4q_avg": 11.39,
            "equity": 1163115,
            "current_ratio": 200.55,
            "debt_ratio": 51.73,
            "inventory_turnover_ratio": 0.81,
            "account_receivable_turnover_ratio": 1.34,
            "reinvestment_rate": 43.47,
            "research_to_sale_ratio": null,
            "price_fair": 71.52,
            "eps_avg_yearly": 2.04,
            "eps_latest_yearly": 0.88,
            "eps_growth_yearly": 60.39
        },
        "20094": {
            "year_quarter": 20094,
            "year": 2009,
            "quarter": 4,
            "eps": 0.2,
            "eps_growth_year": null,
            "eps_4q": 0.24,
            "eps_4q_growth_year": -64.32,
            "roe": 1.56,
            "roe_4q": 2.35,
            "gross_profit": 194152,
            "gross_margin": 19.7,
            "gross_margin_4q_avg": 20.9,
            "net_income": 20929,
            "revenue": 985436,
            "common_shares": 1269777,
            "book_valuer_per_share": 12.12,
            "book_valuer_per_share_4q_avg": 11.58,
            "equity": 1526339,
            "current_ratio": 218.04,
            "debt_ratio": 40.06,
            "inventory_turnover_ratio": 1.25,
            "account_receivable_turnover_ratio": 3.12,
            "reinvestment_rate": 57.07,
            "research_to_sale_ratio": null,
            "price_fair": 72.67,
            "eps_avg_yearly": 2.08,
            "eps_latest_yearly": 0.88,
            "eps_growth_yearly": 51.34
        },
        "20101": {
            "year_quarter": 20101,
            "year": 2010,
            "quarter": 1,
            "eps": 0.33,
            "eps_growth_year": 50,
            "eps_4q": 0.4,
            "eps_4q_growth_year": -47.99,
            "roe": 2.71,
            "roe_4q": 3.2399999999999993,
            "gross_profit": 231524,
            "gross_margin": 26.16,
            "gross_margin_4q_avg": 22.17,
            "net_income": 42025,
            "revenue": 885194,
            "common_shares": 1281264,
            "book_valuer_per_share": 12.42,
            "book_valuer_per_share_4q_avg": 11.76,
            "equity": 1576469,
            "current_ratio": 233.3,
            "debt_ratio": 34.76,
            "inventory_turnover_ratio": 1.08,
            "account_receivable_turnover_ratio": 1.43,
            "reinvestment_rate": 73.26,
            "research_to_sale_ratio": 5.66,
            "price_fair": 73.31,
            "eps_avg_yearly": 2.09,
            "eps_latest_yearly": 1.32,
            "eps_growth_yearly": 87.1
        },
        "20102": {
            "year_quarter": 20102,
            "year": 2010,
            "quarter": 2,
            "eps": 0.3,
            "eps_growth_year": null,
            "eps_4q": 0.76,
            "eps_4q_growth_year": 172.82,
            "roe": 2.42,
            "roe_4q": 6.489999999999999,
            "gross_profit": 218252,
            "gross_margin": 24.73,
            "gross_margin_4q_avg": 23.16,
            "net_income": 38811,
            "revenue": 882391,
            "common_shares": 1281889,
            "book_valuer_per_share": 12.85,
            "book_valuer_per_share_4q_avg": 12.08,
            "equity": 1631625,
            "current_ratio": 252.51,
            "debt_ratio": 39.16,
            "inventory_turnover_ratio": 0.96,
            "account_receivable_turnover_ratio": 1.44,
            "reinvestment_rate": 74.4,
            "research_to_sale_ratio": 5.83,
            "price_fair": 72.16,
            "eps_avg_yearly": 2.06,
            "eps_latest_yearly": 1.2,
            "eps_growth_yearly": 69.5
        },
        "20103": {
            "year_quarter": 20103,
            "year": 2010,
            "quarter": 3,
            "eps": 0.22,
            "eps_growth_year": null,
            "eps_4q": 0.99,
            "eps_4q_growth_year": 2430.45,
            "roe": 1.72,
            "roe_4q": 8.41,
            "gross_profit": 187646,
            "gross_margin": 22.67,
            "gross_margin_4q_avg": 23.32,
            "net_income": 28404,
            "revenue": 827848,
            "common_shares": 1332444,
            "book_valuer_per_share": 12.61,
            "book_valuer_per_share_4q_avg": 12.5,
            "equity": 1665222,
            "current_ratio": 310.64,
            "debt_ratio": 35.28,
            "inventory_turnover_ratio": 0.92,
            "account_receivable_turnover_ratio": 1.27,
            "reinvestment_rate": 164.79,
            "research_to_sale_ratio": 6.63,
            "price_fair": 68.98,
            "eps_avg_yearly": 1.97,
            "eps_latest_yearly": 0.88,
            "eps_growth_yearly": 52.35
        },
        "20104": {
            "year_quarter": 20104,
            "year": 2010,
            "quarter": 4,
            "eps": -0.36,
            "eps_growth_year": -281.69,
            "eps_4q": 0.47,
            "eps_4q_growth_year": 95.95,
            "roe": -2.91,
            "roe_4q": 3.9399999999999995,
            "gross_profit": 167108,
            "gross_margin": 22.77,
            "gross_margin_4q_avg": 24.08,
            "net_income": -47330,
            "revenue": 734032,
            "common_shares": 1332671,
            "book_valuer_per_share": 12.07,
            "book_valuer_per_share_4q_avg": 12.49,
            "equity": 1586145,
            "current_ratio": 290.71,
            "debt_ratio": 37.47,
            "inventory_turnover_ratio": 0.84,
            "account_receivable_turnover_ratio": 1.19,
            "reinvestment_rate": 25.3,
            "research_to_sale_ratio": 7.78,
            "price_fair": 69.58,
            "eps_avg_yearly": 1.99,
            "eps_latest_yearly": 0.88,
            "eps_growth_yearly": 59.28
        },
        "20111": {
            "year_quarter": 20111,
            "year": 2011,
            "quarter": 1,
            "eps": 0.24,
            "eps_growth_year": -27.27,
            "eps_4q": 0.38,
            "eps_4q_growth_year": -5.47,
            "roe": 2.04,
            "roe_4q": 3.2699999999999996,
            "gross_profit": 230548,
            "gross_margin": 23.78,
            "gross_margin_4q_avg": 23.49,
            "net_income": 34346,
            "revenue": 969331,
            "common_shares": 1432562,
            "book_valuer_per_share": 12.6,
            "book_valuer_per_share_4q_avg": 12.53,
            "equity": 1782131,
            "current_ratio": 244.29,
            "debt_ratio": 37.63,
            "inventory_turnover_ratio": 1.03,
            "account_receivable_turnover_ratio": 1.57,
            "reinvestment_rate": 148.51,
            "research_to_sale_ratio": 6.22,
            "price_fair": 65.49,
            "eps_avg_yearly": 1.87,
            "eps_latest_yearly": 0.88,
            "eps_growth_yearly": 35.25
        },
        "20112": {
            "year_quarter": 20112,
            "year": 2011,
            "quarter": 2,
            "eps": -0.1,
            "eps_growth_year": -133.2,
            "eps_4q": 0,
            "eps_4q_growth_year": -99.49,
            "roe": -0.86,
            "roe_4q": -0.010000000000000009,
            "gross_profit": 191229,
            "gross_margin": 20.73,
            "gross_margin_4q_avg": 22.49,
            "net_income": -15104,
            "revenue": 922652,
            "common_shares": 1432562,
            "book_valuer_per_share": 12.34,
            "book_valuer_per_share_4q_avg": 12.41,
            "equity": 1748228,
            "current_ratio": 239.95,
            "debt_ratio": 38.01,
            "inventory_turnover_ratio": 0.97,
            "account_receivable_turnover_ratio": 1.34,
            "reinvestment_rate": 186.69,
            "research_to_sale_ratio": 7.05,
            "price_fair": 58.45,
            "eps_avg_yearly": 1.67,
            "eps_latest_yearly": 0.88,
            "eps_growth_yearly": 32.42
        },
        "20113": {
            "year_quarter": 20113,
            "year": 2011,
            "quarter": 3,
            "eps": -0.27,
            "eps_growth_year": -223.64,
            "eps_4q": -0.46,
            "eps_4q_growth_year": -146.14,
            "roe": -2.35,
            "roe_4q": -4.08,
            "gross_profit": 187593,
            "gross_margin": 23.3,
            "gross_margin_4q_avg": 22.65,
            "net_income": -40736,
            "revenue": 805158,
            "common_shares": 1478217,
            "book_valuer_per_share": 11.64,
            "book_valuer_per_share_4q_avg": 12.16,
            "equity": 1720723,
            "current_ratio": 277.59,
            "debt_ratio": 33.96,
            "inventory_turnover_ratio": 0.82,
            "account_receivable_turnover_ratio": 1.16,
            "reinvestment_rate": 266.63,
            "research_to_sale_ratio": 7.25,
            "price_fair": 50.8,
            "eps_avg_yearly": 1.45,
            "eps_latest_yearly": 0.88,
            "eps_growth_yearly": 41.65
        },
        "20114": {
            "year_quarter": 20114,
            "year": 2011,
            "quarter": 4,
            "eps": -0.6,
            "eps_growth_year": null,
            "eps_4q": -0.74,
            "eps_4q_growth_year": -256.3,
            "roe": -14.16,
            "roe_4q": -15.330000000000002,
            "gross_profit": 828169,
            "gross_margin": 18.59,
            "gross_margin_4q_avg": 21.6,
            "net_income": -253592,
            "revenue": 4453872,
            "common_shares": 1478217,
            "book_valuer_per_share": 11.36,
            "book_valuer_per_share_4q_avg": 11.99,
            "equity": 1862172,
            "current_ratio": 156.49,
            "debt_ratio": 60.69,
            "inventory_turnover_ratio": 3.39,
            "account_receivable_turnover_ratio": 4.29,
            "reinvestment_rate": 2273.44,
            "research_to_sale_ratio": 5,
            "price_fair": 39.67,
            "eps_avg_yearly": 1.13,
            "eps_latest_yearly": 0.88,
            "eps_growth_yearly": 45.26
        },
        "20121": {
            "year_quarter": 20121,
            "year": 2012,
            "quarter": 1,
            "eps": 0.31,
            "eps_growth_year": 29.17,
            "eps_4q": -0.55,
            "eps_4q_growth_year": -243.38,
            "roe": 2.82,
            "roe_4q": -14.549999999999999,
            "gross_profit": 381379,
            "gross_margin": 23.96,
            "gross_margin_4q_avg": 21.65,
            "net_income": 56123,
            "revenue": 1591640,
            "common_shares": 1719842,
            "book_valuer_per_share": 11.25,
            "book_valuer_per_share_4q_avg": 11.65,
            "equity": 2124967,
            "current_ratio": 167.2,
            "debt_ratio": 52.97,
            "inventory_turnover_ratio": 0.9,
            "account_receivable_turnover_ratio": 1.25,
            "reinvestment_rate": 454.77,
            "research_to_sale_ratio": 5.94,
            "price_fair": 42.84,
            "eps_avg_yearly": 1.22,
            "eps_latest_yearly": 0.88,
            "eps_growth_yearly": 118.13
        },
        "20122": {
            "year_quarter": 20122,
            "year": 2012,
            "quarter": 2,
            "eps": 0.42,
            "eps_growth_year": null,
            "eps_4q": -0.04,
            "eps_4q_growth_year": -1162.47,
            "roe": 3.71,
            "roe_4q": -9.98,
            "gross_profit": 512282,
            "gross_margin": 30.04,
            "gross_margin_4q_avg": 23.97,
            "net_income": 80523,
            "revenue": 1705538,
            "common_shares": 1719939,
            "book_valuer_per_share": 11.69,
            "book_valuer_per_share_4q_avg": 11.49,
            "equity": 2218769,
            "current_ratio": 161.76,
            "debt_ratio": 54,
            "inventory_turnover_ratio": 0.9,
            "account_receivable_turnover_ratio": 1.46,
            "reinvestment_rate": 184.21,
            "research_to_sale_ratio": 5.86,
            "price_fair": 23.89,
            "eps_avg_yearly": 1.19,
            "eps_latest_yearly": 1.68,
            "eps_growth_yearly": 10.04
        },
        "20123": {
            "year_quarter": 20123,
            "year": 2012,
            "quarter": 3,
            "eps": 0.22,
            "eps_growth_year": null,
            "eps_4q": 0.4,
            "eps_4q_growth_year": null,
            "roe": 2.2,
            "roe_4q": -5.43,
            "gross_profit": 370383,
            "gross_margin": 22.36,
            "gross_margin_4q_avg": 23.74,
            "net_income": 49631,
            "revenue": 1656571,
            "common_shares": 1741159,
            "book_valuer_per_share": 11.9,
            "book_valuer_per_share_4q_avg": 11.55,
            "equity": 2286109,
            "current_ratio": 175.62,
            "debt_ratio": 49.18,
            "inventory_turnover_ratio": 0.94,
            "account_receivable_turnover_ratio": 1.43,
            "reinvestment_rate": 145,
            "research_to_sale_ratio": 6.25,
            "price_fair": 28.23,
            "eps_avg_yearly": 1.19,
            "eps_latest_yearly": 0.88,
            "eps_growth_yearly": 13.69
        },
        "20124": {
            "year_quarter": 20124,
            "year": 2012,
            "quarter": 4,
            "eps": 0.18,
            "eps_growth_year": null,
            "eps_4q": 1.09,
            "eps_4q_growth_year": null,
            "roe": 2.81,
            "roe_4q": 11.54,
            "gross_profit": 432264,
            "gross_margin": 28.76,
            "gross_margin_4q_avg": 26.28,
            "net_income": 65152,
            "revenue": 1502842,
            "common_shares": 1741334,
            "book_valuer_per_share": 12.1,
            "book_valuer_per_share_4q_avg": 11.74,
            "equity": 2355939,
            "current_ratio": 181.5,
            "debt_ratio": 47.51,
            "inventory_turnover_ratio": 0.77,
            "account_receivable_turnover_ratio": 1.18,
            "reinvestment_rate": 561.13,
            "research_to_sale_ratio": 6.44,
            "price_fair": 3.34,
            "eps_avg_yearly": 1.11,
            "eps_latest_yearly": 0.72,
            "eps_growth_yearly": -0.72
        },
        "20131": {
            "year_quarter": 20131,
            "year": 2013,
            "quarter": 1,
            "eps": 0.37,
            "eps_growth_year": 19.35,
            "eps_4q": 1.18,
            "eps_4q_growth_year": null,
            "roe": 2.76,
            "roe_4q": 11.48,
            "gross_profit": 385655,
            "gross_margin": 26.14,
            "gross_margin_4q_avg": 26.83,
            "net_income": 67368,
            "revenue": 1475117,
            "common_shares": 1741334,
            "book_valuer_per_share": 12.87,
            "book_valuer_per_share_4q_avg": 12.14,
            "equity": 2527406,
            "current_ratio": 208.93,
            "debt_ratio": 48.66,
            "inventory_turnover_ratio": 0.78,
            "account_receivable_turnover_ratio": 1.22,
            "reinvestment_rate": 84.28,
            "research_to_sale_ratio": 6.52,
            "price_fair": 40.8,
            "eps_avg_yearly": 1.17,
            "eps_latest_yearly": 1.48,
            "eps_growth_yearly": 59.7
        },
        "20132": {
            "year_quarter": 20132,
            "year": 2013,
            "quarter": 2,
            "eps": 0.21,
            "eps_growth_year": -50.31,
            "eps_4q": 0.89,
            "eps_4q_growth_year": null,
            "roe": 1.38,
            "roe_4q": 9.149999999999999,
            "gross_profit": 417590,
            "gross_margin": 27.97,
            "gross_margin_4q_avg": 26.31,
            "net_income": 35130,
            "revenue": 1492901,
            "common_shares": 1742228,
            "book_valuer_per_share": 13,
            "book_valuer_per_share_4q_avg": 12.47,
            "equity": 2551463,
            "current_ratio": 217.79,
            "debt_ratio": 47.41,
            "inventory_turnover_ratio": 0.78,
            "account_receivable_turnover_ratio": 1.44,
            "reinvestment_rate": 59.57,
            "research_to_sale_ratio": 6.65,
            "price_fair": 39.38,
            "eps_avg_yearly": 1.13,
            "eps_latest_yearly": 0.84,
            "eps_growth_yearly": 30.62
        },
        "20133": {
            "year_quarter": 20133,
            "year": 2013,
            "quarter": 3,
            "eps": 0.11,
            "eps_growth_year": -48.84,
            "eps_4q": 0.81,
            "eps_4q_growth_year": 99.88,
            "roe": 0.77,
            "roe_4q": 7.720000000000001,
            "gross_profit": 364295,
            "gross_margin": 24.94,
            "gross_margin_4q_avg": 26.95,
            "net_income": 19675,
            "revenue": 1460798,
            "common_shares": 1900493,
            "book_valuer_per_share": 11.98,
            "book_valuer_per_share_4q_avg": 12.49,
            "equity": 2551873,
            "current_ratio": 262.05,
            "debt_ratio": 42.17,
            "inventory_turnover_ratio": 0.84,
            "account_receivable_turnover_ratio": 1.43,
            "reinvestment_rate": 48.25,
            "research_to_sale_ratio": 7.29,
            "price_fair": 16.84,
            "eps_avg_yearly": 1.05,
            "eps_latest_yearly": 0.44,
            "eps_growth_yearly": 6.05
        },
        "20134": {
            "year_quarter": 20134,
            "year": 2013,
            "quarter": 4,
            "eps": 0.11,
            "eps_growth_year": -40.95,
            "eps_4q": 0.75,
            "eps_4q_growth_year": -31.59,
            "roe": 0.53,
            "roe_4q": 5.4399999999999995,
            "gross_profit": 427375,
            "gross_margin": 29.91,
            "gross_margin_4q_avg": 27.24,
            "net_income": 13494,
            "revenue": 1428977,
            "common_shares": 1903611,
            "book_valuer_per_share": 12.06,
            "book_valuer_per_share_4q_avg": 12.48,
            "equity": 2574149,
            "current_ratio": 249.02,
            "debt_ratio": 44.17,
            "inventory_turnover_ratio": 0.8,
            "account_receivable_turnover_ratio": 1.46,
            "reinvestment_rate": -5.28,
            "research_to_sale_ratio": 7.95,
            "price_fair": 15.26,
            "eps_avg_yearly": 0.99,
            "eps_latest_yearly": 0.44,
            "eps_growth_yearly": 5.45
        },
        "20141": {
            "year_quarter": 20141,
            "year": 2014,
            "quarter": 1,
            "eps": 0.28,
            "eps_growth_year": -24.32,
            "eps_4q": 0.68,
            "eps_4q_growth_year": -42.85,
            "roe": 2.32,
            "roe_4q": 5,
            "gross_profit": 401589,
            "gross_margin": 26.1,
            "gross_margin_4q_avg": 27.23,
            "net_income": 60883,
            "revenue": 1538945,
            "common_shares": 1919265,
            "book_valuer_per_share": 12.34,
            "book_valuer_per_share_4q_avg": 12.35,
            "equity": 2667514,
            "current_ratio": 228.22,
            "debt_ratio": 46.66,
            "inventory_turnover_ratio": 0.86,
            "account_receivable_turnover_ratio": 1.58,
            "reinvestment_rate": 17.2,
            "research_to_sale_ratio": 6.87,
            "price_fair": 33.88,
            "eps_avg_yearly": 0.97,
            "eps_latest_yearly": 1.12,
            "eps_growth_yearly": 41.27
        },
        "20142": {
            "year_quarter": 20142,
            "year": 2014,
            "quarter": 2,
            "eps": 0.06,
            "eps_growth_year": -71.43,
            "eps_4q": 0.53,
            "eps_4q_growth_year": -40.16,
            "roe": 1.02,
            "roe_4q": 4.640000000000001,
            "gross_profit": 429435,
            "gross_margin": 26.75,
            "gross_margin_4q_avg": 26.93,
            "net_income": 26982,
            "revenue": 1605284,
            "common_shares": 1975685,
            "book_valuer_per_share": 11.61,
            "book_valuer_per_share_4q_avg": 12,
            "equity": 2605535,
            "current_ratio": 221.01,
            "debt_ratio": 46.59,
            "inventory_turnover_ratio": 0.84,
            "account_receivable_turnover_ratio": 1.72,
            "reinvestment_rate": 25.03,
            "research_to_sale_ratio": 6.65,
            "price_fair": 20.47,
            "eps_avg_yearly": 0.87,
            "eps_latest_yearly": 0.24,
            "eps_growth_yearly": 13.47
        },
        "20143": {
            "year_quarter": 20143,
            "year": 2014,
            "quarter": 3,
            "eps": 0.19,
            "eps_growth_year": 72.73,
            "eps_4q": 0.61,
            "eps_4q_growth_year": -23.9,
            "roe": 1.49,
            "roe_4q": 5.36,
            "gross_profit": 438330,
            "gross_margin": 28.02,
            "gross_margin_4q_avg": 27.7,
            "net_income": 39327,
            "revenue": 1564423,
            "common_shares": 1988890,
            "book_valuer_per_share": 11.84,
            "book_valuer_per_share_4q_avg": 11.96,
            "equity": 2671043,
            "current_ratio": 258.03,
            "debt_ratio": 40.93,
            "inventory_turnover_ratio": 0.84,
            "account_receivable_turnover_ratio": 1.75,
            "reinvestment_rate": -129.36,
            "research_to_sale_ratio": 6.72,
            "price_fair": 30.1,
            "eps_avg_yearly": 0.86,
            "eps_latest_yearly": 0.76,
            "eps_growth_yearly": 110.81
        },
        "20144": {
            "year_quarter": 20144,
            "year": 2014,
            "quarter": 4,
            "eps": 0.13,
            "eps_growth_year": 23.93,
            "eps_4q": 0.64,
            "eps_4q_growth_year": -13.78,
            "roe": 0.76,
            "roe_4q": 5.59,
            "gross_profit": 360507,
            "gross_margin": 25.26,
            "gross_margin_4q_avg": 26.53,
            "net_income": 20450,
            "revenue": 1427089,
            "common_shares": 1988890,
            "book_valuer_per_share": 12.03,
            "book_valuer_per_share_4q_avg": 11.96,
            "equity": 2706024,
            "current_ratio": 246.92,
            "debt_ratio": 42.47,
            "inventory_turnover_ratio": 0.83,
            "account_receivable_turnover_ratio": 1.54,
            "reinvestment_rate": 66.05,
            "research_to_sale_ratio": 6.97,
            "price_fair": 29.02,
            "eps_avg_yearly": 0.83,
            "eps_latest_yearly": 0.52,
            "eps_growth_yearly": 89.25
        },
        "20151": {
            "year_quarter": 20151,
            "year": 2015,
            "quarter": 1,
            "eps": 0.05,
            "eps_growth_year": -82.14,
            "eps_4q": 0.43,
            "eps_4q_growth_year": -36.05,
            "roe": -0.51,
            "roe_4q": 2.76,
            "gross_profit": 386190,
            "gross_margin": 26.23,
            "gross_margin_4q_avg": 26.57,
            "net_income": -13647,
            "revenue": 1472405,
            "common_shares": 1988890,
            "book_valuer_per_share": 12.03,
            "book_valuer_per_share_4q_avg": 11.88,
            "equity": 2685087,
            "current_ratio": 196.26,
            "debt_ratio": 44.8,
            "inventory_turnover_ratio": 0.83,
            "account_receivable_turnover_ratio": 1.49,
            "reinvestment_rate": -26.48,
            "research_to_sale_ratio": 6.72,
            "price_fair": 27.18,
            "eps_avg_yearly": 0.78,
            "eps_latest_yearly": 0.2,
            "eps_growth_yearly": 61.3
        },
        "20152": {
            "year_quarter": 20152,
            "year": 2015,
            "quarter": 2,
            "eps": 0.11,
            "eps_growth_year": 83.33,
            "eps_4q": 0.48,
            "eps_4q_growth_year": -9.66,
            "roe": 1.21,
            "roe_4q": 2.95,
            "gross_profit": 388564,
            "gross_margin": 26.01,
            "gross_margin_4q_avg": 26.38,
            "net_income": 31943,
            "revenue": 1493871,
            "common_shares": 1988890,
            "book_valuer_per_share": 11.5,
            "book_valuer_per_share_4q_avg": 11.85,
            "equity": 2584477,
            "current_ratio": 183.31,
            "debt_ratio": 47.07,
            "inventory_turnover_ratio": 0.91,
            "account_receivable_turnover_ratio": 1.44,
            "reinvestment_rate": -24.42,
            "research_to_sale_ratio": 6.52,
            "price_fair": 26.28,
            "eps_avg_yearly": 0.75,
            "eps_latest_yearly": 0.44,
            "eps_growth_yearly": 93.51
        },
        "20153": {
            "year_quarter": 20153,
            "year": 2015,
            "quarter": 3,
            "eps": 0.46,
            "eps_growth_year": 142.11,
            "eps_4q": 0.78,
            "eps_4q_growth_year": 26.44,
            "roe": 3.97,
            "roe_4q": 5.43,
            "gross_profit": 359578,
            "gross_margin": 27.85,
            "gross_margin_4q_avg": 26.34,
            "net_income": 103648,
            "revenue": 1290995,
            "common_shares": 1988890,
            "book_valuer_per_share": 12.24,
            "book_valuer_per_share_4q_avg": 11.95,
            "equity": 2634654,
            "current_ratio": 204.34,
            "debt_ratio": 42.15,
            "inventory_turnover_ratio": 0.81,
            "account_receivable_turnover_ratio": 1.23,
            "reinvestment_rate": -11.74,
            "research_to_sale_ratio": 7.49,
            "price_fair": 29,
            "eps_avg_yearly": 0.83,
            "eps_latest_yearly": 1.84,
            "eps_growth_yearly": 177.74
        },
        "20154": {
            "year_quarter": 20154,
            "year": 2015,
            "quarter": 4,
            "eps": 0.15,
            "eps_growth_year": 17.28,
            "eps_4q": 0.83,
            "eps_4q_growth_year": 28.63,
            "roe": 0.69,
            "roe_4q": 5.36,
            "gross_profit": 314013,
            "gross_margin": 24.99,
            "gross_margin_4q_avg": 26.27,
            "net_income": 17752,
            "revenue": 1256379,
            "common_shares": 1988890,
            "book_valuer_per_share": 12.43,
            "book_valuer_per_share_4q_avg": 12.05,
            "equity": 2520025,
            "current_ratio": 170.65,
            "debt_ratio": 44.95,
            "inventory_turnover_ratio": 0.82,
            "account_receivable_turnover_ratio": 1.2,
            "reinvestment_rate": -127.42,
            "research_to_sale_ratio": 7.2,
            "price_fair": 28.47,
            "eps_avg_yearly": 0.81,
            "eps_latest_yearly": 0.6,
            "eps_growth_yearly": 147.92
        },
        "20161": {
            "year_quarter": 20161,
            "year": 2016,
            "quarter": 1,
            "eps": 0.08,
            "eps_growth_year": 60,
            "eps_4q": 0.85,
            "eps_4q_growth_year": 95.37,
            "roe": 0.27,
            "roe_4q": 6.14,
            "gross_profit": 336981,
            "gross_margin": 27.72,
            "gross_margin_4q_avg": 26.64,
            "net_income": 6942,
            "revenue": 1215439,
            "common_shares": 1988890,
            "book_valuer_per_share": 12.55,
            "book_valuer_per_share_4q_avg": 12.18,
            "equity": 2531906,
            "current_ratio": 189.88,
            "debt_ratio": 60.17,
            "inventory_turnover_ratio": 0.73,
            "account_receivable_turnover_ratio": 1.24,
            "reinvestment_rate": -2.67,
            "research_to_sale_ratio": 8.23,
            "price_fair": 27.39,
            "eps_avg_yearly": 0.78,
            "eps_latest_yearly": 0.32,
            "eps_growth_yearly": 127.01
        },
        "20162": {
            "year_quarter": 20162,
            "year": 2016,
            "quarter": 2,
            "eps": 0.35,
            "eps_growth_year": 218.18,
            "eps_4q": 1.07,
            "eps_4q_growth_year": 121.76,
            "roe": 2.56,
            "roe_4q": 7.49,
            "gross_profit": 351130,
            "gross_margin": 26.89,
            "gross_margin_4q_avg": 26.86,
            "net_income": 64410,
            "revenue": 1305747,
            "common_shares": 1999355,
            "book_valuer_per_share": 12.29,
            "book_valuer_per_share_4q_avg": 12.38,
            "equity": 2498028,
            "current_ratio": 197.59,
            "debt_ratio": 59.37,
            "inventory_turnover_ratio": 0.78,
            "account_receivable_turnover_ratio": 1.36,
            "reinvestment_rate": 13.12,
            "research_to_sale_ratio": 7.96,
            "price_fair": 26.78,
            "eps_avg_yearly": 0.77,
            "eps_latest_yearly": 1.4,
            "eps_growth_yearly": 202.51
        },
        "20163": {
            "year_quarter": 20163,
            "year": 2016,
            "quarter": 3,
            "eps": -0.13,
            "eps_growth_year": -128.26,
            "eps_4q": 0.45,
            "eps_4q_growth_year": -41.85,
            "roe": -0.77,
            "roe_4q": 2.75,
            "gross_profit": 358991,
            "gross_margin": 29.05,
            "gross_margin_4q_avg": 27.16,
            "net_income": -19204,
            "revenue": 1235957,
            "common_shares": 1999355,
            "book_valuer_per_share": 12.08,
            "book_valuer_per_share_4q_avg": 12.34,
            "equity": 2460708,
            "current_ratio": 176.47,
            "debt_ratio": 60.82,
            "inventory_turnover_ratio": 0.7,
            "account_receivable_turnover_ratio": 1.29,
            "reinvestment_rate": 14.78,
            "research_to_sale_ratio": 9.09,
            "price_fair": 26.51,
            "eps_avg_yearly": 0.76,
            "eps_latest_yearly": 1.4,
            "eps_growth_yearly": 228.71
        },
        "20164": {
            "year_quarter": 20164,
            "year": 2016,
            "quarter": 4,
            "eps": 0.16,
            "eps_growth_year": 1.16,
            "eps_4q": 0.45,
            "eps_4q_growth_year": -45.2,
            "roe": 1.39,
            "roe_4q": 3.4499999999999997,
            "gross_profit": 399742,
            "gross_margin": 27.63,
            "gross_margin_4q_avg": 27.82,
            "net_income": 34278,
            "revenue": 1446736,
            "common_shares": 1999355,
            "book_valuer_per_share": 12.2,
            "book_valuer_per_share_4q_avg": 12.28,
            "equity": 2488357,
            "current_ratio": 177.32,
            "debt_ratio": 60.35,
            "inventory_turnover_ratio": 0.81,
            "account_receivable_turnover_ratio": 1.4,
            "reinvestment_rate": 259.82,
            "research_to_sale_ratio": 7.93,
            "price_fair": 26.6,
            "eps_avg_yearly": 0.76,
            "eps_latest_yearly": 1.4,
            "eps_growth_yearly": 250.24
        },
        "20171": {
            "year_quarter": 20171,
            "year": 2017,
            "quarter": 1,
            "eps": -0.28,
            "eps_growth_year": -450,
            "eps_4q": 0.1,
            "eps_4q_growth_year": -88.4,
            "roe": -2.72,
            "roe_4q": 0.4599999999999995,
            "gross_profit": 360054,
            "gross_margin": 28.53,
            "gross_margin_4q_avg": 28.03,
            "net_income": -66274,
            "revenue": 1262184,
            "common_shares": 1999355,
            "book_valuer_per_share": 11.78,
            "book_valuer_per_share_4q_avg": 12.09,
            "equity": 2389252,
            "current_ratio": 154.81,
            "debt_ratio": 61.58,
            "inventory_turnover_ratio": 0.68,
            "account_receivable_turnover_ratio": 1.18,
            "reinvestment_rate": 536.41,
            "research_to_sale_ratio": 9.24,
            "price_fair": 24.66,
            "eps_avg_yearly": 0.7,
            "eps_latest_yearly": 1.4,
            "eps_growth_yearly": 237.01
        },
        "20172": {
            "year_quarter": 20172,
            "year": 2017,
            "quarter": 2,
            "eps": -0.06,
            "eps_growth_year": -117.14,
            "eps_4q": -0.3,
            "eps_4q_growth_year": -128.34,
            "roe": 0.28,
            "roe_4q": -1.8200000000000005,
            "gross_profit": 364333,
            "gross_margin": 26.04,
            "gross_margin_4q_avg": 27.81,
            "net_income": 6459,
            "revenue": 1399366,
            "common_shares": 1999355,
            "book_valuer_per_share": 11.26,
            "book_valuer_per_share_4q_avg": 11.83,
            "equity": 2286477,
            "current_ratio": 140.39,
            "debt_ratio": 65.21,
            "inventory_turnover_ratio": 0.72,
            "account_receivable_turnover_ratio": 1.28,
            "reinvestment_rate": 619.02,
            "research_to_sale_ratio": 9.14,
            "price_fair": 24.27,
            "eps_avg_yearly": 0.69,
            "eps_latest_yearly": 1.4,
            "eps_growth_yearly": 271.18
        },
        "20173": {
            "year_quarter": 20173,
            "year": 2017,
            "quarter": 3,
            "eps": -0.12,
            "eps_growth_year": null,
            "eps_4q": -0.3,
            "eps_4q_growth_year": -165.8,
            "roe": -0.2,
            "roe_4q": -1.2500000000000002,
            "gross_profit": 359375,
            "gross_margin": 23.77,
            "gross_margin_4q_avg": 26.49,
            "net_income": -4684,
            "revenue": 1511807,
            "common_shares": 1999355,
            "book_valuer_per_share": 11.2,
            "book_valuer_per_share_4q_avg": 11.61,
            "equity": 2292093,
            "current_ratio": 138.13,
            "debt_ratio": 65.48,
            "inventory_turnover_ratio": 0.74,
            "account_receivable_turnover_ratio": 1.25,
            "reinvestment_rate": 710.63,
            "research_to_sale_ratio": 8.93,
            "price_fair": 25.07,
            "eps_avg_yearly": 0.72,
            "eps_latest_yearly": 1.4,
            "eps_growth_yearly": 313.14
        },
        "20174": {
            "year_quarter": 20174,
            "year": 2017,
            "quarter": 4,
            "eps": -0.53,
            "eps_growth_year": -439.41,
            "eps_4q": -0.98,
            "eps_4q_growth_year": -315.57,
            "roe": -3.2,
            "roe_4q": -5.84,
            "gross_profit": 346937,
            "gross_margin": 23.77,
            "gross_margin_4q_avg": 25.53,
            "net_income": -72197,
            "revenue": 1459556,
            "common_shares": 2003788,
            "book_valuer_per_share": 10.66,
            "book_valuer_per_share_4q_avg": 11.23,
            "equity": 2221127,
            "current_ratio": 137.57,
            "debt_ratio": 65.51,
            "inventory_turnover_ratio": 0.75,
            "account_receivable_turnover_ratio": 1.17,
            "reinvestment_rate": 1162.22,
            "research_to_sale_ratio": 9.23,
            "price_fair": 26.04,
            "eps_avg_yearly": 0.74,
            "eps_latest_yearly": 1.4,
            "eps_growth_yearly": 344.46
        },
        "20181": {
            "year_quarter": 20181,
            "year": 2018,
            "quarter": 1,
            "eps": -0.5,
            "eps_growth_year": null,
            "eps_4q": -1.21,
            "eps_4q_growth_year": -1330.59,
            "roe": -3.07,
            "roe_4q": -6.1899999999999995,
            "gross_profit": 288822,
            "gross_margin": 21.59,
            "gross_margin_4q_avg": 23.79,
            "net_income": -67602,
            "revenue": 1337955,
            "common_shares": 2013246,
            "book_valuer_per_share": 10.11,
            "book_valuer_per_share_4q_avg": 10.81,
            "equity": 2187362,
            "current_ratio": 136.79,
            "debt_ratio": 65.48,
            "inventory_turnover_ratio": 0.68,
            "account_receivable_turnover_ratio": 1.11,
            "reinvestment_rate": 5677.01,
            "research_to_sale_ratio": 8.97,
            "price_fair": 24.58,
            "eps_avg_yearly": 0.7,
            "eps_latest_yearly": 1.4,
            "eps_growth_yearly": 314.05
        },
        "20182": {
            "year_quarter": 20182,
            "year": 2018,
            "quarter": 2,
            "eps": -0.02,
            "eps_growth_year": null,
            "eps_4q": -1.17,
            "eps_4q_growth_year": null,
            "roe": 3.02,
            "roe_4q": -3.45,
            "gross_profit": 443816,
            "gross_margin": 23.67,
            "gross_margin_4q_avg": 23.2,
            "net_income": 66909,
            "revenue": 1874925,
            "common_shares": 2013246,
            "book_valuer_per_share": 10.13,
            "book_valuer_per_share_4q_avg": 10.53,
            "equity": 2239983,
            "current_ratio": 127.67,
            "debt_ratio": 70.07,
            "inventory_turnover_ratio": 0.75,
            "account_receivable_turnover_ratio": 1.38,
            "reinvestment_rate": 9504.77,
            "research_to_sale_ratio": 6.16,
            "price_fair": 26.6,
            "eps_avg_yearly": 0.76,
            "eps_latest_yearly": 1.4,
            "eps_growth_yearly": 392.59
        },
        "20183": {
            "year_quarter": 20183,
            "year": 2018,
            "quarter": 3,
            "eps": 0.1,
            "eps_growth_year": null,
            "eps_4q": -0.95,
            "eps_4q_growth_year": null,
            "roe": 2.31,
            "roe_4q": -0.94,
            "gross_profit": 470465,
            "gross_margin": 25.07,
            "gross_margin_4q_avg": 23.53,
            "net_income": 53052,
            "revenue": 1876667,
            "common_shares": 1963246,
            "book_valuer_per_share": 10.41,
            "book_valuer_per_share_4q_avg": 10.33,
            "equity": 2347951,
            "current_ratio": 133.07,
            "debt_ratio": 67.77,
            "inventory_turnover_ratio": 0.67,
            "account_receivable_turnover_ratio": 1.22,
            "reinvestment_rate": 93569.89,
            "research_to_sale_ratio": 6.16,
            "price_fair": 26.6,
            "eps_avg_yearly": 0.76,
            "eps_latest_yearly": 1.4,
            "eps_growth_yearly": 324.86
        },
        "20184": {
            "year_quarter": 20184,
            "year": 2018,
            "quarter": 4,
            "eps": 0.27,
            "eps_growth_year": null,
            "eps_4q": -0.15,
            "eps_4q_growth_year": null,
            "roe": 2.92,
            "roe_4q": 5.18,
            "gross_profit": 450656,
            "gross_margin": 25.26,
            "gross_margin_4q_avg": 23.9,
            "net_income": 69619,
            "revenue": 1784014,
            "common_shares": 1864916,
            "book_valuer_per_share": 10.7,
            "book_valuer_per_share_4q_avg": 10.34,
            "equity": 2420620,
            "current_ratio": 141.01,
            "debt_ratio": 65.26,
            "inventory_turnover_ratio": 0.68,
            "account_receivable_turnover_ratio": 1.25,
            "reinvestment_rate": 7592.66,
            "research_to_sale_ratio": 6.22,
            "price_fair": 29.4,
            "eps_avg_yearly": 0.84,
            "eps_latest_yearly": 1.08,
            "eps_growth_yearly": 440.05
        },
        "20191": {
            "year_quarter": 20191,
            "year": 2019,
            "quarter": 1,
            "eps": 0.42,
            "eps_growth_year": null,
            "eps_4q": 0.77,
            "eps_4q_growth_year": null,
            "roe": 4.36,
            "roe_4q": 12.61,
            "gross_profit": 385076,
            "gross_margin": 24.67,
            "gross_margin_4q_avg": 24.67,
            "net_income": 107837,
            "revenue": 1561198,
            "common_shares": 1864916,
            "book_valuer_per_share": 10.84,
            "book_valuer_per_share_4q_avg": 10.52,
            "equity": 2531223,
            "current_ratio": 146.55,
            "debt_ratio": 63.92,
            "inventory_turnover_ratio": 0.67,
            "account_receivable_turnover_ratio": 1.19,
            "reinvestment_rate": 2034.79,
            "research_to_sale_ratio": 6.81,
            "price_fair": 36.8,
            "eps_avg_yearly": 1.05,
            "eps_latest_yearly": 1.68,
            "eps_growth_yearly": 506.96
        },
        "20192": {
            "year_quarter": 20192,
            "year": 2019,
            "quarter": 2,
            "eps": 0.06,
            "eps_growth_year": null,
            "eps_4q": 0.85,
            "eps_4q_growth_year": null,
            "roe": 0.92,
            "roe_4q": 10.51,
            "gross_profit": 323872,
            "gross_margin": 25.23,
            "gross_margin_4q_avg": 25.06,
            "net_income": 23206,
            "revenue": 1283657,
            "common_shares": 1864916,
            "book_valuer_per_share": 11.22,
            "book_valuer_per_share_4q_avg": 10.79,
            "equity": 2533091,
            "current_ratio": 149.66,
            "debt_ratio": 62.21,
            "inventory_turnover_ratio": 0.62,
            "account_receivable_turnover_ratio": 1.14,
            "reinvestment_rate": 2288.38,
            "research_to_sale_ratio": 8.28,
            "price_fair": 35.8,
            "eps_avg_yearly": 1.02,
            "eps_latest_yearly": 0.24,
            "eps_growth_yearly": 389.41
        },
        "20193": {
            "year_quarter": 20193,
            "year": 2019,
            "quarter": 3,
            "eps": -0.17,
            "eps_growth_year": -270,
            "eps_4q": 0.58,
            "eps_4q_growth_year": null,
            "roe": -0.92,
            "roe_4q": 7.28,
            "gross_profit": 307123,
            "gross_margin": 26,
            "gross_margin_4q_avg": 25.29,
            "net_income": -23159,
            "revenue": 1181036,
            "common_shares": 1864916,
            "book_valuer_per_share": 11.03,
            "book_valuer_per_share_4q_avg": 10.95,
            "equity": 2505354,
            "current_ratio": 148.77,
            "debt_ratio": 62.02,
            "inventory_turnover_ratio": 0.61,
            "account_receivable_turnover_ratio": 1.15,
            "reinvestment_rate": null,
            "research_to_sale_ratio": 10.06,
            "price_fair": 31.03,
            "eps_avg_yearly": 0.89,
            "eps_latest_yearly": 0.24,
            "eps_growth_yearly": 242.19
        },
        "20194": {
            "year_quarter": 20194,
            "year": 2019,
            "quarter": 4,
            "eps": 0.02,
            "eps_growth_year": -92.92,
            "eps_4q": 0.33,
            "eps_4q_growth_year": null,
            "roe": 1.83,
            "roe_4q": 6.19,
            "gross_profit": 440175,
            "gross_margin": 30.1,
            "gross_margin_4q_avg": 26.5,
            "net_income": 46056,
            "revenue": 1462531,
            "common_shares": 1864916,
            "book_valuer_per_share": 10.88,
            "book_valuer_per_share_4q_avg": 10.99,
            "equity": 2517342,
            "current_ratio": 156.47,
            "debt_ratio": 61.36,
            "inventory_turnover_ratio": 0.74,
            "account_receivable_turnover_ratio": 1.34,
            "reinvestment_rate": null,
            "research_to_sale_ratio": 6.51,
            "price_fair": 33.04,
            "eps_avg_yearly": 0.94,
            "eps_latest_yearly": 0.24,
            "eps_growth_yearly": 344.54
        },
        "20201": {
            "year_quarter": 20201,
            "year": 2020,
            "quarter": 1,
            "eps": -0.17,
            "eps_growth_year": -140.48,
            "eps_4q": -0.27,
            "eps_4q_growth_year": -134.86,
            "roe": -0.15,
            "roe_4q": 1.6800000000000002,
            "gross_profit": 307092,
            "gross_margin": 25.35,
            "gross_margin_4q_avg": 26.67,
            "net_income": -3703,
            "revenue": 1211187,
            "common_shares": 1864916,
            "book_valuer_per_share": 10.66,
            "book_valuer_per_share_4q_avg": 10.95,
            "equity": 2515557,
            "current_ratio": 158.48,
            "debt_ratio": 60.47,
            "inventory_turnover_ratio": 0.69,
            "account_receivable_turnover_ratio": 1.18,
            "reinvestment_rate": null,
            "research_to_sale_ratio": 8.65,
            "price_fair": 38.5,
            "eps_avg_yearly": 1.1,
            "eps_latest_yearly": 0.24,
            "eps_growth_yearly": 477.34
        },
        "20202": {
            "year_quarter": 20202,
            "year": 2020,
            "quarter": 2,
            "eps": 0.28,
            "eps_growth_year": 366.67,
            "eps_4q": -0.05,
            "eps_4q_growth_year": -106,
            "roe": 3.49,
            "roe_4q": 4.25,
            "gross_profit": 455798,
            "gross_margin": 28.14,
            "gross_margin_4q_avg": 27.4,
            "net_income": 87924,
            "revenue": 1619878,
            "common_shares": 1864916,
            "book_valuer_per_share": 10.79,
            "book_valuer_per_share_4q_avg": 10.84,
            "equity": 2529130,
            "current_ratio": 144.87,
            "debt_ratio": 64.38,
            "inventory_turnover_ratio": 0.88,
            "account_receivable_turnover_ratio": 1.41,
            "reinvestment_rate": null,
            "research_to_sale_ratio": 6.49,
            "price_fair": 35,
            "eps_avg_yearly": 1,
            "eps_latest_yearly": 0.24,
            "eps_growth_yearly": 186.46
        },
        "20203": {
            "year_quarter": 20203,
            "year": 2020,
            "quarter": 3,
            "eps": 0.46,
            "eps_growth_year": null,
            "eps_4q": 0.58,
            "eps_4q_growth_year": -0.27,
            "roe": 4.57,
            "roe_4q": 9.74,
            "gross_profit": 489612,
            "gross_margin": 25.9,
            "gross_margin_4q_avg": 27.37,
            "net_income": 126731,
            "revenue": 1890579,
            "common_shares": 1864916,
            "book_valuer_per_share": 11.7,
            "book_valuer_per_share_4q_avg": 11.01,
            "equity": 3020242,
            "current_ratio": 156.98,
            "debt_ratio": 61,
            "inventory_turnover_ratio": 1,
            "account_receivable_turnover_ratio": 1.31,
            "reinvestment_rate": null,
            "research_to_sale_ratio": 4.88,
            "price_fair": 42.35,
            "eps_avg_yearly": 1.21,
            "eps_latest_yearly": 1.84,
            "eps_growth_yearly": 204.13
        },
        "20204": {
            "year_quarter": 20204,
            "year": 2020,
            "quarter": 4,
            "eps": 0,
            "eps_growth_year": -80.54,
            "eps_4q": 0.56,
            "eps_4q_growth_year": 69,
            "roe": 0.54,
            "roe_4q": 8.450000000000001,
            "gross_profit": 370618,
            "gross_margin": 23.28,
            "gross_margin_4q_avg": 25.67,
            "net_income": 16297,
            "revenue": 1591738,
            "common_shares": 1864916,
            "book_valuer_per_share": 11.59,
            "book_valuer_per_share_4q_avg": 11.19,
            "equity": 3046296,
            "current_ratio": 163.87,
            "debt_ratio": 59.98,
            "inventory_turnover_ratio": 0.83,
            "account_receivable_turnover_ratio": 1.16,
            "reinvestment_rate": null,
            "research_to_sale_ratio": 6.99,
            "price_fair": 42.35,
            "eps_avg_yearly": 1.21,
            "eps_latest_yearly": 1.84,
            "eps_growth_yearly": 204.13
        },
        "20211": {
            "year_quarter": 20211,
            "year": 2021,
            "quarter": 1,
            "eps": -0.16,
            "eps_growth_year": null,
            "eps_4q": 0.57,
            "eps_4q_growth_year": null,
            "roe": -1.22,
            "roe_4q": 7.380000000000001,
            "gross_profit": 260638,
            "gross_margin": 21.54,
            "gross_margin_4q_avg": 24.72,
            "net_income": -37032,
            "revenue": 1210076,
            "common_shares": 1892792,
            "book_valuer_per_share": 11.47,
            "book_valuer_per_share_4q_avg": 11.39,
            "equity": 3026497,
            "current_ratio": 196.41,
            "debt_ratio": 58.59,
            "inventory_turnover_ratio": 0.61,
            "account_receivable_turnover_ratio": 1.08,
            "reinvestment_rate": null,
            "research_to_sale_ratio": 8.47,
            "price_fair": 42.35,
            "eps_avg_yearly": 1.21,
            "eps_latest_yearly": 1.84,
            "eps_growth_yearly": 204.13
        },
        "20212": {
            "year_quarter": 20212,
            "year": 2021,
            "quarter": 2,
            "eps": -0.17,
            "eps_growth_year": -160.71,
            "eps_4q": 0.12,
            "eps_4q_growth_year": null,
            "roe": -1.07,
            "roe_4q": 2.8200000000000003,
            "gross_profit": 281933,
            "gross_margin": 21.48,
            "gross_margin_4q_avg": 23.05,
            "net_income": -32014,
            "revenue": 1312432,
            "common_shares": 1893702,
            "book_valuer_per_share": 11.22,
            "book_valuer_per_share_4q_avg": 11.5,
            "equity": 2981288,
            "current_ratio": 186.82,
            "debt_ratio": 59.66,
            "inventory_turnover_ratio": 0.62,
            "account_receivable_turnover_ratio": 1.23,
            "reinvestment_rate": null,
            "research_to_sale_ratio": 7.87,
            "price_fair": 42.35,
            "eps_avg_yearly": 1.21,
            "eps_latest_yearly": 1.84,
            "eps_growth_yearly": 204.13
        },
        "20213": {
            "year_quarter": 20213,
            "year": 2021,
            "quarter": 3,
            "eps": 0.06,
            "eps_growth_year": -86.96,
            "eps_4q": -0.27,
            "eps_4q_growth_year": -146.3,
            "roe": 0.48,
            "roe_4q": -1.27,
            "gross_profit": 327086,
            "gross_margin": 24.32,
            "gross_margin_4q_avg": 22.66,
            "net_income": 13932,
            "revenue": 1344939,
            "common_shares": 1893702,
            "book_valuer_per_share": 11.02,
            "book_valuer_per_share_4q_avg": 11.33,
            "equity": 2870266,
            "current_ratio": 176.95,
            "debt_ratio": 61.2,
            "inventory_turnover_ratio": 0.54,
            "account_receivable_turnover_ratio": 1.2,
            "reinvestment_rate": null,
            "research_to_sale_ratio": 7.56,
            "price_fair": 42.35,
            "eps_avg_yearly": 1.21,
            "eps_latest_yearly": 1.84,
            "eps_growth_yearly": 204.13
        },
        "20214": {
            "year_quarter": 20214,
            "year": 2021,
            "quarter": 4,
            "eps": -0.02,
            "eps_growth_year": -658.48,
            "eps_4q": -0.29,
            "eps_4q_growth_year": -152.5,
            "roe": -0.6,
            "roe_4q": -2.41,
            "gross_profit": 308213,
            "gross_margin": 22.33,
            "gross_margin_4q_avg": 22.42,
            "net_income": -17070,
            "revenue": 1380071,
            "common_shares": 1893702,
            "book_valuer_per_share": 10.97,
            "book_valuer_per_share_4q_avg": 11.17,
            "equity": 2859069,
            "current_ratio": 178.03,
            "debt_ratio": 61.18,
            "inventory_turnover_ratio": 0.5,
            "account_receivable_turnover_ratio": 1.24,
            "reinvestment_rate": -199.39,
            "research_to_sale_ratio": 8.31,
            "price_fair": 42.35,
            "eps_avg_yearly": 1.21,
            "eps_latest_yearly": 1.84,
            "eps_growth_yearly": 204.13
        },
        "20221": {
            "year_quarter": 20221,
            "year": 2022,
            "quarter": 1,
            "eps": 0.15,
            "eps_growth_year": null,
            "eps_4q": 0.02,
            "eps_4q_growth_year": -95.76,
            "roe": 1.13,
            "roe_4q": -0.060000000000000275,
            "gross_profit": 328020,
            "gross_margin": 23.48,
            "gross_margin_4q_avg": 22.9,
            "net_income": 32606,
            "revenue": 1396931,
            "common_shares": 1900090,
            "book_valuer_per_share": 11.23,
            "book_valuer_per_share_4q_avg": 11.11,
            "equity": 2924808,
            "current_ratio": 172.64,
            "debt_ratio": 62.77,
            "inventory_turnover_ratio": 0.48,
            "account_receivable_turnover_ratio": 1.2,
            "reinvestment_rate": 43.46,
            "research_to_sale_ratio": 7.7,
            "price_fair": 42.35,
            "eps_avg_yearly": 1.21,
            "eps_latest_yearly": 1.84,
            "eps_growth_yearly": 204.13
        },
        "20222": {
            "year_quarter": 20222,
            "year": 2022,
            "quarter": 2,
            "eps": 0.47,
            "eps_growth_year": null,
            "eps_4q": 0.66,
            "eps_4q_growth_year": 441.73,
            "roe": 2.62,
            "roe_4q": 3.63,
            "gross_profit": 361231,
            "gross_margin": 24.13,
            "gross_margin_4q_avg": 23.57,
            "net_income": 77093,
            "revenue": 1497096,
            "common_shares": 1907095,
            "book_valuer_per_share": 11.6,
            "book_valuer_per_share_4q_avg": 11.21,
            "equity": 2961681,
            "current_ratio": 175.26,
            "debt_ratio": 62.11,
            "inventory_turnover_ratio": 0.52,
            "account_receivable_turnover_ratio": 1.18,
            "reinvestment_rate": 35.87,
            "research_to_sale_ratio": 7.49,
            "price_fair": 47.04,
            "eps_avg_yearly": 1.34,
            "eps_latest_yearly": 1.88,
            "eps_growth_yearly": 333.97
        },
        "20223": {
            "year_quarter": 20223,
            "year": 2022,
            "quarter": 3,
            "eps": 0.6,
            "eps_growth_year": 900,
            "eps_4q": 1.15,
            "eps_4q_growth_year": null,
            "roe": 4.47,
            "roe_4q": 7.619999999999999,
            "gross_profit": 431008,
            "gross_margin": 25.11,
            "gross_margin_4q_avg": 23.76,
            "net_income": 140506,
            "revenue": 1716397,
            "common_shares": 1907540,
            "book_valuer_per_share": 12.38,
            "book_valuer_per_share_4q_avg": 11.55,
            "equity": 3326875,
            "current_ratio": 184.76,
            "debt_ratio": 57.51,
            "inventory_turnover_ratio": 0.63,
            "account_receivable_turnover_ratio": 1.25,
            "reinvestment_rate": 29.37,
            "research_to_sale_ratio": 6.55,
            "price_fair": 53.2,
            "eps_avg_yearly": 1.52,
            "eps_latest_yearly": 2.4,
            "eps_growth_yearly": 296.75
        },
        "20224": {
            "year_quarter": 20224,
            "year": 2022,
            "quarter": 4,
            "eps": 0.06,
            "eps_growth_year": null,
            "eps_4q": 1.22,
            "eps_4q_growth_year": null,
            "roe": 0.26,
            "roe_4q": 8.48,
            "gross_profit": 333014,
            "gross_margin": 24.62,
            "gross_margin_4q_avg": 24.34,
            "net_income": 8772,
            "revenue": 1352733,
            "common_shares": 2070101,
            "book_valuer_per_share": 12.42,
            "book_valuer_per_share_4q_avg": 11.91,
            "equity": 3359983,
            "current_ratio": 197.96,
            "debt_ratio": 55.98,
            "inventory_turnover_ratio": 0.56,
            "account_receivable_turnover_ratio": 1.01,
            "reinvestment_rate": 26.36,
            "research_to_sale_ratio": 8.14,
            "price_fair": 48.3,
            "eps_avg_yearly": 1.38,
            "eps_latest_yearly": 0.24,
            "eps_growth_yearly": 123.41
        },
        "20231": {
            "year_quarter": 20231,
            "year": 2023,
            "quarter": 1,
            "eps": 0.02,
            "eps_growth_year": -86.67,
            "eps_4q": 1.08,
            "eps_4q_growth_year": 4409.19,
            "roe": -2,
            "roe_4q": 5.35,
            "gross_profit": 256636,
            "gross_margin": 22.44,
            "gross_margin_4q_avg": 24.08,
            "net_income": -67209,
            "revenue": 1143496,
            "common_shares": 2079620,
            "book_valuer_per_share": 12.6,
            "book_valuer_per_share_4q_avg": 12.25,
            "equity": 3373530,
            "current_ratio": 226.02,
            "debt_ratio": 52.47,
            "inventory_turnover_ratio": 0.55,
            "account_receivable_turnover_ratio": 1.08,
            "reinvestment_rate": 39.47,
            "research_to_sale_ratio": 9.47,
            "price_fair": 38.97,
            "eps_avg_yearly": 1.11,
            "eps_latest_yearly": 0.08,
            "eps_growth_yearly": 41.93
        }
    },
    "months": {
        "2002-08": {
            "month": "2002-08",
            "price": "29.60",
            "revenue": 117894
        },
        "2002-09": {
            "month": "2002-09",
            "price": "26.59",
            "revenue": 156419
        },
        "2002-10": {
            "month": "2002-10",
            "price": "26.24",
            "revenue": 181504
        },
        "2002-11": {
            "month": "2002-11",
            "price": "25.81",
            "revenue": 211719
        },
        "2002-12": {
            "month": "2002-12",
            "price": "25.94",
            "revenue": 171000
        },
        "2003-01": {
            "month": "2003-01",
            "price": "25.23",
            "revenue": 155820
        },
        "2003-02": {
            "month": "2003-02",
            "price": "22.94",
            "revenue": 113893
        },
        "2003-03": {
            "month": "2003-03",
            "price": "22.63",
            "revenue": 160417
        },
        "2003-04": {
            "month": "2003-04",
            "price": "19.96",
            "revenue": 158848
        },
        "2003-05": {
            "month": "2003-05",
            "price": "16.83",
            "revenue": 118580
        },
        "2003-06": {
            "month": "2003-06",
            "price": "17.78",
            "revenue": 115044
        },
        "2003-07": {
            "month": "2003-07",
            "price": "17.34",
            "revenue": 132144
        },
        "2003-08": {
            "month": "2003-08",
            "price": "13.80",
            "revenue": 113350
        },
        "2003-09": {
            "month": "2003-09",
            "price": "11.62",
            "revenue": 156751
        },
        "2003-10": {
            "month": "2003-10",
            "price": "11.54",
            "revenue": 177464
        },
        "2003-11": {
            "month": "2003-11",
            "price": "11.18",
            "revenue": 188839
        },
        "2003-12": {
            "month": "2003-12",
            "price": "12.84",
            "revenue": 203329
        },
        "2004-01": {
            "month": "2004-01",
            "price": "14.51",
            "revenue": 129632
        },
        "2004-02": {
            "month": "2004-02",
            "price": "14.49",
            "revenue": 114046
        },
        "2004-03": {
            "month": "2004-03",
            "price": "12.60",
            "revenue": 125992
        },
        "2004-04": {
            "month": "2004-04",
            "price": "12.44",
            "revenue": 146788
        },
        "2004-05": {
            "month": "2004-05",
            "price": "9.53",
            "revenue": 157057
        },
        "2004-06": {
            "month": "2004-06",
            "price": "8.23",
            "revenue": 149518
        },
        "2004-07": {
            "month": "2004-07",
            "price": "7.25",
            "revenue": 126912
        },
        "2004-08": {
            "month": "2004-08",
            "price": "7.10",
            "revenue": 114493
        },
        "2004-09": {
            "month": "2004-09",
            "price": "6.99",
            "revenue": 121041
        },
        "2004-10": {
            "month": "2004-10",
            "price": "6.66",
            "revenue": 149728
        },
        "2004-11": {
            "month": "2004-11",
            "price": "5.68",
            "revenue": 170803
        },
        "2004-12": {
            "month": "2004-12",
            "price": "5.65",
            "revenue": 176607
        },
        "2005-01": {
            "month": "2005-01",
            "price": "5.80",
            "revenue": 142483
        },
        "2005-02": {
            "month": "2005-02",
            "price": "5.78",
            "revenue": 103761
        },
        "2005-03": {
            "month": "2005-03",
            "price": "6.63",
            "revenue": 154013
        },
        "2005-04": {
            "month": "2005-04",
            "price": "5.92",
            "revenue": 165657
        },
        "2005-05": {
            "month": "2005-05",
            "price": "6.50",
            "revenue": 155357
        },
        "2005-06": {
            "month": "2005-06",
            "price": "7.17",
            "revenue": 157537
        },
        "2005-07": {
            "month": "2005-07",
            "price": "8.53",
            "revenue": 145383
        },
        "2005-08": {
            "month": "2005-08",
            "price": "8.40",
            "revenue": 153584
        },
        "2005-09": {
            "month": "2005-09",
            "price": "9.57",
            "revenue": 161899
        },
        "2005-10": {
            "month": "2005-10",
            "price": "10.32",
            "revenue": 170818
        },
        "2005-11": {
            "month": "2005-11",
            "price": "10.17",
            "revenue": 185703
        },
        "2005-12": {
            "month": "2005-12",
            "price": "10.74",
            "revenue": 204504
        },
        "2006-01": {
            "month": "2006-01",
            "price": "13.19",
            "revenue": 179870
        },
        "2006-02": {
            "month": "2006-02",
            "price": "12.26",
            "revenue": 151320
        },
        "2006-03": {
            "month": "2006-03",
            "price": "12.72",
            "revenue": 187162
        },
        "2006-04": {
            "month": "2006-04",
            "price": "13.95",
            "revenue": 212707
        },
        "2006-05": {
            "month": "2006-05",
            "price": "14.78",
            "revenue": 212191
        },
        "2006-06": {
            "month": "2006-06",
            "price": "14.80",
            "revenue": 200670
        },
        "2006-07": {
            "month": "2006-07",
            "price": "15.66",
            "revenue": 192976
        },
        "2006-08": {
            "month": "2006-08",
            "price": "16.15",
            "revenue": 198482
        },
        "2006-09": {
            "month": "2006-09",
            "price": "15.25",
            "revenue": 205848
        },
        "2006-10": {
            "month": "2006-10",
            "price": "15.10",
            "revenue": 224338
        },
        "2006-11": {
            "month": "2006-11",
            "price": "15.45",
            "revenue": 252686
        },
        "2006-12": {
            "month": "2006-12",
            "price": "16.63",
            "revenue": 260303
        },
        "2007-01": {
            "month": "2007-01",
            "price": "19.41",
            "revenue": 247345
        },
        "2007-02": {
            "month": "2007-02",
            "price": "20.61",
            "revenue": 204939
        },
        "2007-03": {
            "month": "2007-03",
            "price": "23.05",
            "revenue": 271576
        },
        "2007-04": {
            "month": "2007-04",
            "price": "27.54",
            "revenue": 266126
        },
        "2007-05": {
            "month": "2007-05",
            "price": "31.49",
            "revenue": 277246
        },
        "2007-06": {
            "month": "2007-06",
            "price": "39.48",
            "revenue": 210257
        },
        "2007-07": {
            "month": "2007-07",
            "price": "39.37",
            "revenue": 221159
        },
        "2007-08": {
            "month": "2007-08",
            "price": "36.44",
            "revenue": 254637
        },
        "2007-09": {
            "month": "2007-09",
            "price": "37.24",
            "revenue": 293895
        },
        "2007-10": {
            "month": "2007-10",
            "price": "39.00",
            "revenue": 305043
        },
        "2007-11": {
            "month": "2007-11",
            "price": "34.09",
            "revenue": 290608
        },
        "2007-12": {
            "month": "2007-12",
            "price": "30.80",
            "revenue": 270233
        },
        "2008-01": {
            "month": "2008-01",
            "price": "29.36",
            "revenue": 282868
        },
        "2008-02": {
            "month": "2008-02",
            "price": "27.22",
            "revenue": 220895
        },
        "2008-03": {
            "month": "2008-03",
            "price": "26.81",
            "revenue": 240358
        },
        "2008-04": {
            "month": "2008-04",
            "price": "28.67",
            "revenue": 280402
        },
        "2008-05": {
            "month": "2008-05",
            "price": "29.56",
            "revenue": 301086
        },
        "2008-06": {
            "month": "2008-06",
            "price": "27.02",
            "revenue": 239449
        },
        "2008-07": {
            "month": "2008-07",
            "price": "25.15",
            "revenue": 203135
        },
        "2008-08": {
            "month": "2008-08",
            "price": "22.57",
            "revenue": 202953
        },
        "2008-09": {
            "month": "2008-09",
            "price": "19.64",
            "revenue": 202653
        },
        "2008-10": {
            "month": "2008-10",
            "price": "16.24",
            "revenue": 211679
        },
        "2008-11": {
            "month": "2008-11",
            "price": "10.74",
            "revenue": 213446
        },
        "2008-12": {
            "month": "2008-12",
            "price": "10.17",
            "revenue": 174223
        },
        "2009-01": {
            "month": "2009-01",
            "price": "9.96",
            "revenue": 151991
        },
        "2009-02": {
            "month": "2009-02",
            "price": "9.50",
            "revenue": 173174
        },
        "2009-03": {
            "month": "2009-03",
            "price": "10.00",
            "revenue": 186868
        },
        "2009-04": {
            "month": "2009-04",
            "price": "12.33",
            "revenue": 203814
        },
        "2009-05": {
            "month": "2009-05",
            "price": "12.21",
            "revenue": 212154
        },
        "2009-06": {
            "month": "2009-06",
            "price": "11.87",
            "revenue": 221951
        },
        "2009-07": {
            "month": "2009-07",
            "price": "12.17",
            "revenue": 200294
        },
        "2009-08": {
            "month": "2009-08",
            "price": "12.83",
            "revenue": 202137
        },
        "2009-09": {
            "month": "2009-09",
            "price": "15.13",
            "revenue": 204026
        },
        "2009-10": {
            "month": "2009-10",
            "price": "17.32",
            "revenue": 206181
        },
        "2009-11": {
            "month": "2009-11",
            "price": "16.02",
            "revenue": 246469
        },
        "2009-12": {
            "month": "2009-12",
            "price": "24.78",
            "revenue": 288319
        },
        "2010-01": {
            "month": "2010-01",
            "price": "25.86",
            "revenue": 310595
        },
        "2010-02": {
            "month": "2010-02",
            "price": "24.22",
            "revenue": 250181
        },
        "2010-03": {
            "month": "2010-03",
            "price": "27.36",
            "revenue": 310795
        },
        "2010-04": {
            "month": "2010-04",
            "price": "27.51",
            "revenue": 294913
        },
        "2010-05": {
            "month": "2010-05",
            "price": "22.62",
            "revenue": 272572
        },
        "2010-06": {
            "month": "2010-06",
            "price": "21.80",
            "revenue": 256880
        },
        "2010-07": {
            "month": "2010-07",
            "price": "23.60",
            "revenue": 220980
        },
        "2010-08": {
            "month": "2010-08",
            "price": "21.27",
            "revenue": 224498
        },
        "2010-09": {
            "month": "2010-09",
            "price": "20.30",
            "revenue": 222541
        },
        "2010-10": {
            "month": "2010-10",
            "price": "21.11",
            "revenue": 217481
        },
        "2010-11": {
            "month": "2010-11",
            "price": "19.03",
            "revenue": 223723
        },
        "2010-12": {
            "month": "2010-12",
            "price": "20.47",
            "revenue": 228964
        },
        "2011-01": {
            "month": "2011-01",
            "price": "19.39",
            "revenue": 313569
        },
        "2011-02": {
            "month": "2011-02",
            "price": "18.71",
            "revenue": 251684
        },
        "2011-03": {
            "month": "2011-03",
            "price": "17.53",
            "revenue": 310711
        },
        "2011-04": {
            "month": "2011-04",
            "price": "17.52",
            "revenue": 295288
        },
        "2011-05": {
            "month": "2011-05",
            "price": "15.76",
            "revenue": 272051
        },
        "2011-06": {
            "month": "2011-06",
            "price": "15.79",
            "revenue": 267863
        },
        "2011-07": {
            "month": "2011-07",
            "price": "13.66",
            "revenue": 223456
        },
        "2011-08": {
            "month": "2011-08",
            "price": "10.62",
            "revenue": 236363
        },
        "2011-09": {
            "month": "2011-09",
            "price": "10.08",
            "revenue": 234316
        },
        "2011-10": {
            "month": "2011-10",
            "price": "9.87",
            "revenue": 238056
        },
        "2011-11": {
            "month": "2011-11",
            "price": "10.26",
            "revenue": 271682
        },
        "2011-12": {
            "month": "2011-12",
            "price": "11.92",
            "revenue": 284672
        },
        "2012-01": {
            "month": "2012-01",
            "price": "11.99",
            "revenue": 294676
        },
        "2012-02": {
            "month": "2012-02",
            "price": "14.66",
            "revenue": 274194
        },
        "2012-03": {
            "month": "2012-03",
            "price": "12.70",
            "revenue": 351310
        },
        "2012-04": {
            "month": "2012-04",
            "price": "11.07",
            "revenue": 343143
        },
        "2012-05": {
            "month": "2012-05",
            "price": "10.88",
            "revenue": 337359
        },
        "2012-06": {
            "month": "2012-06",
            "price": "10.32",
            "revenue": 325351
        },
        "2012-07": {
            "month": "2012-07",
            "price": "10.56",
            "revenue": 296076
        },
        "2012-08": {
            "month": "2012-08",
            "price": "11.47",
            "revenue": 459213
        },
        "2012-09": {
            "month": "2012-09",
            "price": "13.28",
            "revenue": 342595
        },
        "2012-10": {
            "month": "2012-10",
            "price": "12.26",
            "revenue": 365795
        },
        "2012-11": {
            "month": "2012-11",
            "price": "11.24",
            "revenue": 345152
        },
        "2012-12": {
            "month": "2012-12",
            "price": "12.10",
            "revenue": 421006
        },
        "2013-01": {
            "month": "2013-01",
            "price": "12.54",
            "revenue": 545090
        },
        "2013-02": {
            "month": "2013-02",
            "price": "13.13",
            "revenue": 449316
        },
        "2013-03": {
            "month": "2013-03",
            "price": "12.97",
            "revenue": 477638
        },
        "2013-04": {
            "month": "2013-04",
            "price": "12.46",
            "revenue": 471629
        },
        "2013-05": {
            "month": "2013-05",
            "price": "13.08",
            "revenue": 555316
        },
        "2013-06": {
            "month": "2013-06",
            "price": "12.91",
            "revenue": 460956
        },
        "2013-07": {
            "month": "2013-07",
            "price": "13.43",
            "revenue": 443506
        },
        "2013-08": {
            "month": "2013-08",
            "price": "12.92",
            "revenue": 483720
        },
        "2013-09": {
            "month": "2013-09",
            "price": "12.73",
            "revenue": 537841
        },
        "2013-10": {
            "month": "2013-10",
            "price": "12.82",
            "revenue": 434229
        },
        "2013-11": {
            "month": "2013-11",
            "price": "12.50",
            "revenue": 510778
        },
        "2013-12": {
            "month": "2013-12",
            "price": "12.56",
            "revenue": 486121
        },
        "2014-01": {
            "month": "2014-01",
            "price": "13.05",
            "revenue": 535374
        },
        "2014-02": {
            "month": "2014-02",
            "price": "13.14",
            "revenue": 438359
        },
        "2014-03": {
            "month": "2014-03",
            "price": "13.78",
            "revenue": 562016
        },
        "2014-04": {
            "month": "2014-04",
            "price": "14.49",
            "revenue": 464107
        },
        "2014-05": {
            "month": "2014-05",
            "price": "14.31",
            "revenue": 630712
        },
        "2014-06": {
            "month": "2014-06",
            "price": "14.92",
            "revenue": 508498
        },
        "2014-07": {
            "month": "2014-07",
            "price": "14.33",
            "revenue": 501413
        },
        "2014-08": {
            "month": "2014-08",
            "price": "13.31",
            "revenue": 564982
        },
        "2014-09": {
            "month": "2014-09",
            "price": "12.86",
            "revenue": 499772
        },
        "2014-10": {
            "month": "2014-10",
            "price": "11.73",
            "revenue": 517413
        },
        "2014-11": {
            "month": "2014-11",
            "price": "11.54",
            "revenue": 513535
        },
        "2014-12": {
            "month": "2014-12",
            "price": "12.12",
            "revenue": 454850
        },
        "2015-01": {
            "month": "2015-01",
            "price": "12.73",
            "revenue": 516600
        },
        "2015-02": {
            "month": "2015-02",
            "price": "12.15",
            "revenue": 444296
        },
        "2015-03": {
            "month": "2015-03",
            "price": "12.26",
            "revenue": 509068
        },
        "2015-04": {
            "month": "2015-04",
            "price": "11.98",
            "revenue": 599807
        },
        "2015-05": {
            "month": "2015-05",
            "price": "11.47",
            "revenue": 463307
        },
        "2015-06": {
            "month": "2015-06",
            "price": "10.35",
            "revenue": 427293
        },
        "2015-07": {
            "month": "2015-07",
            "price": "9.76",
            "revenue": 399930
        },
        "2015-08": {
            "month": "2015-08",
            "price": "8.41",
            "revenue": 417158
        },
        "2015-09": {
            "month": "2015-09",
            "price": "9.19",
            "revenue": 475495
        },
        "2015-10": {
            "month": "2015-10",
            "price": "10.57",
            "revenue": 447802
        },
        "2015-11": {
            "month": "2015-11",
            "price": "10.71",
            "revenue": 408855
        },
        "2015-12": {
            "month": "2015-12",
            "price": "10.21",
            "revenue": 418738
        },
        "2016-01": {
            "month": "2016-01",
            "price": "11.14",
            "revenue": 383066
        },
        "2016-02": {
            "month": "2016-02",
            "price": "11.73",
            "revenue": 380501
        },
        "2016-03": {
            "month": "2016-03",
            "price": "11.60",
            "revenue": 446610
        },
        "2016-04": {
            "month": "2016-04",
            "price": "10.54",
            "revenue": 391581
        },
        "2016-05": {
            "month": "2016-05",
            "price": "9.86",
            "revenue": 478096
        },
        "2016-06": {
            "month": "2016-06",
            "price": "10.24",
            "revenue": 430474
        },
        "2016-07": {
            "month": "2016-07",
            "price": "10.13",
            "revenue": 396970
        },
        "2016-08": {
            "month": "2016-08",
            "price": "10.72",
            "revenue": 416290
        },
        "2016-09": {
            "month": "2016-09",
            "price": "10.84",
            "revenue": 414665
        },
        "2016-10": {
            "month": "2016-10",
            "price": "10.50",
            "revenue": 450121
        },
        "2016-11": {
            "month": "2016-11",
            "price": "9.88",
            "revenue": 471420
        },
        "2016-12": {
            "month": "2016-12",
            "price": "10.27",
            "revenue": 524942
        },
        "2017-01": {
            "month": "2017-01",
            "price": "10.53",
            "revenue": 414260
        },
        "2017-02": {
            "month": "2017-02",
            "price": "10.91",
            "revenue": 415580
        },
        "2017-03": {
            "month": "2017-03",
            "price": "11.14",
            "revenue": 430118
        },
        "2017-04": {
            "month": "2017-04",
            "price": "10.81",
            "revenue": 373566
        },
        "2017-05": {
            "month": "2017-05",
            "price": "10.47",
            "revenue": 472069
        },
        "2017-06": {
            "month": "2017-06",
            "price": "10.80",
            "revenue": 551005
        },
        "2017-07": {
            "month": "2017-07",
            "price": "10.47",
            "revenue": 522631
        },
        "2017-08": {
            "month": "2017-08",
            "price": "10.25",
            "revenue": 470824
        },
        "2017-09": {
            "month": "2017-09",
            "price": "10.41",
            "revenue": 524523
        },
        "2017-10": {
            "month": "2017-10",
            "price": "10.27",
            "revenue": 470407
        },
        "2017-11": {
            "month": "2017-11",
            "price": "10.22",
            "revenue": 448032
        },
        "2017-12": {
            "month": "2017-12",
            "price": "9.84",
            "revenue": 545114
        },
        "2018-01": {
            "month": "2018-01",
            "price": "9.94",
            "revenue": 449681
        },
        "2018-02": {
            "month": "2018-02",
            "price": "9.29",
            "revenue": 390695
        },
        "2018-03": {
            "month": "2018-03",
            "price": "9.15",
            "revenue": 493165
        },
        "2018-04": {
            "month": "2018-04",
            "price": "8.56",
            "revenue": 552741
        },
        "2018-05": {
            "month": "2018-05",
            "price": "8.12",
            "revenue": 759251
        },
        "2018-06": {
            "month": "2018-06",
            "price": "9.91",
            "revenue": 551594
        },
        "2018-07": {
            "month": "2018-07",
            "price": "9.69",
            "revenue": 599030
        },
        "2018-08": {
            "month": "2018-08",
            "price": "9.47",
            "revenue": 669447
        },
        "2018-09": {
            "month": "2018-09",
            "price": "9.96",
            "revenue": 596228
        },
        "2018-10": {
            "month": "2018-10",
            "price": "8.96",
            "revenue": 547984
        },
        "2018-11": {
            "month": "2018-11",
            "price": "8.87",
            "revenue": 663086
        },
        "2018-12": {
            "month": "2018-12",
            "price": "9.55",
            "revenue": 567404
        },
        "2019-01": {
            "month": "2019-01",
            "price": "9.33",
            "revenue": 615928
        },
        "2019-02": {
            "month": "2019-02",
            "price": "9.71",
            "revenue": 400073
        },
        "2019-03": {
            "month": "2019-03",
            "price": "10.23",
            "revenue": 544118
        },
        "2019-04": {
            "month": "2019-04",
            "price": "11.16",
            "revenue": 448391
        },
        "2019-05": {
            "month": "2019-05",
            "price": "11.20",
            "revenue": 414369
        },
        "2019-06": {
            "month": "2019-06",
            "price": "10.30",
            "revenue": 418535
        },
        "2019-07": {
            "month": "2019-07",
            "price": "10.71",
            "revenue": 378604
        },
        "2019-08": {
            "month": "2019-08",
            "price": "10.45",
            "revenue": 363994
        },
        "2019-09": {
            "month": "2019-09",
            "price": "10.44",
            "revenue": 436131
        },
        "2019-10": {
            "month": "2019-10",
            "price": "10.84",
            "revenue": 434708
        },
        "2019-11": {
            "month": "2019-11",
            "price": "10.27",
            "revenue": 478796
        },
        "2019-12": {
            "month": "2019-12",
            "price": "10.59",
            "revenue": 547997
        },
        "2020-01": {
            "month": "2020-01",
            "price": "10.20",
            "revenue": 381448
        },
        "2020-02": {
            "month": "2020-02",
            "price": "9.13",
            "revenue": 335347
        },
        "2020-03": {
            "month": "2020-03",
            "price": "7.28",
            "revenue": 494213
        },
        "2020-04": {
            "month": "2020-04",
            "price": "7.64",
            "revenue": 496551
        },
        "2020-05": {
            "month": "2020-05",
            "price": "8.24",
            "revenue": 542543
        },
        "2020-06": {
            "month": "2020-06",
            "price": "8.95",
            "revenue": 582135
        },
        "2020-07": {
            "month": "2020-07",
            "price": "10.76",
            "revenue": 614537
        },
        "2020-08": {
            "month": "2020-08",
            "price": "12.60",
            "revenue": 627719
        },
        "2020-09": {
            "month": "2020-09",
            "price": "14.92",
            "revenue": 647966
        },
        "2020-10": {
            "month": "2020-10",
            "price": "14.18",
            "revenue": 577632
        },
        "2020-11": {
            "month": "2020-11",
            "price": "14.52",
            "revenue": 488811
        },
        "2020-12": {
            "month": "2020-12",
            "price": "13.98",
            "revenue": 526245
        },
        "2021-01": {
            "month": "2021-01",
            "price": "12.76",
            "revenue": 437543
        },
        "2021-02": {
            "month": "2021-02",
            "price": "12.52",
            "revenue": 347190
        },
        "2021-03": {
            "month": "2021-03",
            "price": "13.24",
            "revenue": 433968
        },
        "2021-04": {
            "month": "2021-04",
            "price": "14.15",
            "revenue": 434633
        },
        "2021-05": {
            "month": "2021-05",
            "price": "11.34",
            "revenue": 405795
        },
        "2021-06": {
            "month": "2021-06",
            "price": "11.16",
            "revenue": 469501
        },
        "2021-07": {
            "month": "2021-07",
            "price": "10.92",
            "revenue": 440840
        },
        "2021-08": {
            "month": "2021-08",
            "price": "10.31",
            "revenue": 412522
        },
        "2021-09": {
            "month": "2021-09",
            "price": "10.12",
            "revenue": 491541
        },
        "2021-10": {
            "month": "2021-10",
            "price": "10.31",
            "revenue": 410855
        },
        "2021-11": {
            "month": "2021-11",
            "price": "11.05",
            "revenue": 464694
        },
        "2021-12": {
            "month": "2021-12",
            "price": "12.66",
            "revenue": 522564
        },
        "2022-01": {
            "month": "2022-01",
            "price": "13.82",
            "revenue": 495601
        },
        "2022-02": {
            "month": "2022-02",
            "price": "13.61",
            "revenue": 371134
        },
        "2022-03": {
            "month": "2022-03",
            "price": "12.38",
            "revenue": 507606
        },
        "2022-04": {
            "month": "2022-04",
            "price": "11.27",
            "revenue": 479966
        },
        "2022-05": {
            "month": "2022-05",
            "price": "11.16",
            "revenue": 504125
        },
        "2022-06": {
            "month": "2022-06",
            "price": "11.85",
            "revenue": 512269
        },
        "2022-07": {
            "month": "2022-07",
            "price": "12.73",
            "revenue": 467344
        },
        "2022-08": {
            "month": "2022-08",
            "price": "16.58",
            "revenue": 516192
        },
        "2022-09": {
            "month": "2022-09",
            "price": "17.55",
            "revenue": 635049
        },
        "2022-10": {
            "month": "2022-10",
            "price": "15.95",
            "revenue": 454580
        },
        "2022-11": {
            "month": "2022-11",
            "price": "16.43",
            "revenue": 462678
        },
        "2022-12": {
            "month": "2022-12",
            "price": "16.47",
            "revenue": 528343
        },
        "2023-01": {
            "month": "2023-01",
            "price": "15.86",
            "revenue": 382505
        },
        "2023-02": {
            "month": "2023-02",
            "price": "15.75",
            "revenue": 358595
        },
        "2023-03": {
            "month": "2023-03",
            "price": "16.33",
            "revenue": 387578
        },
        "2023-04": {
            "month": "2023-04",
            "price": "16.55",
            "revenue": 332976
        },
        "2023-05": {
            "month": "2023-05",
            "price": "15.36",
            "revenue": 314843
        }
    }
}
