{
    "summary": {
        "stock_name": "益登",
        "stock_id": "3048",
        "category": "電子通路",
        "main_business": "代理銷售半導體零組件及相關研發業務",
        "website_url": "https://www.edomtech.com",
        "ceo": "侯靖圻",
        "pe_ratio": 15,
        "report_year_from": 2001,
        "report_year_to": 2023,
        "age": 22,
        "eps_negative_percentage": 4,
        "eps_growth_avg": {
            "last_all": 10.2,
            "last_2y": 36.38,
            "last_4y": 25.24,
            "last_8y": 23.25,
            "last_12y": 23.8,
            "last_16y": 21.58,
            "last_20y": 10.2,
            "at_2006_last_3y": -41.57,
            "at_2007_last_3y": -10.44,
            "at_2008_last_3y": -22.58,
            "at_2009_last_3y": 14.34,
            "at_2010_last_3y": 35.38,
            "at_2011_last_3y": -6.43,
            "at_2012_last_3y": 42.46,
            "at_2013_last_3y": 25.04,
            "at_2014_last_3y": 38.41,
            "at_2015_last_3y": 53.79,
            "at_2016_last_3y": 16.06,
            "at_2017_last_3y": 20.76,
            "at_2018_last_3y": -12.47,
            "at_2019_last_3y": 3.82,
            "at_2020_last_3y": 39.12,
            "at_2021_last_3y": 40.3,
            "at_2022_last_3y": 39.78,
            "at_2023_last_3y": 39.78,
            "at_2006_last_all": -38.03,
            "at_2007_last_all": -16.6,
            "at_2008_last_all": -27.87,
            "at_2009_last_all": -11.89,
            "at_2010_last_all": -5.4,
            "at_2011_last_all": -12.53,
            "at_2012_last_all": -2.3,
            "at_2013_last_all": 0.42,
            "at_2014_last_all": 8.08,
            "at_2015_last_all": 6.42,
            "at_2016_last_all": 2.6,
            "at_2017_last_all": 5.5,
            "at_2018_last_all": 3.24,
            "at_2019_last_all": 5.84,
            "at_2020_last_all": 10.29,
            "at_2021_last_all": 12.46,
            "at_2022_last_all": 10.2,
            "at_2023_last_all": 10.2
        },
        "latest_eps": 1.89,
        "latest_price": 28.3,
        "latest_roe": 9.17,
        "latest_gross_margin": 3.4,
        "latest_equity": 5461845,
        "latest_revenue": 24216271,
        "latest_gross_profit": 822408,
        "latest_net_income": -3508,
        "latest_debt_ratio": 81.43,
        "latest_current_ratio": 120.22,
        "latest_account_receivable_turnover_ratio": 6.33,
        "latest_inventory_turnover_ratio": 1.32,
        "latest_reinvestment_rate": 12.17,
        "latest_research_to_sale_ratio": null
    },
    "eps_dividends": {
        "2000": {
            "cash": 0,
            "stock": 12.2,
            "eps": 0
        },
        "2001": {
            "cash": 0,
            "stock": 6,
            "eps": 12.19
        },
        "2002": {
            "cash": 1,
            "stock": 6,
            "eps": 9.28
        },
        "2003": {
            "cash": 2.9,
            "stock": 3.1,
            "eps": 6.13
        },
        "2004": {
            "cash": 2.1,
            "stock": 1.8,
            "eps": 3.25
        },
        "2005": {
            "cash": 2.1,
            "stock": 0,
            "eps": 1.7
        },
        "2006": {
            "cash": 0.3,
            "stock": 1,
            "eps": 1.06
        },
        "2007": {
            "cash": 0.75,
            "stock": 0,
            "eps": 2.02
        },
        "2008": {
            "cash": 1.4,
            "stock": 0,
            "eps": 0.09
        },
        "2009": {
            "cash": 0,
            "stock": 0,
            "eps": 1.14
        },
        "2010": {
            "cash": 1,
            "stock": 0,
            "eps": 1.67
        },
        "2011": {
            "cash": 1.37,
            "stock": 0,
            "eps": 0.39
        },
        "2012": {
            "cash": 0,
            "stock": 0,
            "eps": 0.99
        },
        "2013": {
            "cash": 0.5,
            "stock": 0,
            "eps": 1.29
        },
        "2014": {
            "cash": 0.5,
            "stock": 1,
            "eps": 2.64
        },
        "2015": {
            "cash": 1,
            "stock": 1.2,
            "eps": 2.24
        },
        "2016": {
            "cash": 1,
            "stock": 1,
            "eps": 1.1
        },
        "2017": {
            "cash": 0.5,
            "stock": 0,
            "eps": 1.64
        },
        "2018": {
            "cash": 1,
            "stock": 0,
            "eps": 1.1
        },
        "2019": {
            "cash": 0.7,
            "stock": 0,
            "eps": 1.65
        },
        "2020": {
            "cash": 1,
            "stock": 0,
            "eps": 3.14
        },
        "2021": {
            "cash": 1.9,
            "stock": 1,
            "eps": 4.83
        },
        "2022": {
            "cash": 3.4,
            "stock": 0,
            "eps": 3.14
        },
        "2023": {
            "cash": 2,
            "stock": 0,
            "eps": -0.01
        }
    },
    "dividends": {
        "2000-07-03": {
            "cash": 0,
            "stock": 12.2
        },
        "2001-05-16": {
            "cash": 0,
            "stock": 6
        },
        "2002-03-15": {
            "cash": 1,
            "stock": 6
        },
        "2003-05-23": {
            "cash": 2.9,
            "stock": 3.1
        },
        "2004-03-19": {
            "cash": 2.1,
            "stock": 1.8
        },
        "2005-05-19": {
            "cash": 2.1,
            "stock": 0
        },
        "2006-03-13": {
            "cash": 0.3,
            "stock": 1
        },
        "2007-03-26": {
            "cash": 0.75,
            "stock": 0
        },
        "2008-03-24": {
            "cash": 1.4,
            "stock": 0
        },
        "2010-03-26": {
            "cash": 1,
            "stock": 0
        },
        "2011-01-01": {
            "cash": 0.68,
            "stock": 0
        },
        "2011-03-24": {
            "cash": 0.69,
            "stock": 0
        },
        "2013-03-13": {
            "cash": 0.5,
            "stock": 0
        },
        "2014-06-17": {
            "cash": 0.5,
            "stock": 1
        },
        "2015-09-18": {
            "cash": 1,
            "stock": 1.2
        },
        "2016-09-20": {
            "cash": 1,
            "stock": 1
        },
        "2017-08-25": {
            "cash": 0.5,
            "stock": 0
        },
        "2018-08-10": {
            "cash": 1,
            "stock": 0
        },
        "2019-07-26": {
            "cash": 0.7,
            "stock": 0
        },
        "2020-08-11": {
            "cash": 1,
            "stock": 0
        },
        "2021-10-12": {
            "cash": 1.9,
            "stock": 1
        },
        "2022-08-15": {
            "cash": 3.4,
            "stock": 0
        },
        "2023-03-15": {
            "cash": 2,
            "stock": 0
        }
    },
    "prices": {
        "200101": "無",
        "200102": "無",
        "200103": "無",
        "200104": "無",
        "200105": "無",
        "200106": "無",
        "200107": "無",
        "200108": "無",
        "200109": "無",
        "200110": "無",
        "200111": "無",
        "200112": "無",
        "200201": "無",
        "200202": "無",
        "200203": "無",
        "200204": "無",
        "200205": "無",
        "200206": "無",
        "200207": "無",
        "200208": "無",
        "200209": "無",
        "200210": "79.61",
        "200211": "80.81",
        "200212": "77.57",
        "200301": "73.34",
        "200302": "69.50",
        "200303": "68.10",
        "200304": "69.91",
        "200305": "75.33",
        "200306": "80.20",
        "200307": "70.02",
        "200308": "68.93",
        "200309": "62.98",
        "200310": "59.66",
        "200311": "60.42",
        "200312": "57.87",
        "200401": "56.70",
        "200402": "61.08",
        "200403": "57.76",
        "200404": "55.38",
        "200405": "43.00",
        "200406": "37.56",
        "200407": "31.30",
        "200408": "25.54",
        "200409": "25.44",
        "200410": "24.00",
        "200411": "23.70",
        "200412": "23.05",
        "200501": "21.27",
        "200502": "22.19",
        "200503": "22.87",
        "200504": "22.53",
        "200505": "22.78",
        "200506": "25.75",
        "200507": "28.48",
        "200508": "27.76",
        "200509": "27.14",
        "200510": "25.11",
        "200511": "21.85",
        "200512": "21.38",
        "200601": "21.15",
        "200602": "19.76",
        "200603": "18.25",
        "200604": "20.36",
        "200605": "18.80",
        "200606": "16.05",
        "200607": "13.77",
        "200608": "12.10",
        "200609": "11.16",
        "200610": "12.63",
        "200611": "13.93",
        "200612": "15.77",
        "200701": "15.67",
        "200702": "14.82",
        "200703": "15.25",
        "200704": "16.42",
        "200705": "16.55",
        "200706": "18.92",
        "200707": "21.97",
        "200708": "20.97",
        "200709": "22.08",
        "200710": "22.45",
        "200711": "20.49",
        "200712": "19.20",
        "200801": "17.29",
        "200802": "16.55",
        "200803": "17.25",
        "200804": "18.29",
        "200805": "18.29",
        "200806": "17.29",
        "200807": "12.35",
        "200808": "11.95",
        "200809": "11.01",
        "200810": "8.96",
        "200811": "6.22",
        "200812": "5.86",
        "200901": "5.93",
        "200902": "5.97",
        "200903": "7.13",
        "200904": "8.50",
        "200905": "8.96",
        "200906": "8.67",
        "200907": "8.78",
        "200908": "10.09",
        "200909": "11.40",
        "200910": "14.28",
        "200911": "14.32",
        "200912": "16.96",
        "201001": "19.02",
        "201002": "16.74",
        "201003": "17.89",
        "201004": "18.61",
        "201005": "17.40",
        "201006": "16.76",
        "201007": "17.32",
        "201008": "16.67",
        "201009": "16.27",
        "201010": "16.65",
        "201011": "16.09",
        "201012": "16.48",
        "201101": "15.93",
        "201102": "15.45",
        "201103": "14.57",
        "201104": "14.45",
        "201105": "13.85",
        "201106": "14.06",
        "201107": "12.10",
        "201108": "9.63",
        "201109": "9.14",
        "201110": "9.04",
        "201111": "8.92",
        "201112": "8.18",
        "201201": "8.32",
        "201202": "9.48",
        "201203": "10.26",
        "201204": "9.94",
        "201205": "9.48",
        "201206": "9.25",
        "201207": "9.34",
        "201208": "9.20",
        "201209": "10.15",
        "201210": "10.10",
        "201211": "10.07",
        "201212": "10.40",
        "201301": "10.82",
        "201302": "11.10",
        "201303": "11.09",
        "201304": "11.08",
        "201305": "11.75",
        "201306": "11.85",
        "201307": "11.29",
        "201308": "11.21",
        "201309": "12.00",
        "201310": "13.38",
        "201311": "13.31",
        "201312": "13.43",
        "201401": "14.40",
        "201402": "15.33",
        "201403": "15.31",
        "201404": "16.69",
        "201405": "19.03",
        "201406": "22.67",
        "201407": "27.80",
        "201408": "25.03",
        "201409": "27.38",
        "201410": "27.02",
        "201411": "27.58",
        "201412": "27.82",
        "201501": "27.89",
        "201502": "27.10",
        "201503": "29.39",
        "201504": "29.40",
        "201505": "28.03",
        "201506": "26.39",
        "201507": "24.44",
        "201508": "18.06",
        "201509": "19.70",
        "201510": "21.19",
        "201511": "20.08",
        "201512": "19.17",
        "201601": "17.29",
        "201602": "18.26",
        "201603": "18.61",
        "201604": "16.90",
        "201605": "16.63",
        "201606": "17.15",
        "201607": "18.38",
        "201608": "17.75",
        "201609": "16.76",
        "201610": "17.31",
        "201611": "17.00",
        "201612": "16.67",
        "201701": "16.58",
        "201702": "17.48",
        "201703": "17.55",
        "201704": "15.88",
        "201705": "16.02",
        "201706": "16.61",
        "201707": "16.70",
        "201708": "16.15",
        "201709": "15.96",
        "201710": "15.86",
        "201711": "17.03",
        "201712": "19.25",
        "201801": "20.50",
        "201802": "19.04",
        "201803": "19.41",
        "201804": "17.36",
        "201805": "17.09",
        "201806": "18.20",
        "201807": "17.00",
        "201808": "16.49",
        "201809": "15.71",
        "201810": "13.49",
        "201811": "12.43",
        "201812": "13.43",
        "201901": "13.09",
        "201902": "13.47",
        "201903": "13.82",
        "201904": "14.08",
        "201905": "13.40",
        "201906": "13.44",
        "201907": "13.42",
        "201908": "14.20",
        "201909": "17.14",
        "201910": "19.72",
        "201911": "19.44",
        "201912": "19.22",
        "202001": "18.45",
        "202002": "16.49",
        "202003": "14.49",
        "202004": "15.77",
        "202005": "17.44",
        "202006": "18.01",
        "202007": "16.99",
        "202008": "17.84",
        "202009": "17.78",
        "202010": "17.89",
        "202011": "20.39",
        "202012": "23.37",
        "202101": "23.53",
        "202102": "23.25",
        "202103": "30.03",
        "202104": "36.64",
        "202105": "33.82",
        "202106": "34.10",
        "202107": "36.20",
        "202108": "35.80",
        "202109": "31.33",
        "202110": "31.60",
        "202111": "32.31",
        "202112": "32.00",
        "202201": "33.01",
        "202202": "35.22",
        "202203": "36.79",
        "202204": "36.08",
        "202205": "34.86",
        "202206": "34.92",
        "202207": "29.29",
        "202208": "29.50",
        "202209": "28.20",
        "202210": "27.72",
        "202211": "28.05",
        "202212": "27.55",
        "202301": "26.97",
        "202302": "28.13",
        "202303": "28.64",
        "202304": "28.33",
        "202305": "27.46",
        "202306": "28.26"
    },
    "quarters": {
        "20011": {
            "year_quarter": 20011,
            "year": 2001,
            "quarter": 1,
            "eps": 4.52,
            "eps_growth_year": null,
            "eps_4q": null,
            "eps_4q_growth_year": null,
            "roe": 20.86,
            "roe_4q": 20.86,
            "gross_profit": 285754,
            "gross_margin": 8.13,
            "gross_margin_4q_avg": 8.13,
            "net_income": 135601,
            "revenue": 3513809,
            "common_shares": 300000,
            "book_valuer_per_share": 23.96,
            "book_valuer_per_share_4q_avg": 23.96,
            "equity": 718778,
            "current_ratio": 153.87,
            "debt_ratio": 61.59,
            "inventory_turnover_ratio": 6.14,
            "account_receivable_turnover_ratio": null,
            "reinvestment_rate": null,
            "research_to_sale_ratio": null,
            "price_fair": 0,
            "eps_avg_yearly": 0,
            "eps_latest_yearly": 0,
            "eps_growth_yearly": 0
        },
        "20012": {
            "year_quarter": 20012,
            "year": 2001,
            "quarter": 2,
            "eps": 1.41,
            "eps_growth_year": null,
            "eps_4q": null,
            "eps_4q_growth_year": null,
            "roe": 9.57,
            "roe_4q": 30.43,
            "gross_profit": 153793,
            "gross_margin": 10.28,
            "gross_margin_4q_avg": 9.21,
            "net_income": 73218,
            "revenue": 1496696,
            "common_shares": 520000,
            "book_valuer_per_share": 15.61,
            "book_valuer_per_share_4q_avg": 19.79,
            "equity": 811729,
            "current_ratio": 224.17,
            "debt_ratio": 41.65,
            "inventory_turnover_ratio": 3.8,
            "account_receivable_turnover_ratio": null,
            "reinvestment_rate": null,
            "research_to_sale_ratio": null,
            "price_fair": 0,
            "eps_avg_yearly": 0,
            "eps_latest_yearly": 0,
            "eps_growth_yearly": 0
        },
        "20013": {
            "year_quarter": 20013,
            "year": 2001,
            "quarter": 3,
            "eps": 2.93,
            "eps_growth_year": null,
            "eps_4q": null,
            "eps_4q_growth_year": null,
            "roe": 17.11,
            "roe_4q": 47.54,
            "gross_profit": 308778,
            "gross_margin": 8.73,
            "gross_margin_4q_avg": 9.05,
            "net_income": 152189,
            "revenue": 3537274,
            "common_shares": 520000,
            "book_valuer_per_share": 18.59,
            "book_valuer_per_share_4q_avg": 19.39,
            "equity": 966725,
            "current_ratio": 179.27,
            "debt_ratio": 50.81,
            "inventory_turnover_ratio": 17.18,
            "account_receivable_turnover_ratio": null,
            "reinvestment_rate": null,
            "research_to_sale_ratio": null,
            "price_fair": 0,
            "eps_avg_yearly": 0,
            "eps_latest_yearly": 0,
            "eps_growth_yearly": 0
        },
        "20014": {
            "year_quarter": 20014,
            "year": 2001,
            "quarter": 4,
            "eps": 3.33,
            "eps_growth_year": null,
            "eps_4q": 10.28,
            "eps_4q_growth_year": null,
            "roe": 16.35,
            "roe_4q": 63.89,
            "gross_profit": 273916,
            "gross_margin": 7.27,
            "gross_margin_4q_avg": 8.6,
            "net_income": 173083,
            "revenue": 3765694,
            "common_shares": 520000,
            "book_valuer_per_share": 22.14,
            "book_valuer_per_share_4q_avg": 20.08,
            "equity": 1151100,
            "current_ratio": 176.29,
            "debt_ratio": 52.48,
            "inventory_turnover_ratio": 20.47,
            "account_receivable_turnover_ratio": null,
            "reinvestment_rate": null,
            "research_to_sale_ratio": null,
            "price_fair": 0,
            "eps_avg_yearly": 0,
            "eps_latest_yearly": 0,
            "eps_growth_yearly": 0
        },
        "20021": {
            "year_quarter": 20021,
            "year": 2002,
            "quarter": 1,
            "eps": 3.81,
            "eps_growth_year": -15.71,
            "eps_4q": 11.48,
            "eps_4q_growth_year": null,
            "roe": 15.86,
            "roe_4q": 58.89,
            "gross_profit": 340870,
            "gross_margin": 10.31,
            "gross_margin_4q_avg": 9.15,
            "net_income": 198050,
            "revenue": 3305341,
            "common_shares": 520000,
            "book_valuer_per_share": 25.88,
            "book_valuer_per_share_4q_avg": 20.56,
            "equity": 1345722,
            "current_ratio": 191.47,
            "debt_ratio": 47.59,
            "inventory_turnover_ratio": 12.74,
            "account_receivable_turnover_ratio": null,
            "reinvestment_rate": null,
            "research_to_sale_ratio": null,
            "price_fair": 533.4,
            "eps_avg_yearly": 15.24,
            "eps_latest_yearly": 15.24,
            "eps_growth_yearly": 57.66
        },
        "20022": {
            "year_quarter": 20022,
            "year": 2002,
            "quarter": 2,
            "eps": 1.71,
            "eps_growth_year": 21.28,
            "eps_4q": 7.64,
            "eps_4q_growth_year": null,
            "roe": 11.01,
            "roe_4q": 60.33,
            "gross_profit": 287685,
            "gross_margin": 9.95,
            "gross_margin_4q_avg": 9.07,
            "net_income": 150791,
            "revenue": 2891798,
            "common_shares": 884000,
            "book_valuer_per_share": 15.75,
            "book_valuer_per_share_4q_avg": 20.59,
            "equity": 1392491,
            "current_ratio": 271.1,
            "debt_ratio": 32.66,
            "inventory_turnover_ratio": 6.16,
            "account_receivable_turnover_ratio": null,
            "reinvestment_rate": null,
            "research_to_sale_ratio": null,
            "price_fair": 33.12,
            "eps_avg_yearly": 11.04,
            "eps_latest_yearly": 6.84,
            "eps_growth_yearly": -81.41
        },
        "20023": {
            "year_quarter": 20023,
            "year": 2002,
            "quarter": 3,
            "eps": 1.57,
            "eps_growth_year": -46.42,
            "eps_4q": 7.49,
            "eps_4q_growth_year": null,
            "roe": 9.36,
            "roe_4q": 52.58,
            "gross_profit": 260510,
            "gross_margin": 6.15,
            "gross_margin_4q_avg": 8.42,
            "net_income": 138473,
            "revenue": 4238529,
            "common_shares": 884000,
            "book_valuer_per_share": 17.71,
            "book_valuer_per_share_4q_avg": 20.37,
            "equity": 1565206,
            "current_ratio": 165.71,
            "debt_ratio": 55.14,
            "inventory_turnover_ratio": 9.37,
            "account_receivable_turnover_ratio": null,
            "reinvestment_rate": null,
            "research_to_sale_ratio": null,
            "price_fair": 28.36,
            "eps_avg_yearly": 9.45,
            "eps_latest_yearly": 6.28,
            "eps_growth_yearly": -65.19
        },
        "20024": {
            "year_quarter": 20024,
            "year": 2002,
            "quarter": 4,
            "eps": 2.19,
            "eps_growth_year": -34.23,
            "eps_4q": 7.7,
            "eps_4q_growth_year": -25.04,
            "roe": 11.71,
            "roe_4q": 47.94,
            "gross_profit": 345035,
            "gross_margin": 8.13,
            "gross_margin_4q_avg": 8.64,
            "net_income": 193610,
            "revenue": 4242632,
            "common_shares": 884000,
            "book_valuer_per_share": 19.69,
            "book_valuer_per_share_4q_avg": 19.76,
            "equity": 1740732,
            "current_ratio": 180.52,
            "debt_ratio": 50.46,
            "inventory_turnover_ratio": 8.52,
            "account_receivable_turnover_ratio": null,
            "reinvestment_rate": null,
            "research_to_sale_ratio": null,
            "price_fair": 27.84,
            "eps_avg_yearly": 9.28,
            "eps_latest_yearly": 8.76,
            "eps_growth_yearly": -9.4
        },
        "20031": {
            "year_quarter": 20031,
            "year": 2003,
            "quarter": 1,
            "eps": 2.15,
            "eps_growth_year": -43.57,
            "eps_4q": 7.62,
            "eps_4q_growth_year": -33.63,
            "roe": 10.35,
            "roe_4q": 42.43,
            "gross_profit": 346319,
            "gross_margin": 8.42,
            "gross_margin_4q_avg": 8.16,
            "net_income": 189899,
            "revenue": 4111969,
            "common_shares": 884000,
            "book_valuer_per_share": 21.83,
            "book_valuer_per_share_4q_avg": 18.75,
            "equity": 1929629,
            "current_ratio": 199.63,
            "debt_ratio": 45.68,
            "inventory_turnover_ratio": 6.82,
            "account_receivable_turnover_ratio": null,
            "reinvestment_rate": null,
            "research_to_sale_ratio": null,
            "price_fair": 27.43,
            "eps_avg_yearly": 9.14,
            "eps_latest_yearly": 8.6,
            "eps_growth_yearly": -8.98
        },
        "20032": {
            "year_quarter": 20032,
            "year": 2003,
            "quarter": 2,
            "eps": 1.64,
            "eps_growth_year": -4.09,
            "eps_4q": 7.55,
            "eps_4q_growth_year": -1.25,
            "roe": 7.84,
            "roe_4q": 39.26,
            "gross_profit": 284537,
            "gross_margin": 6.88,
            "gross_margin_4q_avg": 7.4,
            "net_income": 144868,
            "revenue": 4135923,
            "common_shares": 884000,
            "book_valuer_per_share": 19.96,
            "book_valuer_per_share_4q_avg": 19.8,
            "equity": 1764153,
            "current_ratio": 192.88,
            "debt_ratio": 47.03,
            "inventory_turnover_ratio": 8.13,
            "account_receivable_turnover_ratio": null,
            "reinvestment_rate": null,
            "research_to_sale_ratio": null,
            "price_fair": 26.14,
            "eps_avg_yearly": 8.71,
            "eps_latest_yearly": 6.56,
            "eps_growth_yearly": -23.3
        },
        "20033": {
            "year_quarter": 20033,
            "year": 2003,
            "quarter": 3,
            "eps": 1.28,
            "eps_growth_year": -18.47,
            "eps_4q": 5.7,
            "eps_4q_growth_year": -23.89,
            "roe": 8.36,
            "roe_4q": 38.26,
            "gross_profit": 283631,
            "gross_margin": 5.94,
            "gross_margin_4q_avg": 7.34,
            "net_income": 153051,
            "revenue": 4772853,
            "common_shares": 1200000,
            "book_valuer_per_share": 15.81,
            "book_valuer_per_share_4q_avg": 19.32,
            "equity": 1896651,
            "current_ratio": 199.97,
            "debt_ratio": 45.55,
            "inventory_turnover_ratio": 11.16,
            "account_receivable_turnover_ratio": null,
            "reinvestment_rate": null,
            "research_to_sale_ratio": null,
            "price_fair": 24.6,
            "eps_avg_yearly": 8.2,
            "eps_latest_yearly": 5.12,
            "eps_growth_yearly": -32.51
        },
        "20034": {
            "year_quarter": 20034,
            "year": 2003,
            "quarter": 4,
            "eps": 1.06,
            "eps_growth_year": -51.6,
            "eps_4q": 5.12,
            "eps_4q_growth_year": -33.5,
            "roe": 6.49,
            "roe_4q": 33.04,
            "gross_profit": 218648,
            "gross_margin": 4.55,
            "gross_margin_4q_avg": 6.45,
            "net_income": 127290,
            "revenue": 4800416,
            "common_shares": 1200000,
            "book_valuer_per_share": 16.9,
            "book_valuer_per_share_4q_avg": 18.63,
            "equity": 2028593,
            "current_ratio": 196.21,
            "debt_ratio": 46.89,
            "inventory_turnover_ratio": 9.33,
            "account_receivable_turnover_ratio": null,
            "reinvestment_rate": null,
            "research_to_sale_ratio": null,
            "price_fair": 23.12,
            "eps_avg_yearly": 7.71,
            "eps_latest_yearly": 4.24,
            "eps_growth_yearly": -37.04
        },
        "20041": {
            "year_quarter": 20041,
            "year": 2004,
            "quarter": 1,
            "eps": 1.02,
            "eps_growth_year": -52.56,
            "eps_4q": 4.57,
            "eps_4q_growth_year": -40.02,
            "roe": 5.88,
            "roe_4q": 28.57,
            "gross_profit": 244042,
            "gross_margin": 4.55,
            "gross_margin_4q_avg": 5.48,
            "net_income": 122215,
            "revenue": 5360829,
            "common_shares": 1200000,
            "book_valuer_per_share": 17.75,
            "book_valuer_per_share_4q_avg": 17.61,
            "equity": 2129657,
            "current_ratio": 202.48,
            "debt_ratio": 45.68,
            "inventory_turnover_ratio": 6.21,
            "account_receivable_turnover_ratio": null,
            "reinvestment_rate": null,
            "research_to_sale_ratio": null,
            "price_fair": 21.91,
            "eps_avg_yearly": 7.3,
            "eps_latest_yearly": 4.08,
            "eps_growth_yearly": -34.6
        },
        "20042": {
            "year_quarter": 20042,
            "year": 2004,
            "quarter": 2,
            "eps": 1.03,
            "eps_growth_year": -37.2,
            "eps_4q": 4.4,
            "eps_4q_growth_year": -41.77,
            "roe": 6.02,
            "roe_4q": 26.75,
            "gross_profit": 254041,
            "gross_margin": 6.47,
            "gross_margin_4q_avg": 5.38,
            "net_income": 123194,
            "revenue": 3924629,
            "common_shares": 1200000,
            "book_valuer_per_share": 16.33,
            "book_valuer_per_share_4q_avg": 16.7,
            "equity": 1959740,
            "current_ratio": 309.09,
            "debt_ratio": 53.93,
            "inventory_turnover_ratio": 2.78,
            "account_receivable_turnover_ratio": null,
            "reinvestment_rate": null,
            "research_to_sale_ratio": null,
            "price_fair": 20.95,
            "eps_avg_yearly": 6.98,
            "eps_latest_yearly": 4.12,
            "eps_growth_yearly": -30.75
        },
        "20043": {
            "year_quarter": 20043,
            "year": 2004,
            "quarter": 3,
            "eps": 0.45,
            "eps_growth_year": -64.84,
            "eps_4q": 3.04,
            "eps_4q_growth_year": -46.72,
            "roe": 3.25,
            "roe_4q": 21.64,
            "gross_profit": 179896,
            "gross_margin": 3.86,
            "gross_margin_4q_avg": 4.86,
            "net_income": 64850,
            "revenue": 4657878,
            "common_shares": 1446000,
            "book_valuer_per_share": 14.02,
            "book_valuer_per_share_4q_avg": 16.25,
            "equity": 2026916,
            "current_ratio": 249.42,
            "debt_ratio": 58.46,
            "inventory_turnover_ratio": 2.91,
            "account_receivable_turnover_ratio": null,
            "reinvestment_rate": null,
            "research_to_sale_ratio": null,
            "price_fair": 19.54,
            "eps_avg_yearly": 6.51,
            "eps_latest_yearly": 1.8,
            "eps_growth_yearly": -48.43
        },
        "20044": {
            "year_quarter": 20044,
            "year": 2004,
            "quarter": 4,
            "eps": 0.75,
            "eps_growth_year": -29.25,
            "eps_4q": 2.9,
            "eps_4q_growth_year": -43.43,
            "roe": 5.27,
            "roe_4q": 20.419999999999998,
            "gross_profit": 265724,
            "gross_margin": 5.5,
            "gross_margin_4q_avg": 5.1,
            "net_income": 108338,
            "revenue": 4834795,
            "common_shares": 1446000,
            "book_valuer_per_share": 14.43,
            "book_valuer_per_share_4q_avg": 15.63,
            "equity": 2086783,
            "current_ratio": 366.41,
            "debt_ratio": 48.77,
            "inventory_turnover_ratio": 3.47,
            "account_receivable_turnover_ratio": null,
            "reinvestment_rate": 5.33,
            "research_to_sale_ratio": null,
            "price_fair": 18.66,
            "eps_avg_yearly": 6.22,
            "eps_latest_yearly": 3,
            "eps_growth_yearly": -22.17
        },
        "20051": {
            "year_quarter": 20051,
            "year": 2005,
            "quarter": 1,
            "eps": 0.65,
            "eps_growth_year": -36.27,
            "eps_4q": 2.7,
            "eps_4q_growth_year": -40.86,
            "roe": 4.41,
            "roe_4q": 18.95,
            "gross_profit": 234215,
            "gross_margin": 4.76,
            "gross_margin_4q_avg": 5.15,
            "net_income": 93883,
            "revenue": 4920093,
            "common_shares": 1446000,
            "book_valuer_per_share": 15.01,
            "book_valuer_per_share_4q_avg": 14.95,
            "equity": 2170757,
            "current_ratio": 251.85,
            "debt_ratio": 55.48,
            "inventory_turnover_ratio": 3.46,
            "account_receivable_turnover_ratio": null,
            "reinvestment_rate": 5.09,
            "research_to_sale_ratio": null,
            "price_fair": 17.82,
            "eps_avg_yearly": 5.94,
            "eps_latest_yearly": 2.6,
            "eps_growth_yearly": -24.57
        },
        "20052": {
            "year_quarter": 20052,
            "year": 2005,
            "quarter": 2,
            "eps": 0.46,
            "eps_growth_year": -55.34,
            "eps_4q": 2.3,
            "eps_4q_growth_year": -47.74,
            "roe": 3.3,
            "roe_4q": 16.23,
            "gross_profit": 194441,
            "gross_margin": 4.29,
            "gross_margin_4q_avg": 4.6,
            "net_income": 66871,
            "revenue": 4534309,
            "common_shares": 1446000,
            "book_valuer_per_share": 12.99,
            "book_valuer_per_share_4q_avg": 14.11,
            "equity": 1878929,
            "current_ratio": 151.5,
            "debt_ratio": 61.84,
            "inventory_turnover_ratio": 2.73,
            "account_receivable_turnover_ratio": null,
            "reinvestment_rate": 5.41,
            "research_to_sale_ratio": null,
            "price_fair": 16.95,
            "eps_avg_yearly": 5.65,
            "eps_latest_yearly": 1.84,
            "eps_growth_yearly": -31.17
        },
        "20053": {
            "year_quarter": 20053,
            "year": 2005,
            "quarter": 3,
            "eps": 0.2,
            "eps_growth_year": -55.56,
            "eps_4q": 2.07,
            "eps_4q_growth_year": -31.77,
            "roe": 1.51,
            "roe_4q": 14.489999999999998,
            "gross_profit": 178923,
            "gross_margin": 3.47,
            "gross_margin_4q_avg": 4.51,
            "net_income": 28755,
            "revenue": 5162931,
            "common_shares": 1446000,
            "book_valuer_per_share": 13.4,
            "book_valuer_per_share_4q_avg": 13.96,
            "equity": 1937296,
            "current_ratio": 144.31,
            "debt_ratio": 64.94,
            "inventory_turnover_ratio": 2.98,
            "account_receivable_turnover_ratio": null,
            "reinvestment_rate": 7.13,
            "research_to_sale_ratio": null,
            "price_fair": 15.98,
            "eps_avg_yearly": 5.33,
            "eps_latest_yearly": 0.8,
            "eps_growth_yearly": -44.16
        },
        "20054": {
            "year_quarter": 20054,
            "year": 2005,
            "quarter": 4,
            "eps": 0.39,
            "eps_growth_year": -48,
            "eps_4q": 1.71,
            "eps_4q_growth_year": -41.07,
            "roe": 2.86,
            "roe_4q": 12.08,
            "gross_profit": 227110,
            "gross_margin": 4.06,
            "gross_margin_4q_avg": 4.15,
            "net_income": 56089,
            "revenue": 5590121,
            "common_shares": 1446000,
            "book_valuer_per_share": 13.74,
            "book_valuer_per_share_4q_avg": 13.79,
            "equity": 1987214,
            "current_ratio": 147.15,
            "debt_ratio": 62.91,
            "inventory_turnover_ratio": 3.12,
            "account_receivable_turnover_ratio": null,
            "reinvestment_rate": 8.43,
            "research_to_sale_ratio": null,
            "price_fair": 15.27,
            "eps_avg_yearly": 5.09,
            "eps_latest_yearly": 1.56,
            "eps_growth_yearly": -17.65
        },
        "20061": {
            "year_quarter": 20061,
            "year": 2006,
            "quarter": 1,
            "eps": 0.3,
            "eps_growth_year": -53.85,
            "eps_4q": 1.36,
            "eps_4q_growth_year": -49.65,
            "roe": 2.14,
            "roe_4q": 9.809999999999999,
            "gross_profit": 184314,
            "gross_margin": 4.1,
            "gross_margin_4q_avg": 3.98,
            "net_income": 42924,
            "revenue": 4497367,
            "common_shares": 1446000,
            "book_valuer_per_share": 13.95,
            "book_valuer_per_share_4q_avg": 13.52,
            "equity": 2017767,
            "current_ratio": 151.72,
            "debt_ratio": 60.73,
            "inventory_turnover_ratio": 2.34,
            "account_receivable_turnover_ratio": null,
            "reinvestment_rate": 5.92,
            "research_to_sale_ratio": null,
            "price_fair": 12.64,
            "eps_avg_yearly": 4.21,
            "eps_latest_yearly": 1.2,
            "eps_growth_yearly": -27.03
        },
        "20062": {
            "year_quarter": 20062,
            "year": 2006,
            "quarter": 2,
            "eps": 0.19,
            "eps_growth_year": -58.7,
            "eps_4q": 1,
            "eps_4q_growth_year": -56.41,
            "roe": 1.49,
            "roe_4q": 8,
            "gross_profit": 190360,
            "gross_margin": 4.68,
            "gross_margin_4q_avg": 4.08,
            "net_income": 29918,
            "revenue": 4064059,
            "common_shares": 1446000,
            "book_valuer_per_share": 13.75,
            "book_valuer_per_share_4q_avg": 13.71,
            "equity": 1988576,
            "current_ratio": 183.56,
            "debt_ratio": 61.3,
            "inventory_turnover_ratio": 2.1,
            "account_receivable_turnover_ratio": null,
            "reinvestment_rate": 5.88,
            "research_to_sale_ratio": null,
            "price_fair": 11.5,
            "eps_avg_yearly": 3.83,
            "eps_latest_yearly": 0.76,
            "eps_growth_yearly": -22.41
        },
        "20063": {
            "year_quarter": 20063,
            "year": 2006,
            "quarter": 3,
            "eps": 0.12,
            "eps_growth_year": -40,
            "eps_4q": 0.95,
            "eps_4q_growth_year": -54.2,
            "roe": 0.93,
            "roe_4q": 7.42,
            "gross_profit": 233470,
            "gross_margin": 4.72,
            "gross_margin_4q_avg": 4.39,
            "net_income": 18666,
            "revenue": 4948417,
            "common_shares": 1611000,
            "book_valuer_per_share": 12.63,
            "book_valuer_per_share_4q_avg": 13.52,
            "equity": 2034934,
            "current_ratio": 206.72,
            "debt_ratio": 61.1,
            "inventory_turnover_ratio": 2.82,
            "account_receivable_turnover_ratio": null,
            "reinvestment_rate": 2.71,
            "research_to_sale_ratio": null,
            "price_fair": 10.41,
            "eps_avg_yearly": 3.47,
            "eps_latest_yearly": 0.48,
            "eps_growth_yearly": -29.58
        },
        "20064": {
            "year_quarter": 20064,
            "year": 2006,
            "quarter": 4,
            "eps": 0.45,
            "eps_growth_year": 15.38,
            "eps_4q": 1.02,
            "eps_4q_growth_year": -40.22,
            "roe": 3.51,
            "roe_4q": 8.07,
            "gross_profit": 244700,
            "gross_margin": 4.51,
            "gross_margin_4q_avg": 4.5,
            "net_income": 72132,
            "revenue": 5430941,
            "common_shares": 1611000,
            "book_valuer_per_share": 12.92,
            "book_valuer_per_share_4q_avg": 13.31,
            "equity": 2080910,
            "current_ratio": 189.68,
            "debt_ratio": 63.59,
            "inventory_turnover_ratio": 3.1,
            "account_receivable_turnover_ratio": null,
            "reinvestment_rate": 6.84,
            "research_to_sale_ratio": null,
            "price_fair": 106.23,
            "eps_avg_yearly": 3.04,
            "eps_latest_yearly": 1.8,
            "eps_growth_yearly": 29.3
        },
        "20071": {
            "year_quarter": 20071,
            "year": 2007,
            "quarter": 1,
            "eps": 0.37,
            "eps_growth_year": 23.33,
            "eps_4q": 1.12,
            "eps_4q_growth_year": -17.46,
            "roe": 2.8,
            "roe_4q": 8.729999999999999,
            "gross_profit": 180089,
            "gross_margin": 3.11,
            "gross_margin_4q_avg": 4.26,
            "net_income": 59334,
            "revenue": 5789639,
            "common_shares": 1611000,
            "book_valuer_per_share": 13.42,
            "book_valuer_per_share_4q_avg": 13.18,
            "equity": 2162462,
            "current_ratio": 182.64,
            "debt_ratio": 64.49,
            "inventory_turnover_ratio": 2.83,
            "account_receivable_turnover_ratio": null,
            "reinvestment_rate": 2.99,
            "research_to_sale_ratio": null,
            "price_fair": 90.65,
            "eps_avg_yearly": 2.59,
            "eps_latest_yearly": 1.48,
            "eps_growth_yearly": 25.31
        },
        "20072": {
            "year_quarter": 20072,
            "year": 2007,
            "quarter": 2,
            "eps": 0.55,
            "eps_growth_year": 189.47,
            "eps_4q": 1.48,
            "eps_4q_growth_year": 47.51,
            "roe": 4.19,
            "roe_4q": 11.43,
            "gross_profit": 276489,
            "gross_margin": 4.44,
            "gross_margin_4q_avg": 4.2,
            "net_income": 89060,
            "revenue": 6226064,
            "common_shares": 1611000,
            "book_valuer_per_share": 12.97,
            "book_valuer_per_share_4q_avg": 12.99,
            "equity": 2089109,
            "current_ratio": 191.62,
            "debt_ratio": 62.96,
            "inventory_turnover_ratio": 2.75,
            "account_receivable_turnover_ratio": null,
            "reinvestment_rate": 3.45,
            "research_to_sale_ratio": null,
            "price_fair": 81.11,
            "eps_avg_yearly": 2.32,
            "eps_latest_yearly": 2.2,
            "eps_growth_yearly": 43.41
        },
        "20073": {
            "year_quarter": 20073,
            "year": 2007,
            "quarter": 3,
            "eps": 0.69,
            "eps_growth_year": 475,
            "eps_4q": 2.05,
            "eps_4q_growth_year": 116.3,
            "roe": 5.23,
            "roe_4q": 15.730000000000002,
            "gross_profit": 353630,
            "gross_margin": 4.35,
            "gross_margin_4q_avg": 4.1,
            "net_income": 111684,
            "revenue": 8120433,
            "common_shares": 1611000,
            "book_valuer_per_share": 13.55,
            "book_valuer_per_share_4q_avg": 13.22,
            "equity": 2182589,
            "current_ratio": 179.29,
            "debt_ratio": 71.28,
            "inventory_turnover_ratio": 3.72,
            "account_receivable_turnover_ratio": null,
            "reinvestment_rate": 3.81,
            "research_to_sale_ratio": null,
            "price_fair": 75.95,
            "eps_avg_yearly": 2.17,
            "eps_latest_yearly": 2.76,
            "eps_growth_yearly": 55.26
        },
        "20074": {
            "year_quarter": 20074,
            "year": 2007,
            "quarter": 4,
            "eps": 0.41,
            "eps_growth_year": -8.89,
            "eps_4q": 2.02,
            "eps_4q_growth_year": 97.81,
            "roe": 2.99,
            "roe_4q": 15.21,
            "gross_profit": 341344,
            "gross_margin": 4.01,
            "gross_margin_4q_avg": 3.98,
            "net_income": 66256,
            "revenue": 8522422,
            "common_shares": 1611000,
            "book_valuer_per_share": 13.96,
            "book_valuer_per_share_4q_avg": 13.48,
            "equity": 2249116,
            "current_ratio": 209.97,
            "debt_ratio": 66.24,
            "inventory_turnover_ratio": 3.02,
            "account_receivable_turnover_ratio": null,
            "reinvestment_rate": 9.75,
            "research_to_sale_ratio": null,
            "price_fair": 70.26,
            "eps_avg_yearly": 2.01,
            "eps_latest_yearly": 1.64,
            "eps_growth_yearly": 49.41
        },
        "20081": {
            "year_quarter": 20081,
            "year": 2008,
            "quarter": 1,
            "eps": 0.23,
            "eps_growth_year": -37.84,
            "eps_4q": 1.87,
            "eps_4q_growth_year": 66.61,
            "roe": 1.7,
            "roe_4q": 14.110000000000003,
            "gross_profit": 289441,
            "gross_margin": 4.33,
            "gross_margin_4q_avg": 4.28,
            "net_income": 37430,
            "revenue": 6690886,
            "common_shares": 1611000,
            "book_valuer_per_share": 13.44,
            "book_valuer_per_share_4q_avg": 13.48,
            "equity": 2165089,
            "current_ratio": 228,
            "debt_ratio": 64.53,
            "inventory_turnover_ratio": 1.77,
            "account_receivable_turnover_ratio": null,
            "reinvestment_rate": 10.14,
            "research_to_sale_ratio": null,
            "price_fair": 63.35,
            "eps_avg_yearly": 1.81,
            "eps_latest_yearly": 0.92,
            "eps_growth_yearly": 39.38
        },
        "20082": {
            "year_quarter": 20082,
            "year": 2008,
            "quarter": 2,
            "eps": 0.31,
            "eps_growth_year": -43.64,
            "eps_4q": 1.73,
            "eps_4q_growth_year": 16.87,
            "roe": 2.29,
            "roe_4q": 12.21,
            "gross_profit": 330158,
            "gross_margin": 4.43,
            "gross_margin_4q_avg": 4.28,
            "net_income": 47523,
            "revenue": 7457072,
            "common_shares": 1611000,
            "book_valuer_per_share": 12.06,
            "book_valuer_per_share_4q_avg": 13.25,
            "equity": 1977620,
            "current_ratio": 218.3,
            "debt_ratio": 62.22,
            "inventory_turnover_ratio": 2,
            "account_receivable_turnover_ratio": null,
            "reinvestment_rate": 24.14,
            "research_to_sale_ratio": null,
            "price_fair": 57.05,
            "eps_avg_yearly": 1.63,
            "eps_latest_yearly": 1.24,
            "eps_growth_yearly": 47.83
        },
        "20083": {
            "year_quarter": 20083,
            "year": 2008,
            "quarter": 3,
            "eps": 0.14,
            "eps_growth_year": -79.71,
            "eps_4q": 1.25,
            "eps_4q_growth_year": -39.28,
            "roe": 0.98,
            "roe_4q": 7.96,
            "gross_profit": 262226,
            "gross_margin": 3.98,
            "gross_margin_4q_avg": 4.19,
            "net_income": 19631,
            "revenue": 6582081,
            "common_shares": 1611000,
            "book_valuer_per_share": 12.47,
            "book_valuer_per_share_4q_avg": 12.98,
            "equity": 2041022,
            "current_ratio": 240.04,
            "debt_ratio": 59.2,
            "inventory_turnover_ratio": 1.96,
            "account_receivable_turnover_ratio": null,
            "reinvestment_rate": 26.69,
            "research_to_sale_ratio": null,
            "price_fair": 54.34,
            "eps_avg_yearly": 1.55,
            "eps_latest_yearly": 0.56,
            "eps_growth_yearly": 48.2
        },
        "20084": {
            "year_quarter": 20084,
            "year": 2008,
            "quarter": 4,
            "eps": -0.59,
            "eps_growth_year": -243.9,
            "eps_4q": 0.17,
            "eps_4q_growth_year": -91.65,
            "roe": -4.87,
            "roe_4q": 0.09999999999999987,
            "gross_profit": 37391,
            "gross_margin": 0.69,
            "gross_margin_4q_avg": 3.36,
            "net_income": -97100,
            "revenue": 5448232,
            "common_shares": 1611000,
            "book_valuer_per_share": 11.88,
            "book_valuer_per_share_4q_avg": 12.46,
            "equity": 1942791,
            "current_ratio": 181.83,
            "debt_ratio": 66.85,
            "inventory_turnover_ratio": 1.82,
            "account_receivable_turnover_ratio": 15.34,
            "reinvestment_rate": 34.43,
            "research_to_sale_ratio": null,
            "price_fair": 50.96,
            "eps_avg_yearly": 1.46,
            "eps_latest_yearly": 0.56,
            "eps_growth_yearly": 33.63
        },
        "20091": {
            "year_quarter": 20091,
            "year": 2009,
            "quarter": 1,
            "eps": 0.13,
            "eps_growth_year": -43.48,
            "eps_4q": -0.02,
            "eps_4q_growth_year": -101.16,
            "roe": 0.9,
            "roe_4q": -0.7000000000000002,
            "gross_profit": 188311,
            "gross_margin": 3.27,
            "gross_margin_4q_avg": 3.09,
            "net_income": 17785,
            "revenue": 5758123,
            "common_shares": 1611000,
            "book_valuer_per_share": 12.4,
            "book_valuer_per_share_4q_avg": 12.2,
            "equity": 2024974,
            "current_ratio": 177.05,
            "debt_ratio": 67.49,
            "inventory_turnover_ratio": 2.34,
            "account_receivable_turnover_ratio": 3.62,
            "reinvestment_rate": 40.11,
            "research_to_sale_ratio": null,
            "price_fair": 48.1,
            "eps_avg_yearly": 1.37,
            "eps_latest_yearly": 0.56,
            "eps_growth_yearly": 39.84
        },
        "20092": {
            "year_quarter": 20092,
            "year": 2009,
            "quarter": 2,
            "eps": 0.16,
            "eps_growth_year": -48.39,
            "eps_4q": -0.18,
            "eps_4q_growth_year": -110.58,
            "roe": 1.16,
            "roe_4q": -1.83,
            "gross_profit": 218692,
            "gross_margin": 3.34,
            "gross_margin_4q_avg": 2.82,
            "net_income": 23396,
            "revenue": 6544799,
            "common_shares": 1611000,
            "book_valuer_per_share": 12.32,
            "book_valuer_per_share_4q_avg": 12.27,
            "equity": 2008955,
            "current_ratio": 165.86,
            "debt_ratio": 69.04,
            "inventory_turnover_ratio": 2.88,
            "account_receivable_turnover_ratio": 3.18,
            "reinvestment_rate": 45.01,
            "research_to_sale_ratio": null,
            "price_fair": 45.1,
            "eps_avg_yearly": 1.29,
            "eps_latest_yearly": 0.64,
            "eps_growth_yearly": 54.79
        },
        "20093": {
            "year_quarter": 20093,
            "year": 2009,
            "quarter": 3,
            "eps": 0.52,
            "eps_growth_year": 271.43,
            "eps_4q": 0.21,
            "eps_4q_growth_year": -82.81,
            "roe": 3.87,
            "roe_4q": 1.0600000000000005,
            "gross_profit": 326984,
            "gross_margin": 3.45,
            "gross_margin_4q_avg": 2.69,
            "net_income": 78638,
            "revenue": 9468060,
            "common_shares": 1611000,
            "book_valuer_per_share": 12.64,
            "book_valuer_per_share_4q_avg": 12.31,
            "equity": 2058220,
            "current_ratio": 153.93,
            "debt_ratio": 71.17,
            "inventory_turnover_ratio": 3.18,
            "account_receivable_turnover_ratio": 6.36,
            "reinvestment_rate": 35.72,
            "research_to_sale_ratio": null,
            "price_fair": 48.3,
            "eps_avg_yearly": 1.38,
            "eps_latest_yearly": 2.08,
            "eps_growth_yearly": 135.22
        },
        "20094": {
            "year_quarter": 20094,
            "year": 2009,
            "quarter": 4,
            "eps": 0.33,
            "eps_growth_year": null,
            "eps_4q": 1.14,
            "eps_4q_growth_year": 576.77,
            "roe": 2.24,
            "roe_4q": 8.17,
            "gross_profit": 304136,
            "gross_margin": 2.97,
            "gross_margin_4q_avg": 3.26,
            "net_income": 46694,
            "revenue": 10251800,
            "common_shares": 1611000,
            "book_valuer_per_share": 13.37,
            "book_valuer_per_share_4q_avg": 12.68,
            "equity": 2104851,
            "current_ratio": 149.75,
            "debt_ratio": 71.68,
            "inventory_turnover_ratio": 2.95,
            "account_receivable_turnover_ratio": 13.37,
            "reinvestment_rate": 57.41,
            "research_to_sale_ratio": null,
            "price_fair": 47.7,
            "eps_avg_yearly": 1.36,
            "eps_latest_yearly": 1.32,
            "eps_growth_yearly": 97.64
        },
        "20101": {
            "year_quarter": 20101,
            "year": 2010,
            "quarter": 1,
            "eps": 0.46,
            "eps_growth_year": 253.85,
            "eps_4q": 1.47,
            "eps_4q_growth_year": null,
            "roe": 3.23,
            "roe_4q": 10.5,
            "gross_profit": 313584,
            "gross_margin": 3.61,
            "gross_margin_4q_avg": 3.34,
            "net_income": 68858,
            "revenue": 8678513,
            "common_shares": 1611000,
            "book_valuer_per_share": 13.76,
            "book_valuer_per_share_4q_avg": 13.02,
            "equity": 2163099,
            "current_ratio": 153.49,
            "debt_ratio": 68.46,
            "inventory_turnover_ratio": 2.35,
            "account_receivable_turnover_ratio": 7.43,
            "reinvestment_rate": 65.39,
            "research_to_sale_ratio": null,
            "price_fair": 49.3,
            "eps_avg_yearly": 1.41,
            "eps_latest_yearly": 1.84,
            "eps_growth_yearly": 115.49
        },
        "20102": {
            "year_quarter": 20102,
            "year": 2010,
            "quarter": 2,
            "eps": 0.45,
            "eps_growth_year": 182.42,
            "eps_4q": 1.72,
            "eps_4q_growth_year": null,
            "roe": 3.31,
            "roe_4q": 12.650000000000002,
            "gross_profit": 362997,
            "gross_margin": 4.08,
            "gross_margin_4q_avg": 3.53,
            "net_income": 71827,
            "revenue": 8889110,
            "common_shares": 1611000,
            "book_valuer_per_share": 13.43,
            "book_valuer_per_share_4q_avg": 13.3,
            "equity": 2177949,
            "current_ratio": 141.47,
            "debt_ratio": 70.5,
            "inventory_turnover_ratio": 1.99,
            "account_receivable_turnover_ratio": 12.47,
            "reinvestment_rate": 61.83,
            "research_to_sale_ratio": null,
            "price_fair": 51.9,
            "eps_avg_yearly": 1.48,
            "eps_latest_yearly": 1.8,
            "eps_growth_yearly": 125.34
        },
        "20103": {
            "year_quarter": 20103,
            "year": 2010,
            "quarter": 3,
            "eps": 0.58,
            "eps_growth_year": 12.23,
            "eps_4q": 1.8,
            "eps_4q_growth_year": 739.05,
            "roe": 4.36,
            "roe_4q": 13.14,
            "gross_profit": 378740,
            "gross_margin": 3.57,
            "gross_margin_4q_avg": 3.56,
            "net_income": 96439,
            "revenue": 10617232,
            "common_shares": 1611000,
            "book_valuer_per_share": 13.82,
            "book_valuer_per_share_4q_avg": 13.6,
            "equity": 2242513,
            "current_ratio": 143.96,
            "debt_ratio": 67.49,
            "inventory_turnover_ratio": 2.21,
            "account_receivable_turnover_ratio": 12.9,
            "reinvestment_rate": 57.51,
            "research_to_sale_ratio": null,
            "price_fair": 56.5,
            "eps_avg_yearly": 1.61,
            "eps_latest_yearly": 2.32,
            "eps_growth_yearly": 144.12
        },
        "20104": {
            "year_quarter": 20104,
            "year": 2010,
            "quarter": 4,
            "eps": 0.18,
            "eps_growth_year": -46.27,
            "eps_4q": 1.66,
            "eps_4q_growth_year": 45,
            "roe": 1.39,
            "roe_4q": 12.290000000000001,
            "gross_profit": 266246,
            "gross_margin": 3.02,
            "gross_margin_4q_avg": 3.57,
            "net_income": 30561,
            "revenue": 8829611,
            "common_shares": 1611000,
            "book_valuer_per_share": 13.22,
            "book_valuer_per_share_4q_avg": 13.56,
            "equity": 2147617,
            "current_ratio": 167.06,
            "debt_ratio": 61.12,
            "inventory_turnover_ratio": 2.24,
            "account_receivable_turnover_ratio": 9.65,
            "reinvestment_rate": 47.46,
            "research_to_sale_ratio": null,
            "price_fair": 53.8,
            "eps_avg_yearly": 1.54,
            "eps_latest_yearly": 0.72,
            "eps_growth_yearly": 45.85
        },
        "20111": {
            "year_quarter": 20111,
            "year": 2011,
            "quarter": 1,
            "eps": 0.02,
            "eps_growth_year": -95.65,
            "eps_4q": 1.24,
            "eps_4q_growth_year": -15.77,
            "roe": 0.24,
            "roe_4q": 9.3,
            "gross_profit": 254909,
            "gross_margin": 4.17,
            "gross_margin_4q_avg": 3.71,
            "net_income": 5238,
            "revenue": 6117703,
            "common_shares": 1611000,
            "book_valuer_per_share": 13.52,
            "book_valuer_per_share_4q_avg": 13.5,
            "equity": 2197322,
            "current_ratio": 148.04,
            "debt_ratio": 67.44,
            "inventory_turnover_ratio": 1.86,
            "account_receivable_turnover_ratio": 4.15,
            "reinvestment_rate": 59.25,
            "research_to_sale_ratio": null,
            "price_fair": 50.3,
            "eps_avg_yearly": 1.44,
            "eps_latest_yearly": 0.08,
            "eps_growth_yearly": 25.53
        },
        "20112": {
            "year_quarter": 20112,
            "year": 2011,
            "quarter": 2,
            "eps": 0.11,
            "eps_growth_year": -76.62,
            "eps_4q": 0.91,
            "eps_4q_growth_year": -46.96,
            "roe": 0.85,
            "roe_4q": 6.84,
            "gross_profit": 273309,
            "gross_margin": 4.82,
            "gross_margin_4q_avg": 3.9,
            "net_income": 18006,
            "revenue": 5674689,
            "common_shares": 1611000,
            "book_valuer_per_share": 12.73,
            "book_valuer_per_share_4q_avg": 13.32,
            "equity": 2020859,
            "current_ratio": 157.8,
            "debt_ratio": 65.44,
            "inventory_turnover_ratio": 1.62,
            "account_receivable_turnover_ratio": 4.12,
            "reinvestment_rate": 63.45,
            "research_to_sale_ratio": null,
            "price_fair": 45.9,
            "eps_avg_yearly": 1.31,
            "eps_latest_yearly": 0.44,
            "eps_growth_yearly": 140.2
        },
        "20113": {
            "year_quarter": 20113,
            "year": 2011,
            "quarter": 3,
            "eps": 0.31,
            "eps_growth_year": -46.84,
            "eps_4q": 0.62,
            "eps_4q_growth_year": -65.4,
            "roe": 2.27,
            "roe_4q": 4.75,
            "gross_profit": 280941,
            "gross_margin": 4.56,
            "gross_margin_4q_avg": 4.14,
            "net_income": 47034,
            "revenue": 6155514,
            "common_shares": 1611000,
            "book_valuer_per_share": 13.34,
            "book_valuer_per_share_4q_avg": 13.2,
            "equity": 2114281,
            "current_ratio": 138.8,
            "debt_ratio": 72.67,
            "inventory_turnover_ratio": 1.61,
            "account_receivable_turnover_ratio": 3.98,
            "reinvestment_rate": 73.53,
            "research_to_sale_ratio": null,
            "price_fair": 42.1,
            "eps_avg_yearly": 1.2,
            "eps_latest_yearly": 1.24,
            "eps_growth_yearly": 184.88
        },
        "20114": {
            "year_quarter": 20114,
            "year": 2011,
            "quarter": 4,
            "eps": -0.05,
            "eps_growth_year": -128.82,
            "eps_4q": 0.39,
            "eps_4q_growth_year": -76.52,
            "roe": -0.4,
            "roe_4q": 2.96,
            "gross_profit": 284050,
            "gross_margin": 4.52,
            "gross_margin_4q_avg": 4.52,
            "net_income": -8522,
            "revenue": 6286617,
            "common_shares": 1611000,
            "book_valuer_per_share": 13.22,
            "book_valuer_per_share_4q_avg": 13.2,
            "equity": 2096022,
            "current_ratio": 167.58,
            "debt_ratio": 65.81,
            "inventory_turnover_ratio": 1.65,
            "account_receivable_turnover_ratio": 3.69,
            "reinvestment_rate": 65.26,
            "research_to_sale_ratio": null,
            "price_fair": 40.92,
            "eps_avg_yearly": 1.17,
            "eps_latest_yearly": 1.24,
            "eps_growth_yearly": 211.59
        },
        "20121": {
            "year_quarter": 20121,
            "year": 2012,
            "quarter": 1,
            "eps": 0.12,
            "eps_growth_year": 500,
            "eps_4q": 0.49,
            "eps_4q_growth_year": -60.43,
            "roe": 0.97,
            "roe_4q": 3.69,
            "gross_profit": 284931,
            "gross_margin": 5.26,
            "gross_margin_4q_avg": 4.79,
            "net_income": 20309,
            "revenue": 5416924,
            "common_shares": 1611000,
            "book_valuer_per_share": 13.15,
            "book_valuer_per_share_4q_avg": 13.11,
            "equity": 2084905,
            "current_ratio": 150.67,
            "debt_ratio": 70.93,
            "inventory_turnover_ratio": 1.48,
            "account_receivable_turnover_ratio": 3.17,
            "reinvestment_rate": 68.3,
            "research_to_sale_ratio": null,
            "price_fair": 41.65,
            "eps_avg_yearly": 1.19,
            "eps_latest_yearly": 1.24,
            "eps_growth_yearly": 243.85
        },
        "20122": {
            "year_quarter": 20122,
            "year": 2012,
            "quarter": 2,
            "eps": 0.27,
            "eps_growth_year": 159.97,
            "eps_4q": 0.66,
            "eps_4q_growth_year": -27.67,
            "roe": 2.19,
            "roe_4q": 5.03,
            "gross_profit": 315768,
            "gross_margin": 5.15,
            "gross_margin_4q_avg": 4.87,
            "net_income": 45198,
            "revenue": 6128052,
            "common_shares": 1611000,
            "book_valuer_per_share": 12.83,
            "book_valuer_per_share_4q_avg": 13.14,
            "equity": 2037290,
            "current_ratio": 162.18,
            "debt_ratio": 67.43,
            "inventory_turnover_ratio": 1.78,
            "account_receivable_turnover_ratio": 3,
            "reinvestment_rate": 43.25,
            "research_to_sale_ratio": null,
            "price_fair": 41.18,
            "eps_avg_yearly": 1.18,
            "eps_latest_yearly": 1.08,
            "eps_growth_yearly": 273.92
        },
        "20123": {
            "year_quarter": 20123,
            "year": 2012,
            "quarter": 3,
            "eps": 0.31,
            "eps_growth_year": 1.27,
            "eps_4q": 0.66,
            "eps_4q_growth_year": 6.5,
            "roe": 2.44,
            "roe_4q": 5.199999999999999,
            "gross_profit": 344109,
            "gross_margin": 4.76,
            "gross_margin_4q_avg": 4.92,
            "net_income": 49933,
            "revenue": 7226524,
            "common_shares": 1611000,
            "book_valuer_per_share": 12.96,
            "book_valuer_per_share_4q_avg": 13.04,
            "equity": 2058414,
            "current_ratio": 156.6,
            "debt_ratio": 69.19,
            "inventory_turnover_ratio": 1.97,
            "account_receivable_turnover_ratio": 4.66,
            "reinvestment_rate": 38.92,
            "research_to_sale_ratio": null,
            "price_fair": 43.17,
            "eps_avg_yearly": 1.23,
            "eps_latest_yearly": 1.24,
            "eps_growth_yearly": 297.14
        },
        "20124": {
            "year_quarter": 20124,
            "year": 2012,
            "quarter": 4,
            "eps": 0.29,
            "eps_growth_year": null,
            "eps_4q": 1,
            "eps_4q_growth_year": 157.66,
            "roe": 2.09,
            "roe_4q": 7.689999999999999,
            "gross_profit": 345601,
            "gross_margin": 4.35,
            "gross_margin_4q_avg": 4.88,
            "net_income": 43321,
            "revenue": 7941527,
            "common_shares": 1611000,
            "book_valuer_per_share": 13.22,
            "book_valuer_per_share_4q_avg": 13.04,
            "equity": 2082391,
            "current_ratio": 150.56,
            "debt_ratio": 69.12,
            "inventory_turnover_ratio": 1.99,
            "account_receivable_turnover_ratio": 5.87,
            "reinvestment_rate": 30.14,
            "research_to_sale_ratio": null,
            "price_fair": 42.97,
            "eps_avg_yearly": 1.23,
            "eps_latest_yearly": 1.16,
            "eps_growth_yearly": 272.3
        },
        "20131": {
            "year_quarter": 20131,
            "year": 2013,
            "quarter": 1,
            "eps": 0.24,
            "eps_growth_year": 100,
            "eps_4q": 1.11,
            "eps_4q_growth_year": 127.57,
            "roe": 1.78,
            "roe_4q": 8.5,
            "gross_profit": 333235,
            "gross_margin": 4.72,
            "gross_margin_4q_avg": 4.75,
            "net_income": 37505,
            "revenue": 7055671,
            "common_shares": 1611000,
            "book_valuer_per_share": 13.6,
            "book_valuer_per_share_4q_avg": 13.15,
            "equity": 2142647,
            "current_ratio": 143.2,
            "debt_ratio": 71.79,
            "inventory_turnover_ratio": 1.7,
            "account_receivable_turnover_ratio": 4.24,
            "reinvestment_rate": 28.97,
            "research_to_sale_ratio": null,
            "price_fair": 42.3,
            "eps_avg_yearly": 1.21,
            "eps_latest_yearly": 0.96,
            "eps_growth_yearly": 247.92
        },
        "20132": {
            "year_quarter": 20132,
            "year": 2013,
            "quarter": 2,
            "eps": 0.22,
            "eps_growth_year": -19.91,
            "eps_4q": 1.06,
            "eps_4q_growth_year": 60.85,
            "roe": 1.64,
            "roe_4q": 7.949999999999999,
            "gross_profit": 367465,
            "gross_margin": 4.76,
            "gross_margin_4q_avg": 4.65,
            "net_income": 35002,
            "revenue": 7718871,
            "common_shares": 1611000,
            "book_valuer_per_share": 13.49,
            "book_valuer_per_share_4q_avg": 13.32,
            "equity": 2126963,
            "current_ratio": 137.56,
            "debt_ratio": 72.14,
            "inventory_turnover_ratio": 1.64,
            "account_receivable_turnover_ratio": 4.6,
            "reinvestment_rate": 27.54,
            "research_to_sale_ratio": null,
            "price_fair": 42.9,
            "eps_avg_yearly": 1.23,
            "eps_latest_yearly": 0.88,
            "eps_growth_yearly": 238.95
        },
        "20133": {
            "year_quarter": 20133,
            "year": 2013,
            "quarter": 3,
            "eps": 0.37,
            "eps_growth_year": 17.78,
            "eps_4q": 1.11,
            "eps_4q_growth_year": 68.19,
            "roe": 2.72,
            "roe_4q": 8.23,
            "gross_profit": 426925,
            "gross_margin": 4.24,
            "gross_margin_4q_avg": 4.52,
            "net_income": 58344,
            "revenue": 10070071,
            "common_shares": 1611000,
            "book_valuer_per_share": 13.71,
            "book_valuer_per_share_4q_avg": 13.51,
            "equity": 2160671,
            "current_ratio": 130.87,
            "debt_ratio": 75.54,
            "inventory_turnover_ratio": 1.89,
            "account_receivable_turnover_ratio": 6.14,
            "reinvestment_rate": 29.17,
            "research_to_sale_ratio": null,
            "price_fair": 41.4,
            "eps_avg_yearly": 1.18,
            "eps_latest_yearly": 1.48,
            "eps_growth_yearly": 194.14
        },
        "20134": {
            "year_quarter": 20134,
            "year": 2013,
            "quarter": 4,
            "eps": 0.46,
            "eps_growth_year": 59.38,
            "eps_4q": 1.28,
            "eps_4q_growth_year": 28.27,
            "roe": 3.24,
            "roe_4q": 9.38,
            "gross_profit": 433600,
            "gross_margin": 4.38,
            "gross_margin_4q_avg": 4.53,
            "net_income": 72005,
            "revenue": 9892143,
            "common_shares": 1611000,
            "book_valuer_per_share": 14.48,
            "book_valuer_per_share_4q_avg": 13.82,
            "equity": 2282296,
            "current_ratio": 141.23,
            "debt_ratio": 70.14,
            "inventory_turnover_ratio": 1.86,
            "account_receivable_turnover_ratio": 6.32,
            "reinvestment_rate": 8.19,
            "research_to_sale_ratio": null,
            "price_fair": 42.7,
            "eps_avg_yearly": 1.22,
            "eps_latest_yearly": 1.84,
            "eps_growth_yearly": 211.53
        },
        "20141": {
            "year_quarter": 20141,
            "year": 2014,
            "quarter": 1,
            "eps": 0.34,
            "eps_growth_year": 41.67,
            "eps_4q": 1.39,
            "eps_4q_growth_year": 24.43,
            "roe": 2.27,
            "roe_4q": 9.870000000000001,
            "gross_profit": 428890,
            "gross_margin": 4.18,
            "gross_margin_4q_avg": 4.39,
            "net_income": 52676,
            "revenue": 10256641,
            "common_shares": 1611000,
            "book_valuer_per_share": 14.95,
            "book_valuer_per_share_4q_avg": 14.16,
            "equity": 2355126,
            "current_ratio": 131.53,
            "debt_ratio": 74.94,
            "inventory_turnover_ratio": 1.75,
            "account_receivable_turnover_ratio": 8,
            "reinvestment_rate": 1.27,
            "research_to_sale_ratio": null,
            "price_fair": 41.5,
            "eps_avg_yearly": 1.19,
            "eps_latest_yearly": 1.36,
            "eps_growth_yearly": 192.82
        },
        "20142": {
            "year_quarter": 20142,
            "year": 2014,
            "quarter": 2,
            "eps": 0.65,
            "eps_growth_year": 195.45,
            "eps_4q": 1.71,
            "eps_4q_growth_year": 61.25,
            "roe": 4.79,
            "roe_4q": 13.020000000000001,
            "gross_profit": 532375,
            "gross_margin": 3.95,
            "gross_margin_4q_avg": 4.19,
            "net_income": 112476,
            "revenue": 13461241,
            "common_shares": 1571000,
            "book_valuer_per_share": 14.86,
            "book_valuer_per_share_4q_avg": 14.5,
            "equity": 2342199,
            "current_ratio": 133.29,
            "debt_ratio": 74.96,
            "inventory_turnover_ratio": 2.08,
            "account_receivable_turnover_ratio": 7.95,
            "reinvestment_rate": -16.54,
            "research_to_sale_ratio": null,
            "price_fair": 43.5,
            "eps_avg_yearly": 1.24,
            "eps_latest_yearly": 2.6,
            "eps_growth_yearly": 219.5
        },
        "20143": {
            "year_quarter": 20143,
            "year": 2014,
            "quarter": 3,
            "eps": 0.84,
            "eps_growth_year": 127.03,
            "eps_4q": 2.19,
            "eps_4q_growth_year": 96.64,
            "roe": 5.93,
            "roe_4q": 16.229999999999997,
            "gross_profit": 622313,
            "gross_margin": 3.62,
            "gross_margin_4q_avg": 4.03,
            "net_income": 145912,
            "revenue": 17204586,
            "common_shares": 1749625,
            "book_valuer_per_share": 14.71,
            "book_valuer_per_share_4q_avg": 14.75,
            "equity": 2581562,
            "current_ratio": 124.3,
            "debt_ratio": 81.96,
            "inventory_turnover_ratio": 2.21,
            "account_receivable_turnover_ratio": 5.92,
            "reinvestment_rate": -20.73,
            "research_to_sale_ratio": null,
            "price_fair": 46.1,
            "eps_avg_yearly": 1.32,
            "eps_latest_yearly": 3.36,
            "eps_growth_yearly": 219.59
        },
        "20144": {
            "year_quarter": 20144,
            "year": 2014,
            "quarter": 4,
            "eps": 0.81,
            "eps_growth_year": 75.52,
            "eps_4q": 2.57,
            "eps_4q_growth_year": 100.12,
            "roe": 5.22,
            "roe_4q": 18.209999999999997,
            "gross_profit": 647698,
            "gross_margin": 3.22,
            "gross_margin_4q_avg": 3.74,
            "net_income": 141527,
            "revenue": 20089565,
            "common_shares": 1762083,
            "book_valuer_per_share": 16.06,
            "book_valuer_per_share_4q_avg": 15.15,
            "equity": 2837956,
            "current_ratio": 130.32,
            "debt_ratio": 80.7,
            "inventory_turnover_ratio": 2.13,
            "account_receivable_turnover_ratio": 5.33,
            "reinvestment_rate": -17.76,
            "research_to_sale_ratio": null,
            "price_fair": 52.4,
            "eps_avg_yearly": 1.5,
            "eps_latest_yearly": 3.24,
            "eps_growth_yearly": 238.28
        },
        "20151": {
            "year_quarter": 20151,
            "year": 2015,
            "quarter": 1,
            "eps": 0.59,
            "eps_growth_year": 73.53,
            "eps_4q": 2.8,
            "eps_4q_growth_year": 101.95,
            "roe": 3.56,
            "roe_4q": 19.5,
            "gross_profit": 572003,
            "gross_margin": 3.36,
            "gross_margin_4q_avg": 3.54,
            "net_income": 104549,
            "revenue": 17004458,
            "common_shares": 1806235,
            "book_valuer_per_share": 16.72,
            "book_valuer_per_share_4q_avg": 15.59,
            "equity": 3027651,
            "current_ratio": 132.44,
            "debt_ratio": 78.81,
            "inventory_turnover_ratio": 1.78,
            "account_receivable_turnover_ratio": 4.69,
            "reinvestment_rate": -14.13,
            "research_to_sale_ratio": null,
            "price_fair": 58.1,
            "eps_avg_yearly": 1.66,
            "eps_latest_yearly": 2.36,
            "eps_growth_yearly": 255.91
        },
        "20152": {
            "year_quarter": 20152,
            "year": 2015,
            "quarter": 2,
            "eps": 0.57,
            "eps_growth_year": -12.31,
            "eps_4q": 2.46,
            "eps_4q_growth_year": 43.82,
            "roe": 3.46,
            "roe_4q": 18.169999999999998,
            "gross_profit": 557673,
            "gross_margin": 3.24,
            "gross_margin_4q_avg": 3.36,
            "net_income": 103262,
            "revenue": 17206811,
            "common_shares": 1808057,
            "book_valuer_per_share": 16.19,
            "book_valuer_per_share_4q_avg": 15.92,
            "equity": 2934050,
            "current_ratio": 145.18,
            "debt_ratio": 73.51,
            "inventory_turnover_ratio": 2.03,
            "account_receivable_turnover_ratio": 5.88,
            "reinvestment_rate": -11.94,
            "research_to_sale_ratio": null,
            "price_fair": 62.7,
            "eps_avg_yearly": 1.79,
            "eps_latest_yearly": 2.28,
            "eps_growth_yearly": 126.37
        },
        "20153": {
            "year_quarter": 20153,
            "year": 2015,
            "quarter": 3,
            "eps": 0.68,
            "eps_growth_year": -19.05,
            "eps_4q": 2.41,
            "eps_4q_growth_year": 9.98,
            "roe": 4.47,
            "roe_4q": 16.71,
            "gross_profit": 582139,
            "gross_margin": 3.11,
            "gross_margin_4q_avg": 3.23,
            "net_income": 136967,
            "revenue": 18691897,
            "common_shares": 2023387,
            "book_valuer_per_share": 15.75,
            "book_valuer_per_share_4q_avg": 16.18,
            "equity": 3194544,
            "current_ratio": 131.63,
            "debt_ratio": 79.23,
            "inventory_turnover_ratio": 2.3,
            "account_receivable_turnover_ratio": 5.01,
            "reinvestment_rate": -12.86,
            "research_to_sale_ratio": null,
            "price_fair": 66.4,
            "eps_avg_yearly": 1.9,
            "eps_latest_yearly": 2.72,
            "eps_growth_yearly": 79.94
        },
        "20154": {
            "year_quarter": 20154,
            "year": 2015,
            "quarter": 4,
            "eps": 0.4,
            "eps_growth_year": -50.6,
            "eps_4q": 2.1,
            "eps_4q_growth_year": -18.17,
            "roe": 2.49,
            "roe_4q": 13.98,
            "gross_profit": 526500,
            "gross_margin": 2.81,
            "gross_margin_4q_avg": 3.13,
            "net_income": 80352,
            "revenue": 18715259,
            "common_shares": 2023387,
            "book_valuer_per_share": 16.04,
            "book_valuer_per_share_4q_avg": 16.18,
            "equity": 3252779,
            "current_ratio": 140.76,
            "debt_ratio": 74.02,
            "inventory_turnover_ratio": 2.17,
            "account_receivable_turnover_ratio": 4.74,
            "reinvestment_rate": -9.62,
            "research_to_sale_ratio": null,
            "price_fair": 65.71,
            "eps_avg_yearly": 1.88,
            "eps_latest_yearly": 1.6,
            "eps_growth_yearly": 63.63
        },
        "20161": {
            "year_quarter": 20161,
            "year": 2016,
            "quarter": 1,
            "eps": 0.13,
            "eps_growth_year": -77.97,
            "eps_4q": 1.72,
            "eps_4q_growth_year": -38.62,
            "roe": 0.8,
            "roe_4q": 11.219999999999999,
            "gross_profit": 433967,
            "gross_margin": 3.18,
            "gross_margin_4q_avg": 3.09,
            "net_income": 25875,
            "revenue": 13661935,
            "common_shares": 2023387,
            "book_valuer_per_share": 15.86,
            "book_valuer_per_share_4q_avg": 15.96,
            "equity": 3216194,
            "current_ratio": 136.55,
            "debt_ratio": 75.94,
            "inventory_turnover_ratio": 1.59,
            "account_receivable_turnover_ratio": 4.46,
            "reinvestment_rate": -9.55,
            "research_to_sale_ratio": null,
            "price_fair": 62.74,
            "eps_avg_yearly": 1.79,
            "eps_latest_yearly": 0.52,
            "eps_growth_yearly": 42.78
        },
        "20162": {
            "year_quarter": 20162,
            "year": 2016,
            "quarter": 2,
            "eps": 0.25,
            "eps_growth_year": -56.14,
            "eps_4q": 1.33,
            "eps_4q_growth_year": -46.02,
            "roe": 1.62,
            "roe_4q": 9.379999999999999,
            "gross_profit": 451992,
            "gross_margin": 3.01,
            "gross_margin_4q_avg": 3.03,
            "net_income": 51005,
            "revenue": 14995521,
            "common_shares": 2023387,
            "book_valuer_per_share": 15.15,
            "book_valuer_per_share_4q_avg": 15.7,
            "equity": 3071518,
            "current_ratio": 135.35,
            "debt_ratio": 75.55,
            "inventory_turnover_ratio": 1.69,
            "account_receivable_turnover_ratio": 5.47,
            "reinvestment_rate": -10.72,
            "research_to_sale_ratio": null,
            "price_fair": 62.56,
            "eps_avg_yearly": 1.79,
            "eps_latest_yearly": 1,
            "eps_growth_yearly": 34.61
        },
        "20163": {
            "year_quarter": 20163,
            "year": 2016,
            "quarter": 3,
            "eps": 0.64,
            "eps_growth_year": -5.88,
            "eps_4q": 1.36,
            "eps_4q_growth_year": -43.73,
            "roe": 4.6,
            "roe_4q": 9.51,
            "gross_profit": 688938,
            "gross_margin": 2.79,
            "gross_margin_4q_avg": 2.95,
            "net_income": 143040,
            "revenue": 24689294,
            "common_shares": 2225726,
            "book_valuer_per_share": 14.11,
            "book_valuer_per_share_4q_avg": 15.29,
            "equity": 3146367,
            "current_ratio": 117.96,
            "debt_ratio": 84.75,
            "inventory_turnover_ratio": 2.55,
            "account_receivable_turnover_ratio": 4.47,
            "reinvestment_rate": -10.26,
            "research_to_sale_ratio": null,
            "price_fair": 65.45,
            "eps_avg_yearly": 1.87,
            "eps_latest_yearly": 2.56,
            "eps_growth_yearly": 69.9
        },
        "20164": {
            "year_quarter": 20164,
            "year": 2016,
            "quarter": 4,
            "eps": 0.08,
            "eps_growth_year": -80.38,
            "eps_4q": 1.07,
            "eps_4q_growth_year": -49.1,
            "roe": 0.56,
            "roe_4q": 7.58,
            "gross_profit": 720582,
            "gross_margin": 3.22,
            "gross_margin_4q_avg": 3.05,
            "net_income": 17729,
            "revenue": 22381839,
            "common_shares": 2225726,
            "book_valuer_per_share": 14.41,
            "book_valuer_per_share_4q_avg": 14.88,
            "equity": 3213912,
            "current_ratio": 128.02,
            "debt_ratio": 79.64,
            "inventory_turnover_ratio": 2.4,
            "account_receivable_turnover_ratio": 3,
            "reinvestment_rate": -4.26,
            "research_to_sale_ratio": null,
            "price_fair": 63.61,
            "eps_avg_yearly": 1.82,
            "eps_latest_yearly": 0.32,
            "eps_growth_yearly": 49.64
        },
        "20171": {
            "year_quarter": 20171,
            "year": 2017,
            "quarter": 1,
            "eps": 0.24,
            "eps_growth_year": 84.62,
            "eps_4q": 1.19,
            "eps_4q_growth_year": -30.66,
            "roe": 1.68,
            "roe_4q": 8.46,
            "gross_profit": 572983,
            "gross_margin": 3.36,
            "gross_margin_4q_avg": 3.1,
            "net_income": 53324,
            "revenue": 17069972,
            "common_shares": 2225726,
            "book_valuer_per_share": 13.97,
            "book_valuer_per_share_4q_avg": 14.41,
            "equity": 3115538,
            "current_ratio": 128.01,
            "debt_ratio": 78.76,
            "inventory_turnover_ratio": 2.03,
            "account_receivable_turnover_ratio": 3.24,
            "reinvestment_rate": 9.9,
            "research_to_sale_ratio": null,
            "price_fair": 63.61,
            "eps_avg_yearly": 1.82,
            "eps_latest_yearly": 0.96,
            "eps_growth_yearly": 103.95
        },
        "20172": {
            "year_quarter": 20172,
            "year": 2017,
            "quarter": 2,
            "eps": 0.35,
            "eps_growth_year": 40,
            "eps_4q": 1.31,
            "eps_4q_growth_year": -1.35,
            "roe": 2.49,
            "roe_4q": 9.33,
            "gross_profit": 563366,
            "gross_margin": 3.36,
            "gross_margin_4q_avg": 3.18,
            "net_income": 77157,
            "revenue": 16762662,
            "common_shares": 2225726,
            "book_valuer_per_share": 13.83,
            "book_valuer_per_share_4q_avg": 14.08,
            "equity": 3084966,
            "current_ratio": 127.13,
            "debt_ratio": 79.08,
            "inventory_turnover_ratio": 2.01,
            "account_receivable_turnover_ratio": 3.59,
            "reinvestment_rate": 9.36,
            "research_to_sale_ratio": null,
            "price_fair": 64.75,
            "eps_avg_yearly": 1.85,
            "eps_latest_yearly": 1.4,
            "eps_growth_yearly": 117.49
        },
        "20173": {
            "year_quarter": 20173,
            "year": 2017,
            "quarter": 3,
            "eps": 0.62,
            "eps_growth_year": -3.12,
            "eps_4q": 1.29,
            "eps_4q_growth_year": -5.15,
            "roe": 4.39,
            "roe_4q": 9.120000000000001,
            "gross_profit": 685758,
            "gross_margin": 3.19,
            "gross_margin_4q_avg": 3.28,
            "net_income": 138251,
            "revenue": 21501594,
            "common_shares": 2225726,
            "book_valuer_per_share": 14.41,
            "book_valuer_per_share_4q_avg": 14.16,
            "equity": 3213000,
            "current_ratio": 127.41,
            "debt_ratio": 79.44,
            "inventory_turnover_ratio": 2.64,
            "account_receivable_turnover_ratio": 4.05,
            "reinvestment_rate": 10.66,
            "research_to_sale_ratio": null,
            "price_fair": 66.94,
            "eps_avg_yearly": 1.91,
            "eps_latest_yearly": 2.48,
            "eps_growth_yearly": 119.73
        },
        "20174": {
            "year_quarter": 20174,
            "year": 2017,
            "quarter": 4,
            "eps": 0.43,
            "eps_growth_year": 445.86,
            "eps_4q": 1.63,
            "eps_4q_growth_year": 52.59,
            "roe": 2.93,
            "roe_4q": 11.49,
            "gross_profit": 655995,
            "gross_margin": 3.18,
            "gross_margin_4q_avg": 3.27,
            "net_income": 94950,
            "revenue": 20651203,
            "common_shares": 2225726,
            "book_valuer_per_share": 14.66,
            "book_valuer_per_share_4q_avg": 14.22,
            "equity": 3263041,
            "current_ratio": 130.57,
            "debt_ratio": 77.72,
            "inventory_turnover_ratio": 2.56,
            "account_receivable_turnover_ratio": 3.89,
            "reinvestment_rate": 6.56,
            "research_to_sale_ratio": null,
            "price_fair": 66.68,
            "eps_avg_yearly": 1.91,
            "eps_latest_yearly": 1.72,
            "eps_growth_yearly": 105.99
        },
        "20181": {
            "year_quarter": 20181,
            "year": 2018,
            "quarter": 1,
            "eps": 0.22,
            "eps_growth_year": -8.33,
            "eps_4q": 1.61,
            "eps_4q_growth_year": 35.23,
            "roe": 1.48,
            "roe_4q": 11.290000000000001,
            "gross_profit": 552454,
            "gross_margin": 2.96,
            "gross_margin_4q_avg": 3.17,
            "net_income": 47849,
            "revenue": 18692348,
            "common_shares": 2225726,
            "book_valuer_per_share": 14.39,
            "book_valuer_per_share_4q_avg": 14.32,
            "equity": 3202333,
            "current_ratio": 126.73,
            "debt_ratio": 79.93,
            "inventory_turnover_ratio": 2.17,
            "account_receivable_turnover_ratio": 3.79,
            "reinvestment_rate": 1.13,
            "research_to_sale_ratio": null,
            "price_fair": 65.63,
            "eps_avg_yearly": 1.88,
            "eps_latest_yearly": 0.88,
            "eps_growth_yearly": 100.3
        },
        "20182": {
            "year_quarter": 20182,
            "year": 2018,
            "quarter": 2,
            "eps": 0.21,
            "eps_growth_year": -40,
            "eps_4q": 1.47,
            "eps_4q_growth_year": 12.82,
            "roe": 1.48,
            "roe_4q": 10.280000000000001,
            "gross_profit": 611708,
            "gross_margin": 3.26,
            "gross_margin_4q_avg": 3.15,
            "net_income": 47018,
            "revenue": 18784987,
            "common_shares": 2225726,
            "book_valuer_per_share": 14.15,
            "book_valuer_per_share_4q_avg": 14.4,
            "equity": 3150239,
            "current_ratio": 125.56,
            "debt_ratio": 80.57,
            "inventory_turnover_ratio": 2,
            "account_receivable_turnover_ratio": 3.72,
            "reinvestment_rate": 10.88,
            "research_to_sale_ratio": null,
            "price_fair": 61.78,
            "eps_avg_yearly": 1.77,
            "eps_latest_yearly": 0.84,
            "eps_growth_yearly": 76.37
        },
        "20183": {
            "year_quarter": 20183,
            "year": 2018,
            "quarter": 3,
            "eps": 0.3,
            "eps_growth_year": -51.61,
            "eps_4q": 1.15,
            "eps_4q_growth_year": -10.2,
            "roe": 2.1,
            "roe_4q": 7.99,
            "gross_profit": 697244,
            "gross_margin": 3.15,
            "gross_margin_4q_avg": 3.14,
            "net_income": 67110,
            "revenue": 22124429,
            "common_shares": 2225726,
            "book_valuer_per_share": 14.45,
            "book_valuer_per_share_4q_avg": 14.41,
            "equity": 3227146,
            "current_ratio": 122.21,
            "debt_ratio": 82.48,
            "inventory_turnover_ratio": 2.3,
            "account_receivable_turnover_ratio": 3.74,
            "reinvestment_rate": 14.59,
            "research_to_sale_ratio": null,
            "price_fair": 57.05,
            "eps_avg_yearly": 1.63,
            "eps_latest_yearly": 1.2,
            "eps_growth_yearly": 79.78
        },
        "20184": {
            "year_quarter": 20184,
            "year": 2018,
            "quarter": 4,
            "eps": 0.37,
            "eps_growth_year": -14.19,
            "eps_4q": 1.09,
            "eps_4q_growth_year": -33.07,
            "roe": 2.49,
            "roe_4q": 7.550000000000001,
            "gross_profit": 681268,
            "gross_margin": 3.3,
            "gross_margin_4q_avg": 3.17,
            "net_income": 81650,
            "revenue": 20657641,
            "common_shares": 2225726,
            "book_valuer_per_share": 14.86,
            "book_valuer_per_share_4q_avg": 14.46,
            "equity": 3320766,
            "current_ratio": 123.47,
            "debt_ratio": 80.82,
            "inventory_turnover_ratio": 2.09,
            "account_receivable_turnover_ratio": 3.54,
            "reinvestment_rate": 18.48,
            "research_to_sale_ratio": null,
            "price_fair": 53.2,
            "eps_avg_yearly": 1.52,
            "eps_latest_yearly": 1.48,
            "eps_growth_yearly": 86.5
        },
        "20191": {
            "year_quarter": 20191,
            "year": 2019,
            "quarter": 1,
            "eps": 0.09,
            "eps_growth_year": -59.09,
            "eps_4q": 0.96,
            "eps_4q_growth_year": -40.1,
            "roe": 0.59,
            "roe_4q": 6.66,
            "gross_profit": 584558,
            "gross_margin": 3.34,
            "gross_margin_4q_avg": 3.26,
            "net_income": 19613,
            "revenue": 17486983,
            "common_shares": 2225726,
            "book_valuer_per_share": 15.01,
            "book_valuer_per_share_4q_avg": 14.62,
            "equity": 3353076,
            "current_ratio": 122.84,
            "debt_ratio": 80.89,
            "inventory_turnover_ratio": 1.65,
            "account_receivable_turnover_ratio": 3.92,
            "reinvestment_rate": 21.68,
            "research_to_sale_ratio": null,
            "price_fair": 48.83,
            "eps_avg_yearly": 1.4,
            "eps_latest_yearly": 0.36,
            "eps_growth_yearly": 74.38
        },
        "20192": {
            "year_quarter": 20192,
            "year": 2019,
            "quarter": 2,
            "eps": 0.5,
            "eps_growth_year": 138.1,
            "eps_4q": 1.25,
            "eps_4q_growth_year": -14.94,
            "roe": 3.34,
            "roe_4q": 8.52,
            "gross_profit": 697241,
            "gross_margin": 3.07,
            "gross_margin_4q_avg": 3.22,
            "net_income": 112106,
            "revenue": 22694333,
            "common_shares": 2225726,
            "book_valuer_per_share": 15.04,
            "book_valuer_per_share_4q_avg": 14.84,
            "equity": 3361816,
            "current_ratio": 117.08,
            "debt_ratio": 83.91,
            "inventory_turnover_ratio": 2.07,
            "account_receivable_turnover_ratio": 3.78,
            "reinvestment_rate": 25.66,
            "research_to_sale_ratio": null,
            "price_fair": 48.21,
            "eps_avg_yearly": 1.38,
            "eps_latest_yearly": 2,
            "eps_growth_yearly": 189.11
        },
        "20193": {
            "year_quarter": 20193,
            "year": 2019,
            "quarter": 3,
            "eps": 0.67,
            "eps_growth_year": 123.33,
            "eps_4q": 1.62,
            "eps_4q_growth_year": 40.74,
            "roe": 4.35,
            "roe_4q": 10.77,
            "gross_profit": 786629,
            "gross_margin": 2.67,
            "gross_margin_4q_avg": 3.1,
            "net_income": 148753,
            "revenue": 29451725,
            "common_shares": 2225726,
            "book_valuer_per_share": 15.64,
            "book_valuer_per_share_4q_avg": 15.14,
            "equity": 3480764,
            "current_ratio": 116.58,
            "debt_ratio": 84.13,
            "inventory_turnover_ratio": 3.12,
            "account_receivable_turnover_ratio": 3.14,
            "reinvestment_rate": 30.7,
            "research_to_sale_ratio": null,
            "price_fair": 48.13,
            "eps_avg_yearly": 1.38,
            "eps_latest_yearly": 2.68,
            "eps_growth_yearly": 192.79
        },
        "20194": {
            "year_quarter": 20194,
            "year": 2019,
            "quarter": 4,
            "eps": 0.39,
            "eps_growth_year": 7.61,
            "eps_4q": 1.65,
            "eps_4q_growth_year": 51.09,
            "roe": 2.53,
            "roe_4q": 10.809999999999999,
            "gross_profit": 765384,
            "gross_margin": 2.81,
            "gross_margin_4q_avg": 2.97,
            "net_income": 87747,
            "revenue": 27243796,
            "common_shares": 2225726,
            "book_valuer_per_share": 15.48,
            "book_valuer_per_share_4q_avg": 15.29,
            "equity": 3445138,
            "current_ratio": 121.91,
            "debt_ratio": 81.85,
            "inventory_turnover_ratio": 3.38,
            "account_receivable_turnover_ratio": 3.86,
            "reinvestment_rate": 29.3,
            "research_to_sale_ratio": null,
            "price_fair": 48.04,
            "eps_avg_yearly": 1.37,
            "eps_latest_yearly": 1.56,
            "eps_growth_yearly": 192.63
        },
        "20201": {
            "year_quarter": 20201,
            "year": 2020,
            "quarter": 1,
            "eps": 0.43,
            "eps_growth_year": 377.78,
            "eps_4q": 1.99,
            "eps_4q_growth_year": 106.6,
            "roe": 2.71,
            "roe_4q": 12.93,
            "gross_profit": 601645,
            "gross_margin": 2.79,
            "gross_margin_4q_avg": 2.84,
            "net_income": 94756,
            "revenue": 21585782,
            "common_shares": 2225726,
            "book_valuer_per_share": 15.99,
            "book_valuer_per_share_4q_avg": 15.54,
            "equity": 3559068,
            "current_ratio": 124.34,
            "debt_ratio": 80.36,
            "inventory_turnover_ratio": 2.73,
            "account_receivable_turnover_ratio": 9,
            "reinvestment_rate": 28.95,
            "research_to_sale_ratio": null,
            "price_fair": 50.66,
            "eps_avg_yearly": 1.45,
            "eps_latest_yearly": 1.72,
            "eps_growth_yearly": 212.07
        },
        "20202": {
            "year_quarter": 20202,
            "year": 2020,
            "quarter": 2,
            "eps": 0.57,
            "eps_growth_year": 14,
            "eps_4q": 2.06,
            "eps_4q_growth_year": 64.17,
            "roe": 3.65,
            "roe_4q": 13.239999999999998,
            "gross_profit": 640202,
            "gross_margin": 2.77,
            "gross_margin_4q_avg": 2.76,
            "net_income": 126485,
            "revenue": 23141810,
            "common_shares": 2225726,
            "book_valuer_per_share": 15.13,
            "book_valuer_per_share_4q_avg": 15.56,
            "equity": 3367382,
            "current_ratio": 121.04,
            "debt_ratio": 82.09,
            "inventory_turnover_ratio": 2.86,
            "account_receivable_turnover_ratio": 16.83,
            "reinvestment_rate": 30.72,
            "research_to_sale_ratio": null,
            "price_fair": 53.46,
            "eps_avg_yearly": 1.53,
            "eps_latest_yearly": 2.28,
            "eps_growth_yearly": 197.14
        },
        "20203": {
            "year_quarter": 20203,
            "year": 2020,
            "quarter": 3,
            "eps": 1.03,
            "eps_growth_year": 53.73,
            "eps_4q": 2.41,
            "eps_4q_growth_year": 48.57,
            "roe": 6.61,
            "roe_4q": 15.499999999999998,
            "gross_profit": 813067,
            "gross_margin": 2.69,
            "gross_margin_4q_avg": 2.77,
            "net_income": 228352,
            "revenue": 30204920,
            "common_shares": 2225726,
            "book_valuer_per_share": 15.86,
            "book_valuer_per_share_4q_avg": 15.62,
            "equity": 3539415,
            "current_ratio": 121.21,
            "debt_ratio": 82.38,
            "inventory_turnover_ratio": 3.93,
            "account_receivable_turnover_ratio": 8.91,
            "reinvestment_rate": 29.51,
            "research_to_sale_ratio": null,
            "price_fair": 56.88,
            "eps_avg_yearly": 1.63,
            "eps_latest_yearly": 4.12,
            "eps_growth_yearly": 178.31
        },
        "20204": {
            "year_quarter": 20204,
            "year": 2020,
            "quarter": 4,
            "eps": 1.11,
            "eps_growth_year": 182.35,
            "eps_4q": 3.13,
            "eps_4q_growth_year": 89.58,
            "roe": 6.82,
            "roe_4q": 19.79,
            "gross_profit": 871541,
            "gross_margin": 2.59,
            "gross_margin_4q_avg": 2.71,
            "net_income": 247603,
            "revenue": 33590455,
            "common_shares": 2225726,
            "book_valuer_per_share": 16.67,
            "book_valuer_per_share_4q_avg": 15.91,
            "equity": 3720673,
            "current_ratio": 119.61,
            "debt_ratio": 84.05,
            "inventory_turnover_ratio": 4.47,
            "account_receivable_turnover_ratio": 4.95,
            "reinvestment_rate": 21.09,
            "research_to_sale_ratio": null,
            "price_fair": 65.89,
            "eps_avg_yearly": 1.88,
            "eps_latest_yearly": 4.44,
            "eps_growth_yearly": 202.13
        },
        "20211": {
            "year_quarter": 20211,
            "year": 2021,
            "quarter": 1,
            "eps": 1.2,
            "eps_growth_year": 179.07,
            "eps_4q": 3.91,
            "eps_4q_growth_year": 96.18,
            "roe": 6.96,
            "roe_4q": 24.04,
            "gross_profit": 800833,
            "gross_margin": 3.26,
            "gross_margin_4q_avg": 2.83,
            "net_income": 268480,
            "revenue": 24554477,
            "common_shares": 2225726,
            "book_valuer_per_share": 17.89,
            "book_valuer_per_share_4q_avg": 16.39,
            "equity": 3992746,
            "current_ratio": 122.39,
            "debt_ratio": 81.65,
            "inventory_turnover_ratio": 2.94,
            "account_receivable_turnover_ratio": 3.46,
            "reinvestment_rate": 11.15,
            "research_to_sale_ratio": null,
            "price_fair": 74.29,
            "eps_avg_yearly": 2.12,
            "eps_latest_yearly": 4.8,
            "eps_growth_yearly": 154.15
        },
        "20212": {
            "year_quarter": 20212,
            "year": 2021,
            "quarter": 2,
            "eps": 1.06,
            "eps_growth_year": 85.96,
            "eps_4q": 4.4,
            "eps_4q_growth_year": 113.86,
            "roe": 5.86,
            "roe_4q": 26.25,
            "gross_profit": 802656,
            "gross_margin": 3.43,
            "gross_margin_4q_avg": 2.99,
            "net_income": 237252,
            "revenue": 23395117,
            "common_shares": 2225726,
            "book_valuer_per_share": 18.41,
            "book_valuer_per_share_4q_avg": 17.21,
            "equity": 4102067,
            "current_ratio": 123,
            "debt_ratio": 80.72,
            "inventory_turnover_ratio": 2.62,
            "account_receivable_turnover_ratio": 4.37,
            "reinvestment_rate": 12.32,
            "research_to_sale_ratio": null,
            "price_fair": 80.5,
            "eps_avg_yearly": 2.3,
            "eps_latest_yearly": 4.24,
            "eps_growth_yearly": 139.78
        },
        "20213": {
            "year_quarter": 20213,
            "year": 2021,
            "quarter": 3,
            "eps": 1.22,
            "eps_growth_year": 18.45,
            "eps_4q": 4.29,
            "eps_4q_growth_year": 77.69,
            "roe": 7.37,
            "roe_4q": 27.01,
            "gross_profit": 899794,
            "gross_margin": 3.07,
            "gross_margin_4q_avg": 3.09,
            "net_income": 298104,
            "revenue": 29356428,
            "common_shares": 2448298,
            "book_valuer_per_share": 16.28,
            "book_valuer_per_share_4q_avg": 17.31,
            "equity": 3990376,
            "current_ratio": 117.75,
            "debt_ratio": 83.29,
            "inventory_turnover_ratio": 2.8,
            "account_receivable_turnover_ratio": 5.59,
            "reinvestment_rate": 8.98,
            "research_to_sale_ratio": null,
            "price_fair": 85.75,
            "eps_avg_yearly": 2.45,
            "eps_latest_yearly": 4.88,
            "eps_growth_yearly": 124.27
        },
        "20214": {
            "year_quarter": 20214,
            "year": 2021,
            "quarter": 4,
            "eps": 1.35,
            "eps_growth_year": 21.49,
            "eps_4q": 4.63,
            "eps_4q_growth_year": 47.77,
            "roe": 7.99,
            "roe_4q": 28.18,
            "gross_profit": 923097,
            "gross_margin": 2.98,
            "gross_margin_4q_avg": 3.19,
            "net_income": 331321,
            "revenue": 30930701,
            "common_shares": 2448298,
            "book_valuer_per_share": 17.58,
            "book_valuer_per_share_4q_avg": 17.54,
            "equity": 4306735,
            "current_ratio": 114.82,
            "debt_ratio": 83.9,
            "inventory_turnover_ratio": 2.53,
            "account_receivable_turnover_ratio": 5.22,
            "reinvestment_rate": 15,
            "research_to_sale_ratio": null,
            "price_fair": 93.8,
            "eps_avg_yearly": 2.68,
            "eps_latest_yearly": 5.4,
            "eps_growth_yearly": 134.59
        },
        "20221": {
            "year_quarter": 20221,
            "year": 2022,
            "quarter": 1,
            "eps": 1.25,
            "eps_growth_year": 4.17,
            "eps_4q": 4.36,
            "eps_4q_growth_year": 11.63,
            "roe": 6.26,
            "roe_4q": 27.48,
            "gross_profit": 954029,
            "gross_margin": 3.28,
            "gross_margin_4q_avg": 3.19,
            "net_income": 311536,
            "revenue": 29062495,
            "common_shares": 2698298,
            "book_valuer_per_share": 20.89,
            "book_valuer_per_share_4q_avg": 18.29,
            "equity": 5639332,
            "current_ratio": 122,
            "debt_ratio": 79.17,
            "inventory_turnover_ratio": 2.2,
            "account_receivable_turnover_ratio": 5.26,
            "reinvestment_rate": 17.77,
            "research_to_sale_ratio": null,
            "price_fair": 102.81,
            "eps_avg_yearly": 2.94,
            "eps_latest_yearly": 5,
            "eps_growth_yearly": 144.95
        },
        "20222": {
            "year_quarter": 20222,
            "year": 2022,
            "quarter": 2,
            "eps": 1.01,
            "eps_growth_year": -4.72,
            "eps_4q": 4.5,
            "eps_4q_growth_year": 2.09,
            "roe": 5.06,
            "roe_4q": 26.680000000000003,
            "gross_profit": 1013712,
            "gross_margin": 3.69,
            "gross_margin_4q_avg": 3.26,
            "net_income": 273115,
            "revenue": 27448291,
            "common_shares": 2698298,
            "book_valuer_per_share": 19.08,
            "book_valuer_per_share_4q_avg": 18.46,
            "equity": 5149540,
            "current_ratio": 116.42,
            "debt_ratio": 82.52,
            "inventory_turnover_ratio": 1.83,
            "account_receivable_turnover_ratio": 5.64,
            "reinvestment_rate": 16.86,
            "research_to_sale_ratio": null,
            "price_fair": 109.81,
            "eps_avg_yearly": 3.14,
            "eps_latest_yearly": 4.04,
            "eps_growth_yearly": 141.29
        },
        "20223": {
            "year_quarter": 20223,
            "year": 2022,
            "quarter": 3,
            "eps": 0.65,
            "eps_growth_year": -46.72,
            "eps_4q": 4.05,
            "eps_4q_growth_year": -5.67,
            "roe": 3.27,
            "roe_4q": 22.58,
            "gross_profit": 1028509,
            "gross_margin": 3.24,
            "gross_margin_4q_avg": 3.3,
            "net_income": 176089,
            "revenue": 31761137,
            "common_shares": 2698298,
            "book_valuer_per_share": 20.88,
            "book_valuer_per_share_4q_avg": 19.61,
            "equity": 5635119,
            "current_ratio": 116.54,
            "debt_ratio": 83.97,
            "inventory_turnover_ratio": 1.74,
            "account_receivable_turnover_ratio": 6.88,
            "reinvestment_rate": 15.87,
            "research_to_sale_ratio": null,
            "price_fair": 112.88,
            "eps_avg_yearly": 3.23,
            "eps_latest_yearly": 2.6,
            "eps_growth_yearly": 121.66
        },
        "20224": {
            "year_quarter": 20224,
            "year": 2022,
            "quarter": 4,
            "eps": 0.23,
            "eps_growth_year": -82.65,
            "eps_4q": 3.05,
            "eps_4q_growth_year": -34.05,
            "roe": 1.14,
            "roe_4q": 15.729999999999999,
            "gross_profit": 971032,
            "gross_margin": 3.19,
            "gross_margin_4q_avg": 3.35,
            "net_income": 63310,
            "revenue": 30435114,
            "common_shares": 2698298,
            "book_valuer_per_share": 20.43,
            "book_valuer_per_share_4q_avg": 20.32,
            "equity": 5513624,
            "current_ratio": 118.6,
            "debt_ratio": 82.63,
            "inventory_turnover_ratio": 1.56,
            "account_receivable_turnover_ratio": 6.47,
            "reinvestment_rate": 12.69,
            "research_to_sale_ratio": null,
            "price_fair": 111.65,
            "eps_avg_yearly": 3.19,
            "eps_latest_yearly": 0.92,
            "eps_growth_yearly": 99.67
        },
        "20231": {
            "year_quarter": 20231,
            "year": 2023,
            "quarter": 1,
            "eps": -0.01,
            "eps_growth_year": -100.8,
            "eps_4q": 1.89,
            "eps_4q_growth_year": -56.79,
            "roe": -0.06,
            "roe_4q": 9.41,
            "gross_profit": 822408,
            "gross_margin": 3.4,
            "gross_margin_4q_avg": 3.38,
            "net_income": -3508,
            "revenue": 24216271,
            "common_shares": 2698298,
            "book_valuer_per_share": 20.24,
            "book_valuer_per_share_4q_avg": 20.16,
            "equity": 5461845,
            "current_ratio": 120.22,
            "debt_ratio": 81.43,
            "inventory_turnover_ratio": 1.32,
            "account_receivable_turnover_ratio": 6.33,
            "reinvestment_rate": 12.17,
            "research_to_sale_ratio": null,
            "price_fair": 118.25,
            "eps_avg_yearly": 3.38,
            "eps_latest_yearly": 0.92,
            "eps_growth_yearly": 126.5
        }
    },
    "months": {
        "2002-10": {
            "month": "2002-10",
            "price": "79.61",
            "revenue": 1586732
        },
        "2002-11": {
            "month": "2002-11",
            "price": "80.81",
            "revenue": 1259437
        },
        "2002-12": {
            "month": "2002-12",
            "price": "77.57",
            "revenue": 1396462
        },
        "2003-01": {
            "month": "2003-01",
            "price": "73.34",
            "revenue": 1543322
        },
        "2003-02": {
            "month": "2003-02",
            "price": "69.50",
            "revenue": 1157491
        },
        "2003-03": {
            "month": "2003-03",
            "price": "68.10",
            "revenue": 1411156
        },
        "2003-04": {
            "month": "2003-04",
            "price": "69.91",
            "revenue": 1588757
        },
        "2003-05": {
            "month": "2003-05",
            "price": "75.33",
            "revenue": 1242343
        },
        "2003-06": {
            "month": "2003-06",
            "price": "80.20",
            "revenue": 1304824
        },
        "2003-07": {
            "month": "2003-07",
            "price": "70.02",
            "revenue": 1609616
        },
        "2003-08": {
            "month": "2003-08",
            "price": "68.93",
            "revenue": 1544416
        },
        "2003-09": {
            "month": "2003-09",
            "price": "62.98",
            "revenue": 1618820
        },
        "2003-10": {
            "month": "2003-10",
            "price": "59.66",
            "revenue": 1712605
        },
        "2003-11": {
            "month": "2003-11",
            "price": "60.42",
            "revenue": 1424106
        },
        "2003-12": {
            "month": "2003-12",
            "price": "57.87",
            "revenue": 1663706
        },
        "2004-01": {
            "month": "2004-01",
            "price": "56.70",
            "revenue": 1715431
        },
        "2004-02": {
            "month": "2004-02",
            "price": "61.08",
            "revenue": 1725250
        },
        "2004-03": {
            "month": "2004-03",
            "price": "57.76",
            "revenue": 1920148
        },
        "2004-04": {
            "month": "2004-04",
            "price": "55.38",
            "revenue": 1816109
        },
        "2004-05": {
            "month": "2004-05",
            "price": "43.00",
            "revenue": 1266217
        },
        "2004-06": {
            "month": "2004-06",
            "price": "37.56",
            "revenue": 842303
        },
        "2004-07": {
            "month": "2004-07",
            "price": "31.30",
            "revenue": 1611747
        },
        "2004-08": {
            "month": "2004-08",
            "price": "25.54",
            "revenue": 1274156
        },
        "2004-09": {
            "month": "2004-09",
            "price": "25.44",
            "revenue": 1771975
        },
        "2004-10": {
            "month": "2004-10",
            "price": "24.00",
            "revenue": 2001007
        },
        "2004-11": {
            "month": "2004-11",
            "price": "23.70",
            "revenue": 1702942
        },
        "2004-12": {
            "month": "2004-12",
            "price": "23.05",
            "revenue": 1130177
        },
        "2005-01": {
            "month": "2005-01",
            "price": "21.27",
            "revenue": 1802398
        },
        "2005-02": {
            "month": "2005-02",
            "price": "22.19",
            "revenue": 1529170
        },
        "2005-03": {
            "month": "2005-03",
            "price": "22.87",
            "revenue": 1587794
        },
        "2005-04": {
            "month": "2005-04",
            "price": "22.53",
            "revenue": 1606428
        },
        "2005-05": {
            "month": "2005-05",
            "price": "22.78",
            "revenue": 1650542
        },
        "2005-06": {
            "month": "2005-06",
            "price": "25.75",
            "revenue": 1278070
        },
        "2005-07": {
            "month": "2005-07",
            "price": "28.48",
            "revenue": 1737686
        },
        "2005-08": {
            "month": "2005-08",
            "price": "27.76",
            "revenue": 1396985
        },
        "2005-09": {
            "month": "2005-09",
            "price": "27.14",
            "revenue": 2028260
        },
        "2005-10": {
            "month": "2005-10",
            "price": "25.11",
            "revenue": 2100617
        },
        "2005-11": {
            "month": "2005-11",
            "price": "21.85",
            "revenue": 1964655
        },
        "2005-12": {
            "month": "2005-12",
            "price": "21.38",
            "revenue": 1521945
        },
        "2006-01": {
            "month": "2006-01",
            "price": "21.15",
            "revenue": 1616260
        },
        "2006-02": {
            "month": "2006-02",
            "price": "19.76",
            "revenue": 1236642
        },
        "2006-03": {
            "month": "2006-03",
            "price": "18.25",
            "revenue": 1644465
        },
        "2006-04": {
            "month": "2006-04",
            "price": "20.36",
            "revenue": 1602621
        },
        "2006-05": {
            "month": "2006-05",
            "price": "18.80",
            "revenue": 1218434
        },
        "2006-06": {
            "month": "2006-06",
            "price": "16.05",
            "revenue": 1243003
        },
        "2006-07": {
            "month": "2006-07",
            "price": "13.77",
            "revenue": 1386264
        },
        "2006-08": {
            "month": "2006-08",
            "price": "12.10",
            "revenue": 1398946
        },
        "2006-09": {
            "month": "2006-09",
            "price": "11.16",
            "revenue": 2163206
        },
        "2006-10": {
            "month": "2006-10",
            "price": "12.63",
            "revenue": 1907257
        },
        "2006-11": {
            "month": "2006-11",
            "price": "13.93",
            "revenue": 1874408
        },
        "2006-12": {
            "month": "2006-12",
            "price": "15.77",
            "revenue": 1649242
        },
        "2007-01": {
            "month": "2007-01",
            "price": "15.67",
            "revenue": 2015263
        },
        "2007-02": {
            "month": "2007-02",
            "price": "14.82",
            "revenue": 1468535
        },
        "2007-03": {
            "month": "2007-03",
            "price": "15.25",
            "revenue": 2299662
        },
        "2007-04": {
            "month": "2007-04",
            "price": "16.42",
            "revenue": 2084965
        },
        "2007-05": {
            "month": "2007-05",
            "price": "16.55",
            "revenue": 2016343
        },
        "2007-06": {
            "month": "2007-06",
            "price": "18.92",
            "revenue": 2119831
        },
        "2007-07": {
            "month": "2007-07",
            "price": "21.97",
            "revenue": 2493925
        },
        "2007-08": {
            "month": "2007-08",
            "price": "20.97",
            "revenue": 2845413
        },
        "2007-09": {
            "month": "2007-09",
            "price": "22.08",
            "revenue": 2779247
        },
        "2007-10": {
            "month": "2007-10",
            "price": "22.45",
            "revenue": 2988187
        },
        "2007-11": {
            "month": "2007-11",
            "price": "20.49",
            "revenue": 3193538
        },
        "2007-12": {
            "month": "2007-12",
            "price": "19.20",
            "revenue": 2396645
        },
        "2008-01": {
            "month": "2008-01",
            "price": "17.29",
            "revenue": 3037982
        },
        "2008-02": {
            "month": "2008-02",
            "price": "16.55",
            "revenue": 1730906
        },
        "2008-03": {
            "month": "2008-03",
            "price": "17.25",
            "revenue": 2106788
        },
        "2008-04": {
            "month": "2008-04",
            "price": "18.29",
            "revenue": 2734728
        },
        "2008-05": {
            "month": "2008-05",
            "price": "18.29",
            "revenue": 2458289
        },
        "2008-06": {
            "month": "2008-06",
            "price": "17.29",
            "revenue": 2076755
        },
        "2008-07": {
            "month": "2008-07",
            "price": "12.35",
            "revenue": 2172149
        },
        "2008-08": {
            "month": "2008-08",
            "price": "11.95",
            "revenue": 1911129
        },
        "2008-09": {
            "month": "2008-09",
            "price": "11.01",
            "revenue": 2481428
        },
        "2008-10": {
            "month": "2008-10",
            "price": "8.96",
            "revenue": 1728886
        },
        "2008-11": {
            "month": "2008-11",
            "price": "6.22",
            "revenue": 1834822
        },
        "2008-12": {
            "month": "2008-12",
            "price": "5.86",
            "revenue": 1877307
        },
        "2009-01": {
            "month": "2009-01",
            "price": "5.93",
            "revenue": 1399954
        },
        "2009-02": {
            "month": "2009-02",
            "price": "5.97",
            "revenue": 2031879
        },
        "2009-03": {
            "month": "2009-03",
            "price": "7.13",
            "revenue": 2320188
        },
        "2009-04": {
            "month": "2009-04",
            "price": "8.50",
            "revenue": 2206972
        },
        "2009-05": {
            "month": "2009-05",
            "price": "8.96",
            "revenue": 2107487
        },
        "2009-06": {
            "month": "2009-06",
            "price": "8.67",
            "revenue": 2222074
        },
        "2009-07": {
            "month": "2009-07",
            "price": "8.78",
            "revenue": 2759897
        },
        "2009-08": {
            "month": "2009-08",
            "price": "10.09",
            "revenue": 2875188
        },
        "2009-09": {
            "month": "2009-09",
            "price": "11.40",
            "revenue": 3821103
        },
        "2009-10": {
            "month": "2009-10",
            "price": "14.28",
            "revenue": 3270427
        },
        "2009-11": {
            "month": "2009-11",
            "price": "14.32",
            "revenue": 3040887
        },
        "2009-12": {
            "month": "2009-12",
            "price": "16.96",
            "revenue": 3672686
        },
        "2010-01": {
            "month": "2010-01",
            "price": "19.02",
            "revenue": 3326142
        },
        "2010-02": {
            "month": "2010-02",
            "price": "16.74",
            "revenue": 1764877
        },
        "2010-03": {
            "month": "2010-03",
            "price": "17.89",
            "revenue": 3578109
        },
        "2010-04": {
            "month": "2010-04",
            "price": "18.61",
            "revenue": 3511778
        },
        "2010-05": {
            "month": "2010-05",
            "price": "17.40",
            "revenue": 2315568
        },
        "2010-06": {
            "month": "2010-06",
            "price": "16.76",
            "revenue": 3057521
        },
        "2010-07": {
            "month": "2010-07",
            "price": "17.32",
            "revenue": 3217187
        },
        "2010-08": {
            "month": "2010-08",
            "price": "16.67",
            "revenue": 3440960
        },
        "2010-09": {
            "month": "2010-09",
            "price": "16.27",
            "revenue": 3898999
        },
        "2010-10": {
            "month": "2010-10",
            "price": "16.65",
            "revenue": 3024888
        },
        "2010-11": {
            "month": "2010-11",
            "price": "16.09",
            "revenue": 3115241
        },
        "2010-12": {
            "month": "2010-12",
            "price": "16.48",
            "revenue": 2641559
        },
        "2011-01": {
            "month": "2011-01",
            "price": "15.93",
            "revenue": 2474803
        },
        "2011-02": {
            "month": "2011-02",
            "price": "15.45",
            "revenue": 1398790
        },
        "2011-03": {
            "month": "2011-03",
            "price": "14.57",
            "revenue": 2182694
        },
        "2011-04": {
            "month": "2011-04",
            "price": "14.45",
            "revenue": 2008403
        },
        "2011-05": {
            "month": "2011-05",
            "price": "13.85",
            "revenue": 1760990
        },
        "2011-06": {
            "month": "2011-06",
            "price": "14.06",
            "revenue": 1820573
        },
        "2011-07": {
            "month": "2011-07",
            "price": "12.10",
            "revenue": 1765986
        },
        "2011-08": {
            "month": "2011-08",
            "price": "9.63",
            "revenue": 2040729
        },
        "2011-09": {
            "month": "2011-09",
            "price": "9.14",
            "revenue": 2283785
        },
        "2011-10": {
            "month": "2011-10",
            "price": "9.04",
            "revenue": 1909603
        },
        "2011-11": {
            "month": "2011-11",
            "price": "8.92",
            "revenue": 2204039
        },
        "2011-12": {
            "month": "2011-12",
            "price": "8.18",
            "revenue": 2085748
        },
        "2012-01": {
            "month": "2012-01",
            "price": "8.32",
            "revenue": 1687715
        },
        "2012-02": {
            "month": "2012-02",
            "price": "9.48",
            "revenue": 1730377
        },
        "2012-03": {
            "month": "2012-03",
            "price": "10.26",
            "revenue": 1883986
        },
        "2012-04": {
            "month": "2012-04",
            "price": "9.94",
            "revenue": 1870148
        },
        "2012-05": {
            "month": "2012-05",
            "price": "9.48",
            "revenue": 2212142
        },
        "2012-06": {
            "month": "2012-06",
            "price": "9.25",
            "revenue": 1890277
        },
        "2012-07": {
            "month": "2012-07",
            "price": "9.34",
            "revenue": 2112285
        },
        "2012-08": {
            "month": "2012-08",
            "price": "9.20",
            "revenue": 2445928
        },
        "2012-09": {
            "month": "2012-09",
            "price": "10.15",
            "revenue": 2499637
        },
        "2012-10": {
            "month": "2012-10",
            "price": "10.10",
            "revenue": 2413788
        },
        "2012-11": {
            "month": "2012-11",
            "price": "10.07",
            "revenue": 2726246
        },
        "2012-12": {
            "month": "2012-12",
            "price": "10.40",
            "revenue": 2538716
        },
        "2013-01": {
            "month": "2013-01",
            "price": "10.82",
            "revenue": 2728447
        },
        "2013-02": {
            "month": "2013-02",
            "price": "11.10",
            "revenue": 1750231
        },
        "2013-03": {
            "month": "2013-03",
            "price": "11.09",
            "revenue": 2576994
        },
        "2013-04": {
            "month": "2013-04",
            "price": "11.08",
            "revenue": 2443044
        },
        "2013-05": {
            "month": "2013-05",
            "price": "11.75",
            "revenue": 2783408
        },
        "2013-06": {
            "month": "2013-06",
            "price": "11.85",
            "revenue": 2492999
        },
        "2013-07": {
            "month": "2013-07",
            "price": "11.29",
            "revenue": 3002493
        },
        "2013-08": {
            "month": "2013-08",
            "price": "11.21",
            "revenue": 3388170
        },
        "2013-09": {
            "month": "2013-09",
            "price": "12.00",
            "revenue": 3678848
        },
        "2013-10": {
            "month": "2013-10",
            "price": "13.38",
            "revenue": 3266838
        },
        "2013-11": {
            "month": "2013-11",
            "price": "13.31",
            "revenue": 3290547
        },
        "2013-12": {
            "month": "2013-12",
            "price": "13.43",
            "revenue": 3335499
        },
        "2014-01": {
            "month": "2014-01",
            "price": "14.40",
            "revenue": 3516742
        },
        "2014-02": {
            "month": "2014-02",
            "price": "15.33",
            "revenue": 2930715
        },
        "2014-03": {
            "month": "2014-03",
            "price": "15.31",
            "revenue": 3809295
        },
        "2014-04": {
            "month": "2014-04",
            "price": "16.69",
            "revenue": 3676776
        },
        "2014-05": {
            "month": "2014-05",
            "price": "19.03",
            "revenue": 4477539
        },
        "2014-06": {
            "month": "2014-06",
            "price": "22.67",
            "revenue": 5308215
        },
        "2014-07": {
            "month": "2014-07",
            "price": "27.80",
            "revenue": 5030925
        },
        "2014-08": {
            "month": "2014-08",
            "price": "25.03",
            "revenue": 5231224
        },
        "2014-09": {
            "month": "2014-09",
            "price": "27.38",
            "revenue": 6963629
        },
        "2014-10": {
            "month": "2014-10",
            "price": "27.02",
            "revenue": 6779124
        },
        "2014-11": {
            "month": "2014-11",
            "price": "27.58",
            "revenue": 6793872
        },
        "2014-12": {
            "month": "2014-12",
            "price": "27.82",
            "revenue": 6496522
        },
        "2015-01": {
            "month": "2015-01",
            "price": "27.89",
            "revenue": 6764901
        },
        "2015-02": {
            "month": "2015-02",
            "price": "27.10",
            "revenue": 4576063
        },
        "2015-03": {
            "month": "2015-03",
            "price": "29.39",
            "revenue": 5663488
        },
        "2015-04": {
            "month": "2015-04",
            "price": "29.40",
            "revenue": 5775220
        },
        "2015-05": {
            "month": "2015-05",
            "price": "28.03",
            "revenue": 5664863
        },
        "2015-06": {
            "month": "2015-06",
            "price": "26.39",
            "revenue": 5766520
        },
        "2015-07": {
            "month": "2015-07",
            "price": "24.44",
            "revenue": 5327116
        },
        "2015-08": {
            "month": "2015-08",
            "price": "18.06",
            "revenue": 5556591
        },
        "2015-09": {
            "month": "2015-09",
            "price": "19.70",
            "revenue": 7808145
        },
        "2015-10": {
            "month": "2015-10",
            "price": "21.19",
            "revenue": 6368457
        },
        "2015-11": {
            "month": "2015-11",
            "price": "20.08",
            "revenue": 6651703
        },
        "2015-12": {
            "month": "2015-12",
            "price": "19.17",
            "revenue": 5695375
        },
        "2016-01": {
            "month": "2016-01",
            "price": "17.29",
            "revenue": 5383788
        },
        "2016-02": {
            "month": "2016-02",
            "price": "18.26",
            "revenue": 3632290
        },
        "2016-03": {
            "month": "2016-03",
            "price": "18.61",
            "revenue": 4645657
        },
        "2016-04": {
            "month": "2016-04",
            "price": "16.90",
            "revenue": 4455873
        },
        "2016-05": {
            "month": "2016-05",
            "price": "16.63",
            "revenue": 5125676
        },
        "2016-06": {
            "month": "2016-06",
            "price": "17.15",
            "revenue": 5414177
        },
        "2016-07": {
            "month": "2016-07",
            "price": "18.38",
            "revenue": 6269197
        },
        "2016-08": {
            "month": "2016-08",
            "price": "17.75",
            "revenue": 8813292
        },
        "2016-09": {
            "month": "2016-09",
            "price": "16.76",
            "revenue": 9607421
        },
        "2016-10": {
            "month": "2016-10",
            "price": "17.31",
            "revenue": 7385504
        },
        "2016-11": {
            "month": "2016-11",
            "price": "17.00",
            "revenue": 7691564
        },
        "2016-12": {
            "month": "2016-12",
            "price": "16.67",
            "revenue": 7303983
        },
        "2017-01": {
            "month": "2017-01",
            "price": "16.58",
            "revenue": 6357617
        },
        "2017-02": {
            "month": "2017-02",
            "price": "17.48",
            "revenue": 4739048
        },
        "2017-03": {
            "month": "2017-03",
            "price": "17.55",
            "revenue": 5965679
        },
        "2017-04": {
            "month": "2017-04",
            "price": "15.88",
            "revenue": 5074172
        },
        "2017-05": {
            "month": "2017-05",
            "price": "16.02",
            "revenue": 5505330
        },
        "2017-06": {
            "month": "2017-06",
            "price": "16.61",
            "revenue": 6190775
        },
        "2017-07": {
            "month": "2017-07",
            "price": "16.70",
            "revenue": 6526705
        },
        "2017-08": {
            "month": "2017-08",
            "price": "16.15",
            "revenue": 7221895
        },
        "2017-09": {
            "month": "2017-09",
            "price": "15.96",
            "revenue": 7753337
        },
        "2017-10": {
            "month": "2017-10",
            "price": "15.86",
            "revenue": 7481896
        },
        "2017-11": {
            "month": "2017-11",
            "price": "17.03",
            "revenue": 6675784
        },
        "2017-12": {
            "month": "2017-12",
            "price": "19.25",
            "revenue": 6493186
        },
        "2018-01": {
            "month": "2018-01",
            "price": "20.50",
            "revenue": 7379847
        },
        "2018-02": {
            "month": "2018-02",
            "price": "19.04",
            "revenue": 4809481
        },
        "2018-03": {
            "month": "2018-03",
            "price": "19.41",
            "revenue": 6503020
        },
        "2018-04": {
            "month": "2018-04",
            "price": "17.36",
            "revenue": 5922006
        },
        "2018-05": {
            "month": "2018-05",
            "price": "17.09",
            "revenue": 6405865
        },
        "2018-06": {
            "month": "2018-06",
            "price": "18.20",
            "revenue": 6457116
        },
        "2018-07": {
            "month": "2018-07",
            "price": "17.00",
            "revenue": 6986963
        },
        "2018-08": {
            "month": "2018-08",
            "price": "16.49",
            "revenue": 7379100
        },
        "2018-09": {
            "month": "2018-09",
            "price": "15.71",
            "revenue": 7758347
        },
        "2018-10": {
            "month": "2018-10",
            "price": "13.49",
            "revenue": 7168017
        },
        "2018-11": {
            "month": "2018-11",
            "price": "12.43",
            "revenue": 7520557
        },
        "2018-12": {
            "month": "2018-12",
            "price": "13.43",
            "revenue": 5969053
        },
        "2019-01": {
            "month": "2019-01",
            "price": "13.09",
            "revenue": 7411634
        },
        "2019-02": {
            "month": "2019-02",
            "price": "13.47",
            "revenue": 4118111
        },
        "2019-03": {
            "month": "2019-03",
            "price": "13.82",
            "revenue": 5959384
        },
        "2019-04": {
            "month": "2019-04",
            "price": "14.08",
            "revenue": 7013758
        },
        "2019-05": {
            "month": "2019-05",
            "price": "13.40",
            "revenue": 7754626
        },
        "2019-06": {
            "month": "2019-06",
            "price": "13.44",
            "revenue": 7923807
        },
        "2019-07": {
            "month": "2019-07",
            "price": "13.42",
            "revenue": 8257407
        },
        "2019-08": {
            "month": "2019-08",
            "price": "14.20",
            "revenue": 10445764
        },
        "2019-09": {
            "month": "2019-09",
            "price": "17.14",
            "revenue": 10748553
        },
        "2019-10": {
            "month": "2019-10",
            "price": "19.72",
            "revenue": 10091343
        },
        "2019-11": {
            "month": "2019-11",
            "price": "19.44",
            "revenue": 9043105
        },
        "2019-12": {
            "month": "2019-12",
            "price": "19.22",
            "revenue": 8112185
        },
        "2020-01": {
            "month": "2020-01",
            "price": "18.45",
            "revenue": 7301339
        },
        "2020-02": {
            "month": "2020-02",
            "price": "16.49",
            "revenue": 5861779
        },
        "2020-03": {
            "month": "2020-03",
            "price": "14.49",
            "revenue": 8422664
        },
        "2020-04": {
            "month": "2020-04",
            "price": "15.77",
            "revenue": 8007988
        },
        "2020-05": {
            "month": "2020-05",
            "price": "17.44",
            "revenue": 7163048
        },
        "2020-06": {
            "month": "2020-06",
            "price": "18.01",
            "revenue": 7970774
        },
        "2020-07": {
            "month": "2020-07",
            "price": "16.99",
            "revenue": 9726609
        },
        "2020-08": {
            "month": "2020-08",
            "price": "17.84",
            "revenue": 10312398
        },
        "2020-09": {
            "month": "2020-09",
            "price": "17.78",
            "revenue": 10185128
        },
        "2020-10": {
            "month": "2020-10",
            "price": "17.89",
            "revenue": 10544176
        },
        "2020-11": {
            "month": "2020-11",
            "price": "20.39",
            "revenue": 12146250
        },
        "2020-12": {
            "month": "2020-12",
            "price": "23.37",
            "revenue": 10880669
        },
        "2021-01": {
            "month": "2021-01",
            "price": "23.53",
            "revenue": 9577505
        },
        "2021-02": {
            "month": "2021-02",
            "price": "23.25",
            "revenue": 6224943
        },
        "2021-03": {
            "month": "2021-03",
            "price": "30.03",
            "revenue": 8752029
        },
        "2021-04": {
            "month": "2021-04",
            "price": "36.64",
            "revenue": 7970218
        },
        "2021-05": {
            "month": "2021-05",
            "price": "33.82",
            "revenue": 7553863
        },
        "2021-06": {
            "month": "2021-06",
            "price": "34.10",
            "revenue": 7871034
        },
        "2021-07": {
            "month": "2021-07",
            "price": "36.20",
            "revenue": 8417689
        },
        "2021-08": {
            "month": "2021-08",
            "price": "35.80",
            "revenue": 9956545
        },
        "2021-09": {
            "month": "2021-09",
            "price": "31.33",
            "revenue": 10982199
        },
        "2021-10": {
            "month": "2021-10",
            "price": "31.60",
            "revenue": 9192457
        },
        "2021-11": {
            "month": "2021-11",
            "price": "32.31",
            "revenue": 10747827
        },
        "2021-12": {
            "month": "2021-12",
            "price": "32.00",
            "revenue": 10990412
        },
        "2022-01": {
            "month": "2022-01",
            "price": "33.01",
            "revenue": 11048406
        },
        "2022-02": {
            "month": "2022-02",
            "price": "35.22",
            "revenue": 7339148
        },
        "2022-03": {
            "month": "2022-03",
            "price": "36.79",
            "revenue": 10674940
        },
        "2022-04": {
            "month": "2022-04",
            "price": "36.08",
            "revenue": 8096215
        },
        "2022-05": {
            "month": "2022-05",
            "price": "34.86",
            "revenue": 9739840
        },
        "2022-06": {
            "month": "2022-06",
            "price": "34.92",
            "revenue": 9604347
        },
        "2022-07": {
            "month": "2022-07",
            "price": "29.29",
            "revenue": 9072811
        },
        "2022-08": {
            "month": "2022-08",
            "price": "29.50",
            "revenue": 10912095
        },
        "2022-09": {
            "month": "2022-09",
            "price": "28.20",
            "revenue": 11784120
        },
        "2022-10": {
            "month": "2022-10",
            "price": "27.72",
            "revenue": 10582927
        },
        "2022-11": {
            "month": "2022-11",
            "price": "28.05",
            "revenue": 9844425
        },
        "2022-12": {
            "month": "2022-12",
            "price": "27.55",
            "revenue": 10007762
        },
        "2023-01": {
            "month": "2023-01",
            "price": "26.97",
            "revenue": 8100662
        },
        "2023-02": {
            "month": "2023-02",
            "price": "28.13",
            "revenue": 7541941
        },
        "2023-03": {
            "month": "2023-03",
            "price": "28.64",
            "revenue": 8573665
        },
        "2023-04": {
            "month": "2023-04",
            "price": "28.33",
            "revenue": 7359677
        },
        "2023-05": {
            "month": "2023-05",
            "price": "27.46",
            "revenue": 7843460
        }
    }
}
