{
    "summary": {
        "stock_name": "和鑫",
        "stock_id": "3049",
        "category": "光電",
        "main_business": "觸控式液晶顯示器之研究、開發、生產、製造及銷售業務。",
        "website_url": "http://www.hannstouch.com",
        "ceo": "黃建中",
        "pe_ratio": -42,
        "report_year_from": 2001,
        "report_year_to": 2023,
        "age": 22,
        "eps_negative_percentage": 35,
        "eps_growth_avg": {
            "last_all": -16.82,
            "last_2y": -21.91,
            "last_4y": 13.17,
            "last_8y": -3.79,
            "last_12y": -14.48,
            "last_16y": -23.03,
            "last_20y": -16.82,
            "at_2006_last_3y": -35.03,
            "at_2007_last_3y": -38.62,
            "at_2008_last_3y": -100,
            "at_2009_last_3y": -100,
            "at_2010_last_3y": -100,
            "at_2011_last_3y": -100,
            "at_2012_last_3y": -100,
            "at_2013_last_3y": -100,
            "at_2014_last_3y": -10,
            "at_2015_last_3y": 1.9,
            "at_2016_last_3y": -32.06,
            "at_2017_last_3y": -32.06,
            "at_2018_last_3y": -48.2,
            "at_2019_last_3y": 10.53,
            "at_2020_last_3y": 21.14,
            "at_2021_last_3y": 40.86,
            "at_2022_last_3y": 8.57,
            "at_2023_last_3y": 8.57,
            "at_2006_last_all": -1.28,
            "at_2007_last_all": -1.28,
            "at_2008_last_all": -1.28,
            "at_2009_last_all": -21.02,
            "at_2010_last_all": -21.02,
            "at_2011_last_all": -34.18,
            "at_2012_last_all": -34.18,
            "at_2013_last_all": -34.18,
            "at_2014_last_all": -17.87,
            "at_2015_last_all": -25.16,
            "at_2016_last_all": -33.48,
            "at_2017_last_all": -33.48,
            "at_2018_last_all": -26.97,
            "at_2019_last_all": -15.43,
            "at_2020_last_all": -19.82,
            "at_2021_last_all": -10.6,
            "at_2022_last_all": -16.82,
            "at_2023_last_all": -16.82
        },
        "latest_eps": -0.25,
        "latest_price": 10.55,
        "latest_roe": -2.13,
        "latest_gross_margin": -36.59,
        "latest_equity": 10251885,
        "latest_revenue": 408482,
        "latest_gross_profit": -149458,
        "latest_net_income": -183477,
        "latest_debt_ratio": 31.77,
        "latest_current_ratio": 472.47,
        "latest_account_receivable_turnover_ratio": 1.41,
        "latest_inventory_turnover_ratio": 3.48,
        "latest_reinvestment_rate": 80.31,
        "latest_research_to_sale_ratio": 1.3
    },
    "eps_dividends": {
        "2001": {
            "cash": 0,
            "stock": 0,
            "eps": 0.7
        },
        "2002": {
            "cash": 0,
            "stock": 0,
            "eps": 2.01
        },
        "2003": {
            "cash": 0,
            "stock": 2.5,
            "eps": 1.45
        },
        "2004": {
            "cash": 0,
            "stock": 1.5,
            "eps": 1.78
        },
        "2005": {
            "cash": 0.4,
            "stock": 1.1,
            "eps": -1.15
        },
        "2006": {
            "cash": 0,
            "stock": 0,
            "eps": -2.25
        },
        "2007": {
            "cash": 0,
            "stock": 0,
            "eps": -3.03
        },
        "2008": {
            "cash": 0,
            "stock": 0,
            "eps": 0.42
        },
        "2009": {
            "cash": 0,
            "stock": 0.99,
            "eps": -2.42
        },
        "2010": {
            "cash": 0,
            "stock": 0,
            "eps": 0.07
        },
        "2011": {
            "cash": 0,
            "stock": 0,
            "eps": -1.98
        },
        "2012": {
            "cash": 0,
            "stock": 0,
            "eps": -2.59
        },
        "2013": {
            "cash": 0,
            "stock": 0,
            "eps": 0.35
        },
        "2014": {
            "cash": 0,
            "stock": 0,
            "eps": 0.63
        },
        "2015": {
            "cash": 0,
            "stock": 0,
            "eps": 0.15
        },
        "2016": {
            "cash": 0,
            "stock": 0,
            "eps": -0.67
        },
        "2017": {
            "cash": 0,
            "stock": 0,
            "eps": 0.19
        },
        "2018": {
            "cash": 0,
            "stock": 0,
            "eps": 0.25
        },
        "2019": {
            "cash": 0,
            "stock": 0,
            "eps": 1.35
        },
        "2020": {
            "cash": 0.35,
            "stock": 0,
            "eps": 0.43
        },
        "2021": {
            "cash": 0.39,
            "stock": 0,
            "eps": 1.24
        },
        "2022": {
            "cash": 0.35,
            "stock": 0,
            "eps": 0.03
        },
        "2023": {
            "cash": 0,
            "stock": 0,
            "eps": -0.21
        }
    },
    "dividends": {
        "2003-02-26": {
            "cash": 0,
            "stock": 2.5
        },
        "2004-04-23": {
            "cash": 0,
            "stock": 1.5
        },
        "2005-02-24": {
            "cash": 0.4,
            "stock": 1.1
        },
        "2009-03-20": {
            "cash": 0,
            "stock": 0.99
        },
        "2020-09-15": {
            "cash": 0.35,
            "stock": 0
        },
        "2021-09-15": {
            "cash": 0.39,
            "stock": 0
        },
        "2022-08-05": {
            "cash": 0.35,
            "stock": 0
        }
    },
    "prices": {
        "200101": "無",
        "200102": "無",
        "200103": "無",
        "200104": "無",
        "200105": "無",
        "200106": "無",
        "200107": "無",
        "200108": "無",
        "200109": "無",
        "200110": "無",
        "200111": "無",
        "200112": "無",
        "200201": "無",
        "200202": "無",
        "200203": "無",
        "200204": "無",
        "200205": "無",
        "200206": "無",
        "200207": "無",
        "200208": "無",
        "200209": "25.20",
        "200210": "17.93",
        "200211": "21.35",
        "200212": "18.17",
        "200301": "17.85",
        "200302": "17.59",
        "200303": "19.00",
        "200304": "18.87",
        "200305": "16.94",
        "200306": "18.20",
        "200307": "23.12",
        "200308": "24.22",
        "200309": "20.64",
        "200310": "18.80",
        "200311": "17.77",
        "200312": "21.43",
        "200401": "22.28",
        "200402": "27.34",
        "200403": "28.75",
        "200404": "31.10",
        "200405": "26.09",
        "200406": "21.51",
        "200407": "17.75",
        "200408": "17.20",
        "200409": "17.30",
        "200410": "14.43",
        "200411": "13.37",
        "200412": "14.04",
        "200501": "12.89",
        "200502": "14.43",
        "200503": "15.15",
        "200504": "14.64",
        "200505": "13.34",
        "200506": "15.49",
        "200507": "15.02",
        "200508": "12.42",
        "200509": "10.30",
        "200510": "7.86",
        "200511": "8.25",
        "200512": "9.70",
        "200601": "10.52",
        "200602": "9.88",
        "200603": "9.05",
        "200604": "9.41",
        "200605": "8.86",
        "200606": "6.89",
        "200607": "6.48",
        "200608": "6.17",
        "200609": "4.99",
        "200610": "5.12",
        "200611": "5.58",
        "200612": "6.76",
        "200701": "7.19",
        "200702": "6.69",
        "200703": "6.65",
        "200704": "8.25",
        "200705": "8.82",
        "200706": "9.22",
        "200707": "11.12",
        "200708": "11.00",
        "200709": "10.66",
        "200710": "11.01",
        "200711": "9.90",
        "200712": "9.34",
        "200801": "8.95",
        "200802": "7.88",
        "200803": "9.26",
        "200804": "10.37",
        "200805": "15.96",
        "200806": "14.66",
        "200807": "10.19",
        "200808": "7.84",
        "200809": "8.10",
        "200810": "6.98",
        "200811": "4.38",
        "200812": "4.04",
        "200901": "4.10",
        "200902": "4.59",
        "200903": "7.04",
        "200904": "11.83",
        "200905": "15.75",
        "200906": "16.99",
        "200907": "17.40",
        "200908": "15.92",
        "200909": "17.19",
        "200910": "18.16",
        "200911": "17.85",
        "200912": "25.71",
        "201001": "25.54",
        "201002": "21.09",
        "201003": "23.41",
        "201004": "22.29",
        "201005": "17.64",
        "201006": "20.02",
        "201007": "20.25",
        "201008": "21.32",
        "201009": "23.24",
        "201010": "23.76",
        "201011": "21.55",
        "201012": "24.90",
        "201101": "23.63",
        "201102": "24.75",
        "201103": "28.26",
        "201104": "26.42",
        "201105": "25.73",
        "201106": "23.62",
        "201107": "19.80",
        "201108": "16.20",
        "201109": "10.83",
        "201110": "8.97",
        "201111": "7.79",
        "201112": "9.97",
        "201201": "11.90",
        "201202": "14.80",
        "201203": "16.53",
        "201204": "13.86",
        "201205": "11.57",
        "201206": "12.82",
        "201207": "11.63",
        "201208": "11.91",
        "201209": "11.85",
        "201210": "9.98",
        "201211": "8.44",
        "201212": "10.32",
        "201301": "10.16",
        "201302": "9.35",
        "201303": "9.38",
        "201304": "9.43",
        "201305": "11.54",
        "201306": "11.94",
        "201307": "10.96",
        "201308": "10.35",
        "201309": "10.53",
        "201310": "9.97",
        "201311": "8.87",
        "201312": "8.75",
        "201401": "9.16",
        "201402": "9.08",
        "201403": "9.27",
        "201404": "8.92",
        "201405": "8.75",
        "201406": "8.85",
        "201407": "8.83",
        "201408": "8.32",
        "201409": "8.18",
        "201410": "6.63",
        "201411": "6.14",
        "201412": "6.39",
        "201501": "7.70",
        "201502": "7.60",
        "201503": "6.77",
        "201504": "6.14",
        "201505": "5.70",
        "201506": "4.44",
        "201507": "4.17",
        "201508": "3.29",
        "201509": "3.52",
        "201510": "5.17",
        "201511": "5.79",
        "201512": "7.71",
        "201601": "8.52",
        "201602": "8.62",
        "201603": "8.23",
        "201604": "7.13",
        "201605": "5.98",
        "201606": "5.99",
        "201607": "6.79",
        "201608": "6.61",
        "201609": "7.79",
        "201610": "7.37",
        "201611": "8.15",
        "201612": "8.65",
        "201701": "9.83",
        "201702": "11.82",
        "201703": "11.95",
        "201704": "10.53",
        "201705": "10.22",
        "201706": "10.22",
        "201707": "10.25",
        "201708": "9.73",
        "201709": "10.68",
        "201710": "10.72",
        "201711": "10.79",
        "201712": "9.26",
        "201801": "9.20",
        "201802": "8.32",
        "201803": "8.17",
        "201804": "7.51",
        "201805": "7.30",
        "201806": "8.72",
        "201807": "8.37",
        "201808": "8.61",
        "201809": "7.91",
        "201810": "6.37",
        "201811": "7.48",
        "201812": "7.79",
        "201901": "7.49",
        "201902": "8.95",
        "201903": "10.68",
        "201904": "13.94",
        "201905": "13.58",
        "201906": "13.69",
        "201907": "14.43",
        "201908": "14.01",
        "201909": "14.73",
        "201910": "14.27",
        "201911": "13.66",
        "201912": "13.67",
        "202001": "13.47",
        "202002": "11.97",
        "202003": "9.79",
        "202004": "10.16",
        "202005": "10.33",
        "202006": "10.25",
        "202007": "9.66",
        "202008": "9.70",
        "202009": "9.88",
        "202010": "9.97",
        "202011": "10.29",
        "202012": "11.38",
        "202101": "10.38",
        "202102": "10.12",
        "202103": "10.91",
        "202104": "13.32",
        "202105": "12.09",
        "202106": "12.54",
        "202107": "13.08",
        "202108": "12.27",
        "202109": "11.39",
        "202110": "11.49",
        "202111": "13.13",
        "202112": "15.08",
        "202201": "15.74",
        "202202": "14.54",
        "202203": "13.93",
        "202204": "12.36",
        "202205": "11.44",
        "202206": "10.89",
        "202207": "9.48",
        "202208": "10.27",
        "202209": "10.16",
        "202210": "9.41",
        "202211": "9.40",
        "202212": "9.36",
        "202301": "9.18",
        "202302": "9.68",
        "202303": "9.98",
        "202304": "10.16",
        "202305": "9.73",
        "202306": "10.01"
    },
    "quarters": {
        "20011": {
            "year_quarter": 20011,
            "year": 2001,
            "quarter": 1,
            "eps": -0.06,
            "eps_growth_year": null,
            "eps_4q": null,
            "eps_4q_growth_year": null,
            "roe": -0.41,
            "roe_4q": -0.41,
            "gross_profit": -33082,
            "gross_margin": -20.66,
            "gross_margin_4q_avg": -20.66,
            "net_income": -19836,
            "revenue": 160122,
            "common_shares": 3600000,
            "book_valuer_per_share": 13.47,
            "book_valuer_per_share_4q_avg": 13.47,
            "equity": 4849821,
            "current_ratio": 95.34,
            "debt_ratio": 37.07,
            "inventory_turnover_ratio": 2.73,
            "account_receivable_turnover_ratio": null,
            "reinvestment_rate": null,
            "research_to_sale_ratio": null,
            "price_fair": 0,
            "eps_avg_yearly": 0,
            "eps_latest_yearly": 0,
            "eps_growth_yearly": 0
        },
        "20012": {
            "year_quarter": 20012,
            "year": 2001,
            "quarter": 2,
            "eps": 0.33,
            "eps_growth_year": null,
            "eps_4q": null,
            "eps_4q_growth_year": null,
            "roe": 2.43,
            "roe_4q": 2.02,
            "gross_profit": -76919,
            "gross_margin": -47.99,
            "gross_margin_4q_avg": -34.33,
            "net_income": 119193,
            "revenue": 160294,
            "common_shares": 3600000,
            "book_valuer_per_share": 13.8,
            "book_valuer_per_share_4q_avg": 13.64,
            "equity": 4969014,
            "current_ratio": 136.21,
            "debt_ratio": 49.74,
            "inventory_turnover_ratio": 1.94,
            "account_receivable_turnover_ratio": null,
            "reinvestment_rate": null,
            "research_to_sale_ratio": null,
            "price_fair": 0,
            "eps_avg_yearly": 0,
            "eps_latest_yearly": 0,
            "eps_growth_yearly": 0
        },
        "20013": {
            "year_quarter": 20013,
            "year": 2001,
            "quarter": 3,
            "eps": -0.13,
            "eps_growth_year": null,
            "eps_4q": null,
            "eps_4q_growth_year": null,
            "roe": -0.91,
            "roe_4q": 1.11,
            "gross_profit": 56076,
            "gross_margin": 12.56,
            "gross_margin_4q_avg": -18.7,
            "net_income": -45223,
            "revenue": 446386,
            "common_shares": 3600000,
            "book_valuer_per_share": 13.68,
            "book_valuer_per_share_4q_avg": 13.65,
            "equity": 4923791,
            "current_ratio": 122.23,
            "debt_ratio": 45.83,
            "inventory_turnover_ratio": 1.51,
            "account_receivable_turnover_ratio": null,
            "reinvestment_rate": null,
            "research_to_sale_ratio": null,
            "price_fair": 0,
            "eps_avg_yearly": 0,
            "eps_latest_yearly": 0,
            "eps_growth_yearly": 0
        },
        "20014": {
            "year_quarter": 20014,
            "year": 2001,
            "quarter": 4,
            "eps": 0.56,
            "eps_growth_year": null,
            "eps_4q": 0.71,
            "eps_4q_growth_year": null,
            "roe": 3.72,
            "roe_4q": 4.83,
            "gross_profit": 113316,
            "gross_margin": 14.02,
            "gross_margin_4q_avg": -10.52,
            "net_income": 201640,
            "revenue": 808356,
            "common_shares": 4000000,
            "book_valuer_per_share": 14.81,
            "book_valuer_per_share_4q_avg": 13.94,
            "equity": 5925431,
            "current_ratio": 160.16,
            "debt_ratio": 43.66,
            "inventory_turnover_ratio": 1.86,
            "account_receivable_turnover_ratio": null,
            "reinvestment_rate": null,
            "research_to_sale_ratio": null,
            "price_fair": 0,
            "eps_avg_yearly": 0,
            "eps_latest_yearly": 0,
            "eps_growth_yearly": 0
        },
        "20021": {
            "year_quarter": 20021,
            "year": 2002,
            "quarter": 1,
            "eps": 0.17,
            "eps_growth_year": null,
            "eps_4q": 0.85,
            "eps_4q_growth_year": null,
            "roe": 1.16,
            "roe_4q": 6.4,
            "gross_profit": 184037,
            "gross_margin": 24.28,
            "gross_margin_4q_avg": 0.72,
            "net_income": 69061,
            "revenue": 757859,
            "common_shares": 4000000,
            "book_valuer_per_share": 14.99,
            "book_valuer_per_share_4q_avg": 14.32,
            "equity": 5994491,
            "current_ratio": 191.28,
            "debt_ratio": 39.25,
            "inventory_turnover_ratio": 1.76,
            "account_receivable_turnover_ratio": null,
            "reinvestment_rate": null,
            "research_to_sale_ratio": null,
            "price_fair": 2.04,
            "eps_avg_yearly": 0.68,
            "eps_latest_yearly": 0.68,
            "eps_growth_yearly": -278.57
        },
        "20022": {
            "year_quarter": 20022,
            "year": 2002,
            "quarter": 2,
            "eps": 0.34,
            "eps_growth_year": 3.03,
            "eps_4q": 0.9,
            "eps_4q_growth_year": null,
            "roe": 2.27,
            "roe_4q": 6.24,
            "gross_profit": 261413,
            "gross_margin": 31.4,
            "gross_margin_4q_avg": 20.57,
            "net_income": 137514,
            "revenue": 832398,
            "common_shares": 4000000,
            "book_valuer_per_share": 15.33,
            "book_valuer_per_share_4q_avg": 14.7,
            "equity": 6132465,
            "current_ratio": 103.28,
            "debt_ratio": 42.51,
            "inventory_turnover_ratio": 2.38,
            "account_receivable_turnover_ratio": null,
            "reinvestment_rate": null,
            "research_to_sale_ratio": null,
            "price_fair": 35.7,
            "eps_avg_yearly": 1.02,
            "eps_latest_yearly": 1.36,
            "eps_growth_yearly": 60.71
        },
        "20023": {
            "year_quarter": 20023,
            "year": 2002,
            "quarter": 3,
            "eps": 0.4,
            "eps_growth_year": null,
            "eps_4q": 1.42,
            "eps_4q_growth_year": null,
            "roe": 2.58,
            "roe_4q": 9.73,
            "gross_profit": 329411,
            "gross_margin": 35.22,
            "gross_margin_4q_avg": 26.23,
            "net_income": 160453,
            "revenue": 935361,
            "common_shares": 4000000,
            "book_valuer_per_share": 15.73,
            "book_valuer_per_share_4q_avg": 15.22,
            "equity": 6292459,
            "current_ratio": 81.55,
            "debt_ratio": 52.02,
            "inventory_turnover_ratio": 2.59,
            "account_receivable_turnover_ratio": null,
            "reinvestment_rate": null,
            "research_to_sale_ratio": null,
            "price_fair": 42.47,
            "eps_avg_yearly": 1.21,
            "eps_latest_yearly": 1.6,
            "eps_growth_yearly": 64.01
        },
        "20024": {
            "year_quarter": 20024,
            "year": 2002,
            "quarter": 4,
            "eps": 1.1,
            "eps_growth_year": 96.43,
            "eps_4q": 2.02,
            "eps_4q_growth_year": 183.89,
            "roe": 6.76,
            "roe_4q": 12.77,
            "gross_profit": 337821,
            "gross_margin": 44.01,
            "gross_margin_4q_avg": 33.73,
            "net_income": 440478,
            "revenue": 767640,
            "common_shares": 4000000,
            "book_valuer_per_share": 16.83,
            "book_valuer_per_share_4q_avg": 15.72,
            "equity": 6732937,
            "current_ratio": 99.77,
            "debt_ratio": 51.52,
            "inventory_turnover_ratio": 0.99,
            "account_receivable_turnover_ratio": null,
            "reinvestment_rate": null,
            "research_to_sale_ratio": null,
            "price_fair": 70.35,
            "eps_avg_yearly": 2.01,
            "eps_latest_yearly": 4.4,
            "eps_growth_yearly": 223
        },
        "20031": {
            "year_quarter": 20031,
            "year": 2003,
            "quarter": 1,
            "eps": 0.11,
            "eps_growth_year": -35.29,
            "eps_4q": 2.01,
            "eps_4q_growth_year": 136.71,
            "roe": 0.63,
            "roe_4q": 12.239999999999998,
            "gross_profit": 267663,
            "gross_margin": 19.49,
            "gross_margin_4q_avg": 32.53,
            "net_income": 42789,
            "revenue": 1373444,
            "common_shares": 4000000,
            "book_valuer_per_share": 16.94,
            "book_valuer_per_share_4q_avg": 16.21,
            "equity": 6775726,
            "current_ratio": 117.17,
            "debt_ratio": 59.05,
            "inventory_turnover_ratio": 1.53,
            "account_receivable_turnover_ratio": null,
            "reinvestment_rate": null,
            "research_to_sale_ratio": null,
            "price_fair": 59.36,
            "eps_avg_yearly": 1.7,
            "eps_latest_yearly": 0.44,
            "eps_growth_yearly": 106.4
        },
        "20032": {
            "year_quarter": 20032,
            "year": 2003,
            "quarter": 2,
            "eps": 0.18,
            "eps_growth_year": -47.06,
            "eps_4q": 1.48,
            "eps_4q_growth_year": 64.69,
            "roe": 1.29,
            "roe_4q": 11.26,
            "gross_profit": 339943,
            "gross_margin": 18.79,
            "gross_margin_4q_avg": 29.38,
            "net_income": 89265,
            "revenue": 1809553,
            "common_shares": 5200098,
            "book_valuer_per_share": 13.55,
            "book_valuer_per_share_4q_avg": 15.76,
            "equity": 7043999,
            "current_ratio": 121.7,
            "debt_ratio": 58.95,
            "inventory_turnover_ratio": 2.02,
            "account_receivable_turnover_ratio": null,
            "reinvestment_rate": null,
            "research_to_sale_ratio": null,
            "price_fair": 53.67,
            "eps_avg_yearly": 1.53,
            "eps_latest_yearly": 0.72,
            "eps_growth_yearly": 131.09
        },
        "20033": {
            "year_quarter": 20033,
            "year": 2003,
            "quarter": 3,
            "eps": 0.03,
            "eps_growth_year": -92.5,
            "eps_4q": 1.1,
            "eps_4q_growth_year": -22.31,
            "roe": 0.21,
            "roe_4q": 8.89,
            "gross_profit": 356785,
            "gross_margin": 20.34,
            "gross_margin_4q_avg": 25.66,
            "net_income": 16032,
            "revenue": 1754461,
            "common_shares": 6129333,
            "book_valuer_per_share": 13.84,
            "book_valuer_per_share_4q_avg": 15.29,
            "equity": 8484813,
            "current_ratio": 100.84,
            "debt_ratio": 49.73,
            "inventory_turnover_ratio": 2.47,
            "account_receivable_turnover_ratio": null,
            "reinvestment_rate": null,
            "research_to_sale_ratio": null,
            "price_fair": 46.6,
            "eps_avg_yearly": 1.33,
            "eps_latest_yearly": 0.12,
            "eps_growth_yearly": 64.75
        },
        "20034": {
            "year_quarter": 20034,
            "year": 2003,
            "quarter": 4,
            "eps": 1.13,
            "eps_growth_year": 2.73,
            "eps_4q": 1.4,
            "eps_4q_growth_year": -30.69,
            "roe": 6.6,
            "roe_4q": 8.73,
            "gross_profit": 686189,
            "gross_margin": 34.78,
            "gross_margin_4q_avg": 23.35,
            "net_income": 624990,
            "revenue": 1972816,
            "common_shares": 6129333,
            "book_valuer_per_share": 14.86,
            "book_valuer_per_share_4q_avg": 14.8,
            "equity": 10460933,
            "current_ratio": 122.56,
            "debt_ratio": 56.36,
            "inventory_turnover_ratio": 2.49,
            "account_receivable_turnover_ratio": null,
            "reinvestment_rate": null,
            "research_to_sale_ratio": null,
            "price_fair": 60.55,
            "eps_avg_yearly": 1.73,
            "eps_latest_yearly": 4.52,
            "eps_growth_yearly": 1889.99
        },
        "20041": {
            "year_quarter": 20041,
            "year": 2004,
            "quarter": 1,
            "eps": 0.7,
            "eps_growth_year": 536.36,
            "eps_4q": 1.91,
            "eps_4q_growth_year": -5.13,
            "roe": 4.24,
            "roe_4q": 12.34,
            "gross_profit": 767676,
            "gross_margin": 36.3,
            "gross_margin_4q_avg": 27.55,
            "net_income": 424136,
            "revenue": 2114705,
            "common_shares": 6151943,
            "book_valuer_per_share": 15.55,
            "book_valuer_per_share_4q_avg": 14.45,
            "equity": 9569170,
            "current_ratio": 122.71,
            "debt_ratio": 43.09,
            "inventory_turnover_ratio": 2.91,
            "account_receivable_turnover_ratio": null,
            "reinvestment_rate": null,
            "research_to_sale_ratio": null,
            "price_fair": 64.71,
            "eps_avg_yearly": 1.85,
            "eps_latest_yearly": 2.8,
            "eps_growth_yearly": 1663.08
        },
        "20042": {
            "year_quarter": 20042,
            "year": 2004,
            "quarter": 2,
            "eps": 0.61,
            "eps_growth_year": 238.89,
            "eps_4q": 2.11,
            "eps_4q_growth_year": 42.46,
            "roe": 4.43,
            "roe_4q": 15.48,
            "gross_profit": 792922,
            "gross_margin": 37.14,
            "gross_margin_4q_avg": 32.14,
            "net_income": 434414,
            "revenue": 2135132,
            "common_shares": 7150452,
            "book_valuer_per_share": 14.02,
            "book_valuer_per_share_4q_avg": 14.57,
            "equity": 10023205,
            "current_ratio": 303.09,
            "debt_ratio": 50.87,
            "inventory_turnover_ratio": 3.8,
            "account_receivable_turnover_ratio": null,
            "reinvestment_rate": null,
            "research_to_sale_ratio": null,
            "price_fair": 66.78,
            "eps_avg_yearly": 1.91,
            "eps_latest_yearly": 2.44,
            "eps_growth_yearly": 1491.63
        },
        "20043": {
            "year_quarter": 20043,
            "year": 2004,
            "quarter": 3,
            "eps": 0.25,
            "eps_growth_year": 733.33,
            "eps_4q": 2.31,
            "eps_4q_growth_year": 109.47,
            "roe": 1.78,
            "roe_4q": 17.049999999999997,
            "gross_profit": 455207,
            "gross_margin": 26.49,
            "gross_margin_4q_avg": 33.68,
            "net_income": 180300,
            "revenue": 1718416,
            "common_shares": 7150452,
            "book_valuer_per_share": 14.27,
            "book_valuer_per_share_4q_avg": 14.68,
            "equity": 10203505,
            "current_ratio": 299.82,
            "debt_ratio": 50.23,
            "inventory_turnover_ratio": 3.54,
            "account_receivable_turnover_ratio": null,
            "reinvestment_rate": null,
            "research_to_sale_ratio": null,
            "price_fair": 63.89,
            "eps_avg_yearly": 1.83,
            "eps_latest_yearly": 1,
            "eps_growth_yearly": 1334.56
        },
        "20044": {
            "year_quarter": 20044,
            "year": 2004,
            "quarter": 4,
            "eps": 0.22,
            "eps_growth_year": -80.53,
            "eps_4q": 1.68,
            "eps_4q_growth_year": 19.92,
            "roe": 1.43,
            "roe_4q": 11.879999999999999,
            "gross_profit": 336899,
            "gross_margin": 20.43,
            "gross_margin_4q_avg": 30.09,
            "net_income": 156949,
            "revenue": 1649349,
            "common_shares": 7150452,
            "book_valuer_per_share": 14.48,
            "book_valuer_per_share_4q_avg": 14.58,
            "equity": 11672505,
            "current_ratio": 175.72,
            "debt_ratio": 60.03,
            "inventory_turnover_ratio": 1.49,
            "account_receivable_turnover_ratio": null,
            "reinvestment_rate": 428.34,
            "research_to_sale_ratio": null,
            "price_fair": 61.13,
            "eps_avg_yearly": 1.75,
            "eps_latest_yearly": 0.88,
            "eps_growth_yearly": 1219.35
        },
        "20051": {
            "year_quarter": 20051,
            "year": 2005,
            "quarter": 1,
            "eps": 0.29,
            "eps_growth_year": -58.57,
            "eps_4q": 1.35,
            "eps_4q_growth_year": -28.96,
            "roe": 1.89,
            "roe_4q": 9.53,
            "gross_profit": 271184,
            "gross_margin": 18.43,
            "gross_margin_4q_avg": 25.62,
            "net_income": 210411,
            "revenue": 1471399,
            "common_shares": 7176638,
            "book_valuer_per_share": 14.78,
            "book_valuer_per_share_4q_avg": 14.39,
            "equity": 10604122,
            "current_ratio": 268.78,
            "debt_ratio": 46.44,
            "inventory_turnover_ratio": 1.35,
            "account_receivable_turnover_ratio": null,
            "reinvestment_rate": 79.41,
            "research_to_sale_ratio": null,
            "price_fair": 59.55,
            "eps_avg_yearly": 1.7,
            "eps_latest_yearly": 1.16,
            "eps_growth_yearly": 1135.34
        },
        "20052": {
            "year_quarter": 20052,
            "year": 2005,
            "quarter": 2,
            "eps": -0.22,
            "eps_growth_year": -136.07,
            "eps_4q": 0.55,
            "eps_4q_growth_year": -74.1,
            "roe": -1.52,
            "roe_4q": 3.58,
            "gross_profit": -26327,
            "gross_margin": -2.81,
            "gross_margin_4q_avg": 15.64,
            "net_income": -156280,
            "revenue": 935502,
            "common_shares": 7176638,
            "book_valuer_per_share": 13.96,
            "book_valuer_per_share_4q_avg": 14.37,
            "equity": 10015589,
            "current_ratio": 99.32,
            "debt_ratio": 47.64,
            "inventory_turnover_ratio": 1.94,
            "account_receivable_turnover_ratio": null,
            "reinvestment_rate": 56.39,
            "research_to_sale_ratio": null,
            "price_fair": 59.55,
            "eps_avg_yearly": 1.7,
            "eps_latest_yearly": 1.16,
            "eps_growth_yearly": 1135.34
        },
        "20053": {
            "year_quarter": 20053,
            "year": 2005,
            "quarter": 3,
            "eps": -0.17,
            "eps_growth_year": -168,
            "eps_4q": 0.08,
            "eps_4q_growth_year": -96.59,
            "roe": -1.25,
            "roe_4q": 0.5499999999999998,
            "gross_profit": -28122,
            "gross_margin": -1.97,
            "gross_margin_4q_avg": 8.52,
            "net_income": -138109,
            "revenue": 1428125,
            "common_shares": 9276939,
            "book_valuer_per_share": 12.97,
            "book_valuer_per_share_4q_avg": 14.05,
            "equity": 12031944,
            "current_ratio": 115.42,
            "debt_ratio": 58.96,
            "inventory_turnover_ratio": 1.07,
            "account_receivable_turnover_ratio": null,
            "reinvestment_rate": 301.23,
            "research_to_sale_ratio": null,
            "price_fair": 59.55,
            "eps_avg_yearly": 1.7,
            "eps_latest_yearly": 1.16,
            "eps_growth_yearly": 1135.34
        },
        "20054": {
            "year_quarter": 20054,
            "year": 2005,
            "quarter": 4,
            "eps": -1.05,
            "eps_growth_year": -577.27,
            "eps_4q": -1.35,
            "eps_4q_growth_year": -180.61,
            "roe": -7.52,
            "roe_4q": -8.399999999999999,
            "gross_profit": -36046,
            "gross_margin": -1.71,
            "gross_margin_4q_avg": 2.99,
            "net_income": -881864,
            "revenue": 2112202,
            "common_shares": 9276939,
            "book_valuer_per_share": 11.89,
            "book_valuer_per_share_4q_avg": 13.4,
            "equity": 11407617,
            "current_ratio": 108.57,
            "debt_ratio": 61.9,
            "inventory_turnover_ratio": 0.93,
            "account_receivable_turnover_ratio": null,
            "reinvestment_rate": 501.9,
            "research_to_sale_ratio": null,
            "price_fair": 59.55,
            "eps_avg_yearly": 1.7,
            "eps_latest_yearly": 1.16,
            "eps_growth_yearly": 1135.34
        },
        "20061": {
            "year_quarter": 20061,
            "year": 2006,
            "quarter": 1,
            "eps": -0.72,
            "eps_growth_year": -348.28,
            "eps_4q": -2,
            "eps_4q_growth_year": -247.9,
            "roe": -6.07,
            "roe_4q": -16.36,
            "gross_profit": -224290,
            "gross_margin": -9.06,
            "gross_margin_4q_avg": -3.89,
            "net_income": -660656,
            "revenue": 2474702,
            "common_shares": 9276939,
            "book_valuer_per_share": 11.17,
            "book_valuer_per_share_4q_avg": 12.5,
            "equity": 10366283,
            "current_ratio": 106.44,
            "debt_ratio": 60.76,
            "inventory_turnover_ratio": 1.27,
            "account_receivable_turnover_ratio": null,
            "reinvestment_rate": 684.9,
            "research_to_sale_ratio": null,
            "price_fair": 62.53,
            "eps_avg_yearly": 1.79,
            "eps_latest_yearly": 1.16,
            "eps_growth_yearly": 1253.17
        },
        "20062": {
            "year_quarter": 20062,
            "year": 2006,
            "quarter": 2,
            "eps": -0.91,
            "eps_growth_year": null,
            "eps_4q": -2.71,
            "eps_4q_growth_year": -597.47,
            "roe": -8.4,
            "roe_4q": -23.240000000000002,
            "gross_profit": -299207,
            "gross_margin": -34.72,
            "gross_margin_4q_avg": -11.87,
            "net_income": -836162,
            "revenue": 861800,
            "common_shares": 9276939,
            "book_valuer_per_share": 10.29,
            "book_valuer_per_share_4q_avg": 11.58,
            "equity": 9546008,
            "current_ratio": 89.16,
            "debt_ratio": 53.68,
            "inventory_turnover_ratio": 0.57,
            "account_receivable_turnover_ratio": null,
            "reinvestment_rate": 5575.54,
            "research_to_sale_ratio": null,
            "price_fair": 63.89,
            "eps_avg_yearly": 1.83,
            "eps_latest_yearly": 1.16,
            "eps_growth_yearly": 1330.73
        },
        "20063": {
            "year_quarter": 20063,
            "year": 2006,
            "quarter": 3,
            "eps": -0.64,
            "eps_growth_year": null,
            "eps_4q": -3.19,
            "eps_4q_growth_year": -4157.58,
            "roe": -6.29,
            "roe_4q": -28.28,
            "gross_profit": -681523,
            "gross_margin": -38.28,
            "gross_margin_4q_avg": -20.94,
            "net_income": -582160,
            "revenue": 1780560,
            "common_shares": 9276939,
            "book_valuer_per_share": 9.67,
            "book_valuer_per_share_4q_avg": 10.76,
            "equity": 8967961,
            "current_ratio": 81.46,
            "debt_ratio": 54.72,
            "inventory_turnover_ratio": 1.25,
            "account_receivable_turnover_ratio": null,
            "reinvestment_rate": null,
            "research_to_sale_ratio": null,
            "price_fair": 64.68,
            "eps_avg_yearly": 1.85,
            "eps_latest_yearly": 1.16,
            "eps_growth_yearly": 1456.74
        },
        "20064": {
            "year_quarter": 20064,
            "year": 2006,
            "quarter": 4,
            "eps": 0.02,
            "eps_growth_year": null,
            "eps_4q": -2.33,
            "eps_4q_growth_year": null,
            "roe": 0.19,
            "roe_4q": -20.57,
            "gross_profit": -95773,
            "gross_margin": -3.67,
            "gross_margin_4q_avg": -21.43,
            "net_income": 17731,
            "revenue": 2607656,
            "common_shares": 9276939,
            "book_valuer_per_share": 9.67,
            "book_valuer_per_share_4q_avg": 10.2,
            "equity": 9246600,
            "current_ratio": 82.93,
            "debt_ratio": 53.75,
            "inventory_turnover_ratio": 1.76,
            "account_receivable_turnover_ratio": null,
            "reinvestment_rate": null,
            "research_to_sale_ratio": null,
            "price_fair": 54.76,
            "eps_avg_yearly": 1.56,
            "eps_latest_yearly": 1.16,
            "eps_growth_yearly": 1540.83
        },
        "20071": {
            "year_quarter": 20071,
            "year": 2007,
            "quarter": 1,
            "eps": -0.3,
            "eps_growth_year": null,
            "eps_4q": -1.86,
            "eps_4q_growth_year": null,
            "roe": -3,
            "roe_4q": -17.5,
            "gross_profit": -86586,
            "gross_margin": -3.86,
            "gross_margin_4q_avg": -20.13,
            "net_income": -269917,
            "revenue": 2242154,
            "common_shares": 9276939,
            "book_valuer_per_share": 9.41,
            "book_valuer_per_share_4q_avg": 9.76,
            "equity": 8730745,
            "current_ratio": 77.5,
            "debt_ratio": 49.64,
            "inventory_turnover_ratio": 1.9,
            "account_receivable_turnover_ratio": null,
            "reinvestment_rate": null,
            "research_to_sale_ratio": null,
            "price_fair": 59.68,
            "eps_avg_yearly": 1.71,
            "eps_latest_yearly": 1.16,
            "eps_growth_yearly": 1778.43
        },
        "20072": {
            "year_quarter": 20072,
            "year": 2007,
            "quarter": 2,
            "eps": -0.12,
            "eps_growth_year": null,
            "eps_4q": -1.02,
            "eps_4q_growth_year": null,
            "roe": -1.24,
            "roe_4q": -10.34,
            "gross_profit": 89153,
            "gross_margin": 3.44,
            "gross_margin_4q_avg": -10.59,
            "net_income": -108093,
            "revenue": 2593074,
            "common_shares": 9276939,
            "book_valuer_per_share": 9.31,
            "book_valuer_per_share_4q_avg": 9.52,
            "equity": 8636376,
            "current_ratio": 73.81,
            "debt_ratio": 47.34,
            "inventory_turnover_ratio": 2.54,
            "account_receivable_turnover_ratio": null,
            "reinvestment_rate": null,
            "research_to_sale_ratio": null,
            "price_fair": 64.6,
            "eps_avg_yearly": 1.85,
            "eps_latest_yearly": 1.16,
            "eps_growth_yearly": 1996.13
        },
        "20073": {
            "year_quarter": 20073,
            "year": 2007,
            "quarter": 3,
            "eps": 0.11,
            "eps_growth_year": null,
            "eps_4q": -0.27,
            "eps_4q_growth_year": null,
            "roe": 1.21,
            "roe_4q": -2.8400000000000003,
            "gross_profit": 357934,
            "gross_margin": 12.32,
            "gross_margin_4q_avg": 2.06,
            "net_income": 105155,
            "revenue": 2905439,
            "common_shares": 9276939,
            "book_valuer_per_share": 9.44,
            "book_valuer_per_share_4q_avg": 9.46,
            "equity": 8756998,
            "current_ratio": 86.1,
            "debt_ratio": 48.01,
            "inventory_turnover_ratio": 2.91,
            "account_receivable_turnover_ratio": null,
            "reinvestment_rate": null,
            "research_to_sale_ratio": null,
            "price_fair": 74.67,
            "eps_avg_yearly": 2.13,
            "eps_latest_yearly": 1.16,
            "eps_growth_yearly": 2384.37
        },
        "20074": {
            "year_quarter": 20074,
            "year": 2007,
            "quarter": 4,
            "eps": -2.72,
            "eps_growth_year": -13700,
            "eps_4q": -2.92,
            "eps_4q_growth_year": null,
            "roe": -32.58,
            "roe_4q": -35.61,
            "gross_profit": 659334,
            "gross_margin": 20.29,
            "gross_margin_4q_avg": 8.05,
            "net_income": -2487563,
            "revenue": 3249129,
            "common_shares": 9276939,
            "book_valuer_per_share": 6.76,
            "book_valuer_per_share_4q_avg": 8.73,
            "equity": 6511576,
            "current_ratio": 91.68,
            "debt_ratio": 57.66,
            "inventory_turnover_ratio": 3.49,
            "account_receivable_turnover_ratio": null,
            "reinvestment_rate": null,
            "research_to_sale_ratio": null,
            "price_fair": 4.97,
            "eps_avg_yearly": 1.66,
            "eps_latest_yearly": 1.16,
            "eps_growth_yearly": -72.09
        },
        "20081": {
            "year_quarter": 20081,
            "year": 2008,
            "quarter": 1,
            "eps": 0.68,
            "eps_growth_year": null,
            "eps_4q": -2.1,
            "eps_4q_growth_year": null,
            "roe": 8.81,
            "roe_4q": -23.799999999999994,
            "gross_profit": 961015,
            "gross_margin": 27.85,
            "gross_margin_4q_avg": 15.98,
            "net_income": 605170,
            "revenue": 3450466,
            "common_shares": 9276939,
            "book_valuer_per_share": 7.42,
            "book_valuer_per_share_4q_avg": 8.23,
            "equity": 7221490,
            "current_ratio": 104.03,
            "debt_ratio": 54,
            "inventory_turnover_ratio": 3.65,
            "account_receivable_turnover_ratio": null,
            "reinvestment_rate": null,
            "research_to_sale_ratio": null,
            "price_fair": 4.11,
            "eps_avg_yearly": 1.37,
            "eps_latest_yearly": 1.16,
            "eps_growth_yearly": -52.06
        },
        "20082": {
            "year_quarter": 20082,
            "year": 2008,
            "quarter": 2,
            "eps": 1.05,
            "eps_growth_year": null,
            "eps_4q": -1.99,
            "eps_4q_growth_year": null,
            "roe": 7.93,
            "roe_4q": -14.629999999999995,
            "gross_profit": 578778,
            "gross_margin": 35.49,
            "gross_margin_4q_avg": 23.99,
            "net_income": 596937,
            "revenue": 1630961,
            "common_shares": 9276939,
            "book_valuer_per_share": 8.11,
            "book_valuer_per_share_4q_avg": 7.93,
            "equity": 7835233,
            "current_ratio": 153.52,
            "debt_ratio": 45.25,
            "inventory_turnover_ratio": 1.49,
            "account_receivable_turnover_ratio": null,
            "reinvestment_rate": null,
            "research_to_sale_ratio": null,
            "price_fair": 45.64,
            "eps_avg_yearly": 1.81,
            "eps_latest_yearly": 4.2,
            "eps_growth_yearly": 15.21
        },
        "20083": {
            "year_quarter": 20083,
            "year": 2008,
            "quarter": 3,
            "eps": 0.08,
            "eps_growth_year": -27.27,
            "eps_4q": -5.8,
            "eps_4q_growth_year": null,
            "roe": 0.21,
            "roe_4q": -15.629999999999995,
            "gross_profit": 184716,
            "gross_margin": 9.77,
            "gross_margin_4q_avg": 23.35,
            "net_income": 16353,
            "revenue": 1890504,
            "common_shares": 6122780,
            "book_valuer_per_share": 12.4,
            "book_valuer_per_share_4q_avg": 8.67,
            "equity": 7929999,
            "current_ratio": 178.16,
            "debt_ratio": 40.09,
            "inventory_turnover_ratio": 2.36,
            "account_receivable_turnover_ratio": null,
            "reinvestment_rate": null,
            "research_to_sale_ratio": null,
            "price_fair": 4.92,
            "eps_avg_yearly": 1.64,
            "eps_latest_yearly": 0.32,
            "eps_growth_yearly": -18.15
        },
        "20084": {
            "year_quarter": 20084,
            "year": 2008,
            "quarter": 4,
            "eps": -1.39,
            "eps_growth_year": null,
            "eps_4q": 1.14,
            "eps_4q_growth_year": null,
            "roe": -12.37,
            "roe_4q": 4.580000000000002,
            "gross_profit": -486653,
            "gross_margin": -73.24,
            "gross_margin_4q_avg": -0.03,
            "net_income": -911021,
            "revenue": 664443,
            "common_shares": 6035739,
            "book_valuer_per_share": 11.24,
            "book_valuer_per_share_4q_avg": 9.79,
            "equity": 6798515,
            "current_ratio": 155.56,
            "debt_ratio": 41.43,
            "inventory_turnover_ratio": 2.01,
            "account_receivable_turnover_ratio": null,
            "reinvestment_rate": null,
            "research_to_sale_ratio": null,
            "price_fair": 5.68,
            "eps_avg_yearly": 1.89,
            "eps_latest_yearly": 0.32,
            "eps_growth_yearly": -8.2
        },
        "20091": {
            "year_quarter": 20091,
            "year": 2009,
            "quarter": 1,
            "eps": -1.26,
            "eps_growth_year": -285.29,
            "eps_4q": -1.52,
            "eps_4q_growth_year": null,
            "roe": -12.18,
            "roe_4q": -16.409999999999997,
            "gross_profit": -451284,
            "gross_margin": -109.48,
            "gross_margin_4q_avg": -34.37,
            "net_income": -781250,
            "revenue": 412210,
            "common_shares": 6035739,
            "book_valuer_per_share": 9.97,
            "book_valuer_per_share_4q_avg": 10.43,
            "equity": 6026366,
            "current_ratio": 147.66,
            "debt_ratio": 42.94,
            "inventory_turnover_ratio": 1.69,
            "account_receivable_turnover_ratio": null,
            "reinvestment_rate": null,
            "research_to_sale_ratio": null,
            "price_fair": 6.78,
            "eps_avg_yearly": 2.26,
            "eps_latest_yearly": 0.32,
            "eps_growth_yearly": -75.94
        },
        "20092": {
            "year_quarter": 20092,
            "year": 2009,
            "quarter": 2,
            "eps": -0.4,
            "eps_growth_year": -138.1,
            "eps_4q": -2.97,
            "eps_4q_growth_year": null,
            "roe": -4,
            "roe_4q": -28.339999999999996,
            "gross_profit": -105980,
            "gross_margin": -7.15,
            "gross_margin_4q_avg": -45.03,
            "net_income": -236214,
            "revenue": 1482948,
            "common_shares": 6035739,
            "book_valuer_per_share": 9.53,
            "book_valuer_per_share_4q_avg": 10.79,
            "equity": 5769975,
            "current_ratio": 138.68,
            "debt_ratio": 39.12,
            "inventory_turnover_ratio": 3.25,
            "account_receivable_turnover_ratio": 2.87,
            "reinvestment_rate": null,
            "research_to_sale_ratio": null,
            "price_fair": 6.78,
            "eps_avg_yearly": 2.26,
            "eps_latest_yearly": 0.32,
            "eps_growth_yearly": -75.94
        },
        "20093": {
            "year_quarter": 20093,
            "year": 2009,
            "quarter": 3,
            "eps": -0.29,
            "eps_growth_year": -462.5,
            "eps_4q": -3.37,
            "eps_4q_growth_year": null,
            "roe": -3.43,
            "roe_4q": -31.979999999999997,
            "gross_profit": -14682,
            "gross_margin": -1.02,
            "gross_margin_4q_avg": -47.72,
            "net_income": -194284,
            "revenue": 1442974,
            "common_shares": 6035739,
            "book_valuer_per_share": 9.19,
            "book_valuer_per_share_4q_avg": 9.98,
            "equity": 5571252,
            "current_ratio": 135.68,
            "debt_ratio": 39.99,
            "inventory_turnover_ratio": 3.29,
            "account_receivable_turnover_ratio": 1.25,
            "reinvestment_rate": null,
            "research_to_sale_ratio": null,
            "price_fair": 6.78,
            "eps_avg_yearly": 2.26,
            "eps_latest_yearly": 0.32,
            "eps_growth_yearly": -75.94
        },
        "20094": {
            "year_quarter": 20094,
            "year": 2009,
            "quarter": 4,
            "eps": -0.47,
            "eps_growth_year": null,
            "eps_4q": -2.17,
            "eps_4q_growth_year": -291.17,
            "roe": -4.56,
            "roe_4q": -24.17,
            "gross_profit": -83825,
            "gross_margin": -5.51,
            "gross_margin_4q_avg": -30.79,
            "net_income": -320442,
            "revenue": 1520826,
            "common_shares": 8435898,
            "book_valuer_per_share": 10.02,
            "book_valuer_per_share_4q_avg": 9.68,
            "equity": 8472133,
            "current_ratio": 200.66,
            "debt_ratio": 28.86,
            "inventory_turnover_ratio": 3.05,
            "account_receivable_turnover_ratio": 1.45,
            "reinvestment_rate": null,
            "research_to_sale_ratio": null,
            "price_fair": 6.78,
            "eps_avg_yearly": 2.26,
            "eps_latest_yearly": 0.32,
            "eps_growth_yearly": -75.94
        },
        "20101": {
            "year_quarter": 20101,
            "year": 2010,
            "quarter": 1,
            "eps": null,
            "eps_growth_year": null,
            "eps_4q": null,
            "eps_4q_growth_year": null,
            "roe": null,
            "roe_4q": -11.99,
            "gross_profit": -160532,
            "gross_margin": null,
            "gross_margin_4q_avg": -3.42,
            "net_income": -340507,
            "revenue": 1216071,
            "common_shares": 8606948,
            "book_valuer_per_share": 9.67,
            "book_valuer_per_share_4q_avg": 9.6,
            "equity": 8364402,
            "current_ratio": 491.95,
            "debt_ratio": 37.51,
            "inventory_turnover_ratio": null,
            "account_receivable_turnover_ratio": null,
            "reinvestment_rate": null,
            "research_to_sale_ratio": null,
            "price_fair": 6.78,
            "eps_avg_yearly": 2.26,
            "eps_latest_yearly": 0.32,
            "eps_growth_yearly": -75.94
        },
        "20102": {
            "year_quarter": 20102,
            "year": 2010,
            "quarter": 2,
            "eps": -0.25,
            "eps_growth_year": null,
            "eps_4q": -0.83,
            "eps_4q_growth_year": null,
            "roe": -2.63,
            "roe_4q": -10.62,
            "gross_profit": -14872,
            "gross_margin": -1.02,
            "gross_margin_4q_avg": -1.89,
            "net_income": -217502,
            "revenue": 1451909,
            "common_shares": 8710688,
            "book_valuer_per_share": 9.37,
            "book_valuer_per_share_4q_avg": 9.56,
            "equity": 8203152,
            "current_ratio": 537.13,
            "debt_ratio": 36.84,
            "inventory_turnover_ratio": 3.44,
            "account_receivable_turnover_ratio": 2.54,
            "reinvestment_rate": null,
            "research_to_sale_ratio": null,
            "price_fair": 6.78,
            "eps_avg_yearly": 2.26,
            "eps_latest_yearly": 0.32,
            "eps_growth_yearly": -75.94
        },
        "20103": {
            "year_quarter": 20103,
            "year": 2010,
            "quarter": 3,
            "eps": 0.26,
            "eps_growth_year": null,
            "eps_4q": -0.35,
            "eps_4q_growth_year": null,
            "roe": 2.81,
            "roe_4q": -4.379999999999999,
            "gross_profit": 354264,
            "gross_margin": 21.12,
            "gross_margin_4q_avg": 3.65,
            "net_income": 233411,
            "revenue": 1677611,
            "common_shares": 8785138,
            "book_valuer_per_share": 9.55,
            "book_valuer_per_share_4q_avg": 9.65,
            "equity": 8417466,
            "current_ratio": 447.44,
            "debt_ratio": 38.12,
            "inventory_turnover_ratio": 3.11,
            "account_receivable_turnover_ratio": 1.37,
            "reinvestment_rate": null,
            "research_to_sale_ratio": 3.07,
            "price_fair": 6.78,
            "eps_avg_yearly": 2.26,
            "eps_latest_yearly": 0.32,
            "eps_growth_yearly": -75.94
        },
        "20104": {
            "year_quarter": 20104,
            "year": 2010,
            "quarter": 4,
            "eps": 0.06,
            "eps_growth_year": null,
            "eps_4q": 0.08,
            "eps_4q_growth_year": null,
            "roe": 0.64,
            "roe_4q": 0.8200000000000003,
            "gross_profit": 265907,
            "gross_margin": 15.26,
            "gross_margin_4q_avg": 8.84,
            "net_income": 54332,
            "revenue": 1742424,
            "common_shares": 8785878,
            "book_valuer_per_share": 9.57,
            "book_valuer_per_share_4q_avg": 9.54,
            "equity": 8433504,
            "current_ratio": 391.62,
            "debt_ratio": 39.36,
            "inventory_turnover_ratio": 3.56,
            "account_receivable_turnover_ratio": 1.55,
            "reinvestment_rate": null,
            "research_to_sale_ratio": 4.29,
            "price_fair": 4.76,
            "eps_avg_yearly": 1.59,
            "eps_latest_yearly": 0.24,
            "eps_growth_yearly": -153.19
        },
        "20111": {
            "year_quarter": 20111,
            "year": 2011,
            "quarter": 1,
            "eps": -0.09,
            "eps_growth_year": null,
            "eps_4q": -0.01,
            "eps_4q_growth_year": null,
            "roe": -0.94,
            "roe_4q": -0.11999999999999966,
            "gross_profit": 88192,
            "gross_margin": 7.11,
            "gross_margin_4q_avg": 10.62,
            "net_income": -79420,
            "revenue": 1240882,
            "common_shares": 8812708,
            "book_valuer_per_share": 9.62,
            "book_valuer_per_share_4q_avg": 9.53,
            "equity": 8502740,
            "current_ratio": 268.05,
            "debt_ratio": 43.34,
            "inventory_turnover_ratio": 1.63,
            "account_receivable_turnover_ratio": 1.38,
            "reinvestment_rate": null,
            "research_to_sale_ratio": 3.36,
            "price_fair": 4.76,
            "eps_avg_yearly": 1.59,
            "eps_latest_yearly": 0.24,
            "eps_growth_yearly": -153.19
        },
        "20112": {
            "year_quarter": 20112,
            "year": 2011,
            "quarter": 2,
            "eps": -0.34,
            "eps_growth_year": null,
            "eps_4q": -0.1,
            "eps_4q_growth_year": null,
            "roe": -3.59,
            "roe_4q": -1.0799999999999992,
            "gross_profit": 210281,
            "gross_margin": 8.55,
            "gross_margin_4q_avg": 13.01,
            "net_income": -299536,
            "revenue": 2458348,
            "common_shares": 8839508,
            "book_valuer_per_share": 9.22,
            "book_valuer_per_share_4q_avg": 9.49,
            "equity": 8172568,
            "current_ratio": 170.86,
            "debt_ratio": 54.66,
            "inventory_turnover_ratio": 2.16,
            "account_receivable_turnover_ratio": 1.96,
            "reinvestment_rate": null,
            "research_to_sale_ratio": 12.41,
            "price_fair": 4.76,
            "eps_avg_yearly": 1.59,
            "eps_latest_yearly": 0.24,
            "eps_growth_yearly": -153.19
        },
        "20113": {
            "year_quarter": 20113,
            "year": 2011,
            "quarter": 3,
            "eps": -0.12,
            "eps_growth_year": -147.07,
            "eps_4q": -0.49,
            "eps_4q_growth_year": null,
            "roe": -1.35,
            "roe_4q": -5.239999999999999,
            "gross_profit": -112709,
            "gross_margin": -6.55,
            "gross_margin_4q_avg": 6.09,
            "net_income": -109885,
            "revenue": 1721624,
            "common_shares": 8839508,
            "book_valuer_per_share": 9.15,
            "book_valuer_per_share_4q_avg": 9.39,
            "equity": 8110254,
            "current_ratio": 159.05,
            "debt_ratio": 64.78,
            "inventory_turnover_ratio": 1.54,
            "account_receivable_turnover_ratio": 1.28,
            "reinvestment_rate": null,
            "research_to_sale_ratio": 9.56,
            "price_fair": 4.76,
            "eps_avg_yearly": 1.59,
            "eps_latest_yearly": 0.24,
            "eps_growth_yearly": -153.19
        },
        "20114": {
            "year_quarter": 20114,
            "year": 2011,
            "quarter": 4,
            "eps": -1.43,
            "eps_growth_year": -2374.99,
            "eps_4q": -1.98,
            "eps_4q_growth_year": -2654.36,
            "roe": -16.95,
            "roe_4q": -22.830000000000002,
            "gross_profit": -931557,
            "gross_margin": -301.43,
            "gross_margin_4q_avg": -73.08,
            "net_income": -1267101,
            "revenue": 309042,
            "common_shares": 8839508,
            "book_valuer_per_share": 7.71,
            "book_valuer_per_share_4q_avg": 8.93,
            "equity": 6840976,
            "current_ratio": 91.34,
            "debt_ratio": 70.22,
            "inventory_turnover_ratio": 1.08,
            "account_receivable_turnover_ratio": 0.44,
            "reinvestment_rate": null,
            "research_to_sale_ratio": 20.79,
            "price_fair": 4.76,
            "eps_avg_yearly": 1.59,
            "eps_latest_yearly": 0.24,
            "eps_growth_yearly": -153.19
        },
        "20121": {
            "year_quarter": 20121,
            "year": 2012,
            "quarter": 1,
            "eps": -0.72,
            "eps_growth_year": null,
            "eps_4q": -2.61,
            "eps_4q_growth_year": null,
            "roe": -9.75,
            "roe_4q": -31.64,
            "gross_profit": -474775,
            "gross_margin": -94.63,
            "gross_margin_4q_avg": -98.52,
            "net_income": -635460,
            "revenue": 501699,
            "common_shares": 8839508,
            "book_valuer_per_share": 6.99,
            "book_valuer_per_share_4q_avg": 8.27,
            "equity": 6199076,
            "current_ratio": 99.86,
            "debt_ratio": 73.88,
            "inventory_turnover_ratio": 1.02,
            "account_receivable_turnover_ratio": 1.8,
            "reinvestment_rate": null,
            "research_to_sale_ratio": 5.46,
            "price_fair": 4.76,
            "eps_avg_yearly": 1.59,
            "eps_latest_yearly": 0.24,
            "eps_growth_yearly": -153.19
        },
        "20122": {
            "year_quarter": 20122,
            "year": 2012,
            "quarter": 2,
            "eps": -0.94,
            "eps_growth_year": null,
            "eps_4q": -3.21,
            "eps_4q_growth_year": null,
            "roe": -14.41,
            "roe_4q": -42.46,
            "gross_profit": -534816,
            "gross_margin": -73.81,
            "gross_margin_4q_avg": -119.11,
            "net_income": -833326,
            "revenue": 724587,
            "common_shares": 8839508,
            "book_valuer_per_share": 6.05,
            "book_valuer_per_share_4q_avg": 7.48,
            "equity": 5369681,
            "current_ratio": 68.35,
            "debt_ratio": 78.28,
            "inventory_turnover_ratio": 1.29,
            "account_receivable_turnover_ratio": 2.21,
            "reinvestment_rate": null,
            "research_to_sale_ratio": 9.86,
            "price_fair": 0.84,
            "eps_avg_yearly": 0.28,
            "eps_latest_yearly": 0.24,
            "eps_growth_yearly": -338.61
        },
        "20123": {
            "year_quarter": 20123,
            "year": 2012,
            "quarter": 3,
            "eps": -0.61,
            "eps_growth_year": null,
            "eps_4q": -3.7,
            "eps_4q_growth_year": null,
            "roe": -10.55,
            "roe_4q": -51.66,
            "gross_profit": -241907,
            "gross_margin": -16.1,
            "gross_margin_4q_avg": -121.49,
            "net_income": -538147,
            "revenue": 1502835,
            "common_shares": 8839508,
            "book_valuer_per_share": 5.45,
            "book_valuer_per_share_4q_avg": 6.55,
            "equity": 4830347,
            "current_ratio": 48.84,
            "debt_ratio": 80.53,
            "inventory_turnover_ratio": 1.62,
            "account_receivable_turnover_ratio": 2.62,
            "reinvestment_rate": null,
            "research_to_sale_ratio": 3.39,
            "price_fair": 0.72,
            "eps_avg_yearly": 0.24,
            "eps_latest_yearly": 0.24,
            "eps_growth_yearly": -307.69
        },
        "20124": {
            "year_quarter": 20124,
            "year": 2012,
            "quarter": 4,
            "eps": -0.32,
            "eps_growth_year": null,
            "eps_4q": -2.59,
            "eps_4q_growth_year": null,
            "roe": -6.15,
            "roe_4q": -40.86,
            "gross_profit": -25198,
            "gross_margin": -0.96,
            "gross_margin_4q_avg": -46.38,
            "net_income": -288214,
            "revenue": 2632512,
            "common_shares": 8839508,
            "book_valuer_per_share": 5.12,
            "book_valuer_per_share_4q_avg": 5.9,
            "equity": 4543156,
            "current_ratio": 43.27,
            "debt_ratio": 81.81,
            "inventory_turnover_ratio": 2.7,
            "account_receivable_turnover_ratio": 3.05,
            "reinvestment_rate": null,
            "research_to_sale_ratio": 2.23,
            "price_fair": 0.72,
            "eps_avg_yearly": 0.24,
            "eps_latest_yearly": 0.24,
            "eps_growth_yearly": -307.69
        },
        "20131": {
            "year_quarter": 20131,
            "year": 2013,
            "quarter": 1,
            "eps": 0.08,
            "eps_growth_year": null,
            "eps_4q": -1.79,
            "eps_4q_growth_year": null,
            "roe": 1.54,
            "roe_4q": -29.57,
            "gross_profit": 323628,
            "gross_margin": 12.65,
            "gross_margin_4q_avg": -19.56,
            "net_income": 70454,
            "revenue": 2558802,
            "common_shares": 8839508,
            "book_valuer_per_share": 5.18,
            "book_valuer_per_share_4q_avg": 5.45,
            "equity": 4597905,
            "current_ratio": 44.72,
            "debt_ratio": 81.6,
            "inventory_turnover_ratio": 2.66,
            "account_receivable_turnover_ratio": 2.01,
            "reinvestment_rate": null,
            "research_to_sale_ratio": 1.73,
            "price_fair": 0.72,
            "eps_avg_yearly": 0.24,
            "eps_latest_yearly": 0.24,
            "eps_growth_yearly": -307.69
        },
        "20132": {
            "year_quarter": 20132,
            "year": 2013,
            "quarter": 2,
            "eps": 0.4,
            "eps_growth_year": null,
            "eps_4q": -0.45,
            "eps_4q_growth_year": null,
            "roe": 7.46,
            "roe_4q": -7.700000000000001,
            "gross_profit": 718844,
            "gross_margin": 22.19,
            "gross_margin_4q_avg": 4.45,
            "net_income": 356788,
            "revenue": 3238983,
            "common_shares": 8839508,
            "book_valuer_per_share": 5.6,
            "book_valuer_per_share_4q_avg": 5.34,
            "equity": 4961128,
            "current_ratio": 49.82,
            "debt_ratio": 80.22,
            "inventory_turnover_ratio": 3.06,
            "account_receivable_turnover_ratio": 1.91,
            "reinvestment_rate": null,
            "research_to_sale_ratio": 0.8,
            "price_fair": 32.2,
            "eps_avg_yearly": 0.92,
            "eps_latest_yearly": 1.6,
            "eps_growth_yearly": 646.15
        },
        "20133": {
            "year_quarter": 20133,
            "year": 2013,
            "quarter": 3,
            "eps": 0.31,
            "eps_growth_year": null,
            "eps_4q": 0.47,
            "eps_4q_growth_year": null,
            "roe": 5.27,
            "roe_4q": 8.12,
            "gross_profit": 520352,
            "gross_margin": 24.79,
            "gross_margin_4q_avg": 14.67,
            "net_income": 268722,
            "revenue": 2098707,
            "common_shares": 8839508,
            "book_valuer_per_share": 5.9,
            "book_valuer_per_share_4q_avg": 5.45,
            "equity": 5228733,
            "current_ratio": 49.34,
            "debt_ratio": 78.94,
            "inventory_turnover_ratio": 2.26,
            "account_receivable_turnover_ratio": 1.33,
            "reinvestment_rate": null,
            "research_to_sale_ratio": 1.35,
            "price_fair": 35.93,
            "eps_avg_yearly": 1.03,
            "eps_latest_yearly": 1.24,
            "eps_growth_yearly": 400.77
        },
        "20134": {
            "year_quarter": 20134,
            "year": 2013,
            "quarter": 4,
            "eps": -0.44,
            "eps_growth_year": null,
            "eps_4q": 0.35,
            "eps_4q_growth_year": null,
            "roe": -7.69,
            "roe_4q": 6.579999999999999,
            "gross_profit": 603935,
            "gross_margin": -21.99,
            "gross_margin_4q_avg": 9.41,
            "net_income": -386625,
            "revenue": -2745914,
            "common_shares": 8839508,
            "book_valuer_per_share": 5.45,
            "book_valuer_per_share_4q_avg": 5.53,
            "equity": 4821009,
            "current_ratio": 87.38,
            "debt_ratio": 79.75,
            "inventory_turnover_ratio": -6.2,
            "account_receivable_turnover_ratio": -2.63,
            "reinvestment_rate": null,
            "research_to_sale_ratio": 3.53,
            "price_fair": 35.93,
            "eps_avg_yearly": 1.03,
            "eps_latest_yearly": 1.24,
            "eps_growth_yearly": 400.77
        },
        "20141": {
            "year_quarter": 20141,
            "year": 2014,
            "quarter": 1,
            "eps": 0.34,
            "eps_growth_year": 325,
            "eps_4q": 0.61,
            "eps_4q_growth_year": null,
            "roe": 6.03,
            "roe_4q": 11.07,
            "gross_profit": 305384,
            "gross_margin": 35.8,
            "gross_margin_4q_avg": 15.2,
            "net_income": 300161,
            "revenue": 852977,
            "common_shares": 8839508,
            "book_valuer_per_share": 5.81,
            "book_valuer_per_share_4q_avg": 5.69,
            "equity": 5132769,
            "current_ratio": 69.34,
            "debt_ratio": 71.28,
            "inventory_turnover_ratio": 1.29,
            "account_receivable_turnover_ratio": 1.3,
            "reinvestment_rate": null,
            "research_to_sale_ratio": 1.82,
            "price_fair": 35.93,
            "eps_avg_yearly": 1.03,
            "eps_latest_yearly": 1.24,
            "eps_growth_yearly": 400.77
        },
        "20142": {
            "year_quarter": 20142,
            "year": 2014,
            "quarter": 2,
            "eps": 0.17,
            "eps_growth_year": -57.5,
            "eps_4q": 0.38,
            "eps_4q_growth_year": null,
            "roe": 2.87,
            "roe_4q": 6.4799999999999995,
            "gross_profit": 382625,
            "gross_margin": 31.69,
            "gross_margin_4q_avg": 17.57,
            "net_income": 149287,
            "revenue": 1207248,
            "common_shares": 8839508,
            "book_valuer_per_share": 5.98,
            "book_valuer_per_share_4q_avg": 5.79,
            "equity": 5287681,
            "current_ratio": 63.76,
            "debt_ratio": 69.85,
            "inventory_turnover_ratio": 2.07,
            "account_receivable_turnover_ratio": 2.65,
            "reinvestment_rate": null,
            "research_to_sale_ratio": 0.67,
            "price_fair": 32.9,
            "eps_avg_yearly": 0.94,
            "eps_latest_yearly": 0.68,
            "eps_growth_yearly": 250.58
        },
        "20143": {
            "year_quarter": 20143,
            "year": 2014,
            "quarter": 3,
            "eps": 0.1,
            "eps_growth_year": -67.74,
            "eps_4q": 0.15,
            "eps_4q_growth_year": -68.39,
            "roe": 1.72,
            "roe_4q": 2.9300000000000006,
            "gross_profit": 210272,
            "gross_margin": 18.63,
            "gross_margin_4q_avg": 16.03,
            "net_income": 108698,
            "revenue": 1128518,
            "common_shares": 11656408,
            "book_valuer_per_share": 6.34,
            "book_valuer_per_share_4q_avg": 5.9,
            "equity": 7386128,
            "current_ratio": 88.12,
            "debt_ratio": 59.16,
            "inventory_turnover_ratio": 2.62,
            "account_receivable_turnover_ratio": 2.22,
            "reinvestment_rate": null,
            "research_to_sale_ratio": 0.35,
            "price_fair": 29.12,
            "eps_avg_yearly": 0.83,
            "eps_latest_yearly": 0.4,
            "eps_growth_yearly": 167.52
        },
        "20144": {
            "year_quarter": 20144,
            "year": 2014,
            "quarter": 4,
            "eps": 0.02,
            "eps_growth_year": null,
            "eps_4q": 0.5,
            "eps_4q_growth_year": 40.67,
            "roe": 0.27,
            "roe_4q": 10.89,
            "gross_profit": 267327,
            "gross_margin": 20.82,
            "gross_margin_4q_avg": 26.74,
            "net_income": 19820,
            "revenue": 1283921,
            "common_shares": 11656408,
            "book_valuer_per_share": 6.37,
            "book_valuer_per_share_4q_avg": 6.13,
            "equity": 7428207,
            "current_ratio": 82.58,
            "debt_ratio": 56.79,
            "inventory_turnover_ratio": 3.58,
            "account_receivable_turnover_ratio": 2.22,
            "reinvestment_rate": null,
            "research_to_sale_ratio": -0.38,
            "price_fair": 28,
            "eps_avg_yearly": 0.8,
            "eps_latest_yearly": 0.08,
            "eps_growth_yearly": 165.06
        },
        "20151": {
            "year_quarter": 20151,
            "year": 2015,
            "quarter": 1,
            "eps": 0.12,
            "eps_growth_year": -64.71,
            "eps_4q": 0.36,
            "eps_4q_growth_year": -41.82,
            "roe": 1.83,
            "roe_4q": 6.69,
            "gross_profit": 252469,
            "gross_margin": 19.05,
            "gross_margin_4q_avg": 22.55,
            "net_income": 136922,
            "revenue": 1325626,
            "common_shares": 11656408,
            "book_valuer_per_share": 6.49,
            "book_valuer_per_share_4q_avg": 6.3,
            "equity": 7562174,
            "current_ratio": 77.21,
            "debt_ratio": 54.02,
            "inventory_turnover_ratio": 3.73,
            "account_receivable_turnover_ratio": 2.65,
            "reinvestment_rate": null,
            "research_to_sale_ratio": 0.04,
            "price_fair": 26.13,
            "eps_avg_yearly": 0.75,
            "eps_latest_yearly": 0.48,
            "eps_growth_yearly": 470.88
        },
        "20152": {
            "year_quarter": 20152,
            "year": 2015,
            "quarter": 2,
            "eps": -0.09,
            "eps_growth_year": -152.94,
            "eps_4q": 0.14,
            "eps_4q_growth_year": -63.85,
            "roe": -1.43,
            "roe_4q": 2.39,
            "gross_profit": 35043,
            "gross_margin": 4.35,
            "gross_margin_4q_avg": 15.71,
            "net_income": -107156,
            "revenue": 805329,
            "common_shares": 11656408,
            "book_valuer_per_share": 6.39,
            "book_valuer_per_share_4q_avg": 6.4,
            "equity": 7450837,
            "current_ratio": 44.78,
            "debt_ratio": 50.4,
            "inventory_turnover_ratio": 3.31,
            "account_receivable_turnover_ratio": 1.96,
            "reinvestment_rate": null,
            "research_to_sale_ratio": 0.85,
            "price_fair": 26.13,
            "eps_avg_yearly": 0.75,
            "eps_latest_yearly": 0.48,
            "eps_growth_yearly": 470.88
        },
        "20153": {
            "year_quarter": 20153,
            "year": 2015,
            "quarter": 3,
            "eps": 0.24,
            "eps_growth_year": 140,
            "eps_4q": 0.32,
            "eps_4q_growth_year": 114.64,
            "roe": 2.43,
            "roe_4q": 3.1,
            "gross_profit": 238489,
            "gross_margin": 23.32,
            "gross_margin_4q_avg": 16.89,
            "net_income": 183263,
            "revenue": 1022897,
            "common_shares": 7369485,
            "book_valuer_per_share": 10.35,
            "book_valuer_per_share_4q_avg": 7.4,
            "equity": 7630727,
            "current_ratio": 54.29,
            "debt_ratio": 52.92,
            "inventory_turnover_ratio": 4.08,
            "account_receivable_turnover_ratio": 2.53,
            "reinvestment_rate": null,
            "research_to_sale_ratio": 0.75,
            "price_fair": 26.13,
            "eps_avg_yearly": 0.75,
            "eps_latest_yearly": 0.48,
            "eps_growth_yearly": 470.88
        },
        "20154": {
            "year_quarter": 20154,
            "year": 2015,
            "quarter": 4,
            "eps": -0.12,
            "eps_growth_year": -810.59,
            "eps_4q": 0.17,
            "eps_4q_growth_year": -66.07,
            "roe": -1.17,
            "roe_4q": 1.6600000000000004,
            "gross_profit": 206314,
            "gross_margin": 20.53,
            "gross_margin_4q_avg": 16.81,
            "net_income": -89045,
            "revenue": 1004853,
            "common_shares": 7369485,
            "book_valuer_per_share": 10.23,
            "book_valuer_per_share_4q_avg": 8.37,
            "equity": 7541301,
            "current_ratio": 53.84,
            "debt_ratio": 50.66,
            "inventory_turnover_ratio": 3.89,
            "account_receivable_turnover_ratio": 2.28,
            "reinvestment_rate": null,
            "research_to_sale_ratio": 1.34,
            "price_fair": 26.13,
            "eps_avg_yearly": 0.75,
            "eps_latest_yearly": 0.48,
            "eps_growth_yearly": 470.88
        },
        "20161": {
            "year_quarter": 20161,
            "year": 2016,
            "quarter": 1,
            "eps": -0.56,
            "eps_growth_year": -566.67,
            "eps_4q": -0.58,
            "eps_4q_growth_year": -262.84,
            "roe": -5.64,
            "roe_4q": -5.809999999999999,
            "gross_profit": -258082,
            "gross_margin": -46.13,
            "gross_margin_4q_avg": 0.52,
            "net_income": -414018,
            "revenue": 559518,
            "common_shares": 7369485,
            "book_valuer_per_share": 9.67,
            "book_valuer_per_share_4q_avg": 9.16,
            "equity": 7128315,
            "current_ratio": 52.33,
            "debt_ratio": 49.17,
            "inventory_turnover_ratio": 6.7,
            "account_receivable_turnover_ratio": 2.21,
            "reinvestment_rate": null,
            "research_to_sale_ratio": 0.11,
            "price_fair": 26.13,
            "eps_avg_yearly": 0.75,
            "eps_latest_yearly": 0.48,
            "eps_growth_yearly": 470.88
        },
        "20162": {
            "year_quarter": 20162,
            "year": 2016,
            "quarter": 2,
            "eps": -0.86,
            "eps_growth_year": null,
            "eps_4q": -1.29,
            "eps_4q_growth_year": -1050.67,
            "roe": -9.27,
            "roe_4q": -13.649999999999999,
            "gross_profit": -500750,
            "gross_margin": -118.6,
            "gross_margin_4q_avg": -30.22,
            "net_income": -631545,
            "revenue": 422205,
            "common_shares": 7369485,
            "book_valuer_per_share": 8.82,
            "book_valuer_per_share_4q_avg": 9.77,
            "equity": 6498833,
            "current_ratio": 46.07,
            "debt_ratio": 51.49,
            "inventory_turnover_ratio": 10.18,
            "account_receivable_turnover_ratio": 2.2,
            "reinvestment_rate": null,
            "research_to_sale_ratio": 1.3,
            "price_fair": 26.13,
            "eps_avg_yearly": 0.75,
            "eps_latest_yearly": 0.48,
            "eps_growth_yearly": 470.88
        },
        "20163": {
            "year_quarter": 20163,
            "year": 2016,
            "quarter": 3,
            "eps": 0.27,
            "eps_growth_year": 12.5,
            "eps_4q": -1.27,
            "eps_4q_growth_year": -501.28,
            "roe": 2.96,
            "roe_4q": -13.12,
            "gross_profit": 383895,
            "gross_margin": 46.09,
            "gross_margin_4q_avg": -24.53,
            "net_income": 199056,
            "revenue": 832945,
            "common_shares": 7369485,
            "book_valuer_per_share": 9.1,
            "book_valuer_per_share_4q_avg": 9.46,
            "equity": 6958348,
            "current_ratio": 38.58,
            "debt_ratio": 52.51,
            "inventory_turnover_ratio": 3.38,
            "account_receivable_turnover_ratio": 2.58,
            "reinvestment_rate": null,
            "research_to_sale_ratio": 0.78,
            "price_fair": 26.13,
            "eps_avg_yearly": 0.75,
            "eps_latest_yearly": 0.48,
            "eps_growth_yearly": 470.88
        },
        "20164": {
            "year_quarter": 20164,
            "year": 2016,
            "quarter": 4,
            "eps": 0.48,
            "eps_growth_year": null,
            "eps_4q": -0.67,
            "eps_4q_growth_year": -497.89,
            "roe": 5,
            "roe_4q": -6.949999999999999,
            "gross_profit": 227907,
            "gross_margin": 24.83,
            "gross_margin_4q_avg": -23.45,
            "net_income": 351555,
            "revenue": 917866,
            "common_shares": 7369485,
            "book_valuer_per_share": 9.58,
            "book_valuer_per_share_4q_avg": 9.29,
            "equity": 7101077,
            "current_ratio": 61.59,
            "debt_ratio": 60.78,
            "inventory_turnover_ratio": 5.61,
            "account_receivable_turnover_ratio": 3,
            "reinvestment_rate": -2072.43,
            "research_to_sale_ratio": 1.1,
            "price_fair": 32,
            "eps_avg_yearly": 0.91,
            "eps_latest_yearly": 1.92,
            "eps_growth_yearly": 448.06
        },
        "20171": {
            "year_quarter": 20171,
            "year": 2017,
            "quarter": 1,
            "eps": 0.07,
            "eps_growth_year": null,
            "eps_4q": -0.03,
            "eps_4q_growth_year": null,
            "roe": 0.76,
            "roe_4q": -0.5500000000000007,
            "gross_profit": 214991,
            "gross_margin": 26.22,
            "gross_margin_4q_avg": -5.37,
            "net_income": 53682,
            "revenue": 820068,
            "common_shares": 7369485,
            "book_valuer_per_share": 9.65,
            "book_valuer_per_share_4q_avg": 9.29,
            "equity": 7112756,
            "current_ratio": 60.29,
            "debt_ratio": 60.17,
            "inventory_turnover_ratio": 4.97,
            "account_receivable_turnover_ratio": 3.25,
            "reinvestment_rate": -2113.19,
            "research_to_sale_ratio": 0.89,
            "price_fair": 29.23,
            "eps_avg_yearly": 0.84,
            "eps_latest_yearly": 0.28,
            "eps_growth_yearly": 349.34
        },
        "20172": {
            "year_quarter": 20172,
            "year": 2017,
            "quarter": 2,
            "eps": 0.02,
            "eps_growth_year": null,
            "eps_4q": 0.84,
            "eps_4q_growth_year": null,
            "roe": 0.16,
            "roe_4q": 8.879999999999999,
            "gross_profit": 142628,
            "gross_margin": 20.25,
            "gross_margin_4q_avg": 29.35,
            "net_income": 11694,
            "revenue": 704313,
            "common_shares": 7369485,
            "book_valuer_per_share": 9.67,
            "book_valuer_per_share_4q_avg": 9.5,
            "equity": 7126624,
            "current_ratio": 46.41,
            "debt_ratio": 60.63,
            "inventory_turnover_ratio": 3.15,
            "account_receivable_turnover_ratio": 2.75,
            "reinvestment_rate": -6275.37,
            "research_to_sale_ratio": 1.18,
            "price_fair": 22.58,
            "eps_avg_yearly": 0.65,
            "eps_latest_yearly": 0.08,
            "eps_growth_yearly": 113.63
        },
        "20173": {
            "year_quarter": 20173,
            "year": 2017,
            "quarter": 3,
            "eps": -0.21,
            "eps_growth_year": -177.78,
            "eps_4q": 0.36,
            "eps_4q_growth_year": null,
            "roe": -2.17,
            "roe_4q": 3.75,
            "gross_profit": 3686,
            "gross_margin": 0.55,
            "gross_margin_4q_avg": 17.96,
            "net_income": -153225,
            "revenue": 667692,
            "common_shares": 7369485,
            "book_valuer_per_share": 9.47,
            "book_valuer_per_share_4q_avg": 9.59,
            "equity": 6981817,
            "current_ratio": 73.3,
            "debt_ratio": 61.22,
            "inventory_turnover_ratio": 3.55,
            "account_receivable_turnover_ratio": 2.59,
            "reinvestment_rate": null,
            "research_to_sale_ratio": 1.24,
            "price_fair": 19.6,
            "eps_avg_yearly": 0.56,
            "eps_latest_yearly": 0.08,
            "eps_growth_yearly": 142.72
        },
        "20174": {
            "year_quarter": 20174,
            "year": 2017,
            "quarter": 4,
            "eps": 0.31,
            "eps_growth_year": -34.91,
            "eps_4q": 0.19,
            "eps_4q_growth_year": null,
            "roe": 3.23,
            "roe_4q": 1.98,
            "gross_profit": -2530,
            "gross_margin": -0.48,
            "gross_margin_4q_avg": 11.64,
            "net_income": 229144,
            "revenue": 525849,
            "common_shares": 7369485,
            "book_valuer_per_share": 9.77,
            "book_valuer_per_share_4q_avg": 9.64,
            "equity": 7203562,
            "current_ratio": 63.8,
            "debt_ratio": 58.94,
            "inventory_turnover_ratio": 2.7,
            "account_receivable_turnover_ratio": 2.05,
            "reinvestment_rate": -1096.13,
            "research_to_sale_ratio": 1.94,
            "price_fair": 19.6,
            "eps_avg_yearly": 0.56,
            "eps_latest_yearly": 0.08,
            "eps_growth_yearly": 142.72
        },
        "20181": {
            "year_quarter": 20181,
            "year": 2018,
            "quarter": 1,
            "eps": -0.13,
            "eps_growth_year": -285.71,
            "eps_4q": -0.01,
            "eps_4q_growth_year": null,
            "roe": -1.35,
            "roe_4q": -0.13000000000000003,
            "gross_profit": 65384,
            "gross_margin": 9.45,
            "gross_margin_4q_avg": 7.44,
            "net_income": -96773,
            "revenue": 691822,
            "common_shares": 7369485,
            "book_valuer_per_share": 9.67,
            "book_valuer_per_share_4q_avg": 9.65,
            "equity": 7127968,
            "current_ratio": 48.75,
            "debt_ratio": 57.47,
            "inventory_turnover_ratio": 2.74,
            "account_receivable_turnover_ratio": 3.23,
            "reinvestment_rate": null,
            "research_to_sale_ratio": 1.22,
            "price_fair": 19.6,
            "eps_avg_yearly": 0.56,
            "eps_latest_yearly": 0.08,
            "eps_growth_yearly": 142.72
        },
        "20182": {
            "year_quarter": 20182,
            "year": 2018,
            "quarter": 2,
            "eps": 0.21,
            "eps_growth_year": 950,
            "eps_4q": 0.18,
            "eps_4q_growth_year": -78.42,
            "roe": 2.08,
            "roe_4q": 1.79,
            "gross_profit": 222480,
            "gross_margin": 27.79,
            "gross_margin_4q_avg": 9.33,
            "net_income": 152666,
            "revenue": 800584,
            "common_shares": 7369485,
            "book_valuer_per_share": 9.88,
            "book_valuer_per_share_4q_avg": 9.7,
            "equity": 7580634,
            "current_ratio": 87.45,
            "debt_ratio": 56.54,
            "inventory_turnover_ratio": 2.87,
            "account_receivable_turnover_ratio": 3,
            "reinvestment_rate": null,
            "research_to_sale_ratio": 0.63,
            "price_fair": 18.9,
            "eps_avg_yearly": 0.54,
            "eps_latest_yearly": 0.08,
            "eps_growth_yearly": 199.84
        },
        "20183": {
            "year_quarter": 20183,
            "year": 2018,
            "quarter": 3,
            "eps": 0.21,
            "eps_growth_year": null,
            "eps_4q": 0.6,
            "eps_4q_growth_year": 67.5,
            "roe": 2.02,
            "roe_4q": 5.9799999999999995,
            "gross_profit": 138398,
            "gross_margin": 19.62,
            "gross_margin_4q_avg": 14.1,
            "net_income": 154654,
            "revenue": 705453,
            "common_shares": 7369485,
            "book_valuer_per_share": 10.09,
            "book_valuer_per_share_4q_avg": 9.85,
            "equity": 7735288,
            "current_ratio": 83.36,
            "debt_ratio": 54.02,
            "inventory_turnover_ratio": 2.96,
            "account_receivable_turnover_ratio": 2.46,
            "reinvestment_rate": -70294.65,
            "research_to_sale_ratio": 2.77,
            "price_fair": 21.47,
            "eps_avg_yearly": 0.61,
            "eps_latest_yearly": 0.84,
            "eps_growth_yearly": 227.29
        },
        "20184": {
            "year_quarter": 20184,
            "year": 2018,
            "quarter": 4,
            "eps": -0.04,
            "eps_growth_year": -113.1,
            "eps_4q": 0.25,
            "eps_4q_growth_year": 29.76,
            "roe": -0.43,
            "roe_4q": 2.32,
            "gross_profit": 53416,
            "gross_margin": 8.28,
            "gross_margin_4q_avg": 16.29,
            "net_income": -32897,
            "revenue": 645319,
            "common_shares": 7369485,
            "book_valuer_per_share": 10.06,
            "book_valuer_per_share_4q_avg": 9.93,
            "equity": 7703481,
            "current_ratio": 70.3,
            "debt_ratio": 53.17,
            "inventory_turnover_ratio": 3.65,
            "account_receivable_turnover_ratio": 3.1,
            "reinvestment_rate": null,
            "research_to_sale_ratio": 2.87,
            "price_fair": 25.2,
            "eps_avg_yearly": 0.72,
            "eps_latest_yearly": 0.84,
            "eps_growth_yearly": 336.75
        },
        "20191": {
            "year_quarter": 20191,
            "year": 2019,
            "quarter": 1,
            "eps": 0.32,
            "eps_growth_year": null,
            "eps_4q": 0.7,
            "eps_4q_growth_year": null,
            "roe": 2.96,
            "roe_4q": 6.63,
            "gross_profit": 295094,
            "gross_margin": 34.33,
            "gross_margin_4q_avg": 22.51,
            "net_income": 231174,
            "revenue": 859630,
            "common_shares": 7369485,
            "book_valuer_per_share": 10.37,
            "book_valuer_per_share_4q_avg": 10.1,
            "equity": 7934655,
            "current_ratio": 76.26,
            "debt_ratio": 53.8,
            "inventory_turnover_ratio": 3.51,
            "account_receivable_turnover_ratio": 2.49,
            "reinvestment_rate": -5933.97,
            "research_to_sale_ratio": 1.01,
            "price_fair": 2.34,
            "eps_avg_yearly": 0.78,
            "eps_latest_yearly": 0.84,
            "eps_growth_yearly": -79.07
        },
        "20192": {
            "year_quarter": 20192,
            "year": 2019,
            "quarter": 2,
            "eps": 0.39,
            "eps_growth_year": 85.71,
            "eps_4q": 0.88,
            "eps_4q_growth_year": 384.68,
            "roe": 3.47,
            "roe_4q": 8.02,
            "gross_profit": 453911,
            "gross_margin": 37.36,
            "gross_margin_4q_avg": 24.9,
            "net_income": 280376,
            "revenue": 1214819,
            "common_shares": 7369485,
            "book_valuer_per_share": 10.76,
            "book_valuer_per_share_4q_avg": 10.32,
            "equity": 8215031,
            "current_ratio": 87.07,
            "debt_ratio": 54.1,
            "inventory_turnover_ratio": 4.32,
            "account_receivable_turnover_ratio": 2.75,
            "reinvestment_rate": -638.84,
            "research_to_sale_ratio": 0.62,
            "price_fair": 2.81,
            "eps_avg_yearly": 0.94,
            "eps_latest_yearly": 1.56,
            "eps_growth_yearly": -45.75
        },
        "20193": {
            "year_quarter": 20193,
            "year": 2019,
            "quarter": 3,
            "eps": 0.37,
            "eps_growth_year": 76.19,
            "eps_4q": 0.95,
            "eps_4q_growth_year": 58.23,
            "roe": 3.08,
            "roe_4q": 9.080000000000002,
            "gross_profit": 454057,
            "gross_margin": 37.69,
            "gross_margin_4q_avg": 29.42,
            "net_income": 272155,
            "revenue": 1204784,
            "common_shares": 8069485,
            "book_valuer_per_share": 11.35,
            "book_valuer_per_share_4q_avg": 10.64,
            "equity": 9437576,
            "current_ratio": 125.04,
            "debt_ratio": 46.84,
            "inventory_turnover_ratio": 4.5,
            "account_receivable_turnover_ratio": 2.8,
            "reinvestment_rate": -498.81,
            "research_to_sale_ratio": 0.77,
            "price_fair": 3.08,
            "eps_avg_yearly": 1.03,
            "eps_latest_yearly": 1.48,
            "eps_growth_yearly": -41.55
        },
        "20194": {
            "year_quarter": 20194,
            "year": 2019,
            "quarter": 4,
            "eps": 0.27,
            "eps_growth_year": null,
            "eps_4q": 1.26,
            "eps_4q_growth_year": 407.11,
            "roe": 2.11,
            "roe_4q": 11.620000000000001,
            "gross_profit": 458838,
            "gross_margin": 40.8,
            "gross_margin_4q_avg": 37.55,
            "net_income": 200813,
            "revenue": 1124583,
            "common_shares": 8069485,
            "book_valuer_per_share": 11.62,
            "book_valuer_per_share_4q_avg": 11.03,
            "equity": 9639831,
            "current_ratio": 95.26,
            "debt_ratio": 43.43,
            "inventory_turnover_ratio": 3.73,
            "account_receivable_turnover_ratio": 2.73,
            "reinvestment_rate": 394.65,
            "research_to_sale_ratio": 1.6,
            "price_fair": 3.1,
            "eps_avg_yearly": 1.03,
            "eps_latest_yearly": 1.08,
            "eps_growth_yearly": -51.06
        },
        "20201": {
            "year_quarter": 20201,
            "year": 2020,
            "quarter": 1,
            "eps": 0.19,
            "eps_growth_year": -40.62,
            "eps_4q": 1.16,
            "eps_4q_growth_year": 65.56,
            "roe": 1.45,
            "roe_4q": 10.11,
            "gross_profit": 282801,
            "gross_margin": 31.46,
            "gross_margin_4q_avg": 36.83,
            "net_income": 139014,
            "revenue": 898986,
            "common_shares": 8069485,
            "book_valuer_per_share": 11.46,
            "book_valuer_per_share_4q_avg": 11.3,
            "equity": 9496413,
            "current_ratio": 99.95,
            "debt_ratio": 44.49,
            "inventory_turnover_ratio": 3.07,
            "account_receivable_turnover_ratio": 2.34,
            "reinvestment_rate": 212.47,
            "research_to_sale_ratio": 0.9,
            "price_fair": 3,
            "eps_avg_yearly": 1,
            "eps_latest_yearly": 0.76,
            "eps_growth_yearly": -59.49
        },
        "20202": {
            "year_quarter": 20202,
            "year": 2020,
            "quarter": 2,
            "eps": -0.11,
            "eps_growth_year": -128.21,
            "eps_4q": 0.7,
            "eps_4q_growth_year": -20.32,
            "roe": -0.94,
            "roe_4q": 5.7,
            "gross_profit": -6717,
            "gross_margin": -1.22,
            "gross_margin_4q_avg": 27.18,
            "net_income": -88872,
            "revenue": 552101,
            "common_shares": 8069485,
            "book_valuer_per_share": 11.36,
            "book_valuer_per_share_4q_avg": 11.45,
            "equity": 9407541,
            "current_ratio": 116.92,
            "debt_ratio": 42.05,
            "inventory_turnover_ratio": 3.27,
            "account_receivable_turnover_ratio": 2.1,
            "reinvestment_rate": 171.26,
            "research_to_sale_ratio": 1.61,
            "price_fair": 3,
            "eps_avg_yearly": 1,
            "eps_latest_yearly": 0.76,
            "eps_growth_yearly": -59.49
        },
        "20203": {
            "year_quarter": 20203,
            "year": 2020,
            "quarter": 3,
            "eps": 0.09,
            "eps_growth_year": -75.68,
            "eps_4q": 0.45,
            "eps_4q_growth_year": -52.95,
            "roe": 0.95,
            "roe_4q": 3.57,
            "gross_profit": 136349,
            "gross_margin": 19.46,
            "gross_margin_4q_avg": 22.63,
            "net_income": 89507,
            "revenue": 700636,
            "common_shares": 8069485,
            "book_valuer_per_share": 11.45,
            "book_valuer_per_share_4q_avg": 11.47,
            "equity": 9497048,
            "current_ratio": 252.11,
            "debt_ratio": 40.66,
            "inventory_turnover_ratio": 3.73,
            "account_receivable_turnover_ratio": 3.29,
            "reinvestment_rate": 195.99,
            "research_to_sale_ratio": 2.87,
            "price_fair": 3,
            "eps_avg_yearly": 1,
            "eps_latest_yearly": 0.76,
            "eps_growth_yearly": -59.49
        },
        "20204": {
            "year_quarter": 20204,
            "year": 2020,
            "quarter": 4,
            "eps": 0.26,
            "eps_growth_year": -4.85,
            "eps_4q": 0.43,
            "eps_4q_growth_year": -65.62,
            "roe": 2.29,
            "roe_4q": 3.75,
            "gross_profit": 298942,
            "gross_margin": 31.98,
            "gross_margin_4q_avg": 20.42,
            "net_income": 220097,
            "revenue": 934676,
            "common_shares": 8069485,
            "book_valuer_per_share": 11.7,
            "book_valuer_per_share_4q_avg": 11.49,
            "equity": 9710688,
            "current_ratio": 294.16,
            "debt_ratio": 44.29,
            "inventory_turnover_ratio": 3.31,
            "account_receivable_turnover_ratio": 3.4,
            "reinvestment_rate": 65.92,
            "research_to_sale_ratio": 0.38,
            "price_fair": 2.67,
            "eps_avg_yearly": 0.89,
            "eps_latest_yearly": 1.04,
            "eps_growth_yearly": -3.93
        },
        "20211": {
            "year_quarter": 20211,
            "year": 2021,
            "quarter": 1,
            "eps": 0.3,
            "eps_growth_year": 57.89,
            "eps_4q": 0.54,
            "eps_4q_growth_year": -52.9,
            "roe": 2.48,
            "roe_4q": 4.779999999999999,
            "gross_profit": 316842,
            "gross_margin": 33.5,
            "gross_margin_4q_avg": 20.93,
            "net_income": 241124,
            "revenue": 945705,
            "common_shares": 8069485,
            "book_valuer_per_share": 11.75,
            "book_valuer_per_share_4q_avg": 11.57,
            "equity": 9755232,
            "current_ratio": 223.13,
            "debt_ratio": 46.48,
            "inventory_turnover_ratio": 3.41,
            "account_receivable_turnover_ratio": 2.88,
            "reinvestment_rate": 48.32,
            "research_to_sale_ratio": 0.83,
            "price_fair": 35.18,
            "eps_avg_yearly": 1.01,
            "eps_latest_yearly": 1.2,
            "eps_growth_yearly": 46.47
        },
        "20212": {
            "year_quarter": 20212,
            "year": 2021,
            "quarter": 2,
            "eps": 0.43,
            "eps_growth_year": null,
            "eps_4q": 1.08,
            "eps_4q_growth_year": 54.26,
            "roe": 3.45,
            "roe_4q": 9.169999999999998,
            "gross_profit": 310514,
            "gross_margin": 35.45,
            "gross_margin_4q_avg": 30.1,
            "net_income": 347260,
            "revenue": 875950,
            "common_shares": 8069485,
            "book_valuer_per_share": 12.5,
            "book_valuer_per_share_4q_avg": 11.85,
            "equity": 10361052,
            "current_ratio": 353.31,
            "debt_ratio": 36.18,
            "inventory_turnover_ratio": 2.75,
            "account_receivable_turnover_ratio": 2.39,
            "reinvestment_rate": 23.12,
            "research_to_sale_ratio": 1.12,
            "price_fair": 42.35,
            "eps_avg_yearly": 1.21,
            "eps_latest_yearly": 1.72,
            "eps_growth_yearly": 103.85
        },
        "20213": {
            "year_quarter": 20213,
            "year": 2021,
            "quarter": 3,
            "eps": 0.24,
            "eps_growth_year": 166.67,
            "eps_4q": 1.23,
            "eps_4q_growth_year": 174.83,
            "roe": 2.08,
            "roe_4q": 10.3,
            "gross_profit": 325499,
            "gross_margin": 34.59,
            "gross_margin_4q_avg": 33.88,
            "net_income": 217906,
            "revenue": 941013,
            "common_shares": 8069485,
            "book_valuer_per_share": 12.4,
            "book_valuer_per_share_4q_avg": 12.09,
            "equity": 10571807,
            "current_ratio": 556.99,
            "debt_ratio": 35.52,
            "inventory_turnover_ratio": 2.8,
            "account_receivable_turnover_ratio": 2.75,
            "reinvestment_rate": 22.82,
            "research_to_sale_ratio": 0.92,
            "price_fair": 41.38,
            "eps_avg_yearly": 1.18,
            "eps_latest_yearly": 0.96,
            "eps_growth_yearly": 72.67
        },
        "20214": {
            "year_quarter": 20214,
            "year": 2021,
            "quarter": 4,
            "eps": 0.27,
            "eps_growth_year": 4.26,
            "eps_4q": 1.24,
            "eps_4q_growth_year": 185.82,
            "roe": 2.25,
            "roe_4q": 10.26,
            "gross_profit": 345914,
            "gross_margin": 34.14,
            "gross_margin_4q_avg": 34.42,
            "net_income": 241655,
            "revenue": 1013154,
            "common_shares": 8069485,
            "book_valuer_per_share": 12.83,
            "book_valuer_per_share_4q_avg": 12.37,
            "equity": 10947936,
            "current_ratio": 533.72,
            "debt_ratio": 34.12,
            "inventory_turnover_ratio": 3.31,
            "account_receivable_turnover_ratio": 3.05,
            "reinvestment_rate": 34.71,
            "research_to_sale_ratio": 0.76,
            "price_fair": 41.02,
            "eps_avg_yearly": 1.17,
            "eps_latest_yearly": 1.08,
            "eps_growth_yearly": 70.4
        },
        "20221": {
            "year_quarter": 20221,
            "year": 2022,
            "quarter": 1,
            "eps": 0.07,
            "eps_growth_year": -76.67,
            "eps_4q": 1.01,
            "eps_4q_growth_year": 85.93,
            "roe": 0.64,
            "roe_4q": 8.420000000000002,
            "gross_profit": 130219,
            "gross_margin": 18.88,
            "gross_margin_4q_avg": 30.77,
            "net_income": 68502,
            "revenue": 689703,
            "common_shares": 8069485,
            "book_valuer_per_share": 12.41,
            "book_valuer_per_share_4q_avg": 12.54,
            "equity": 10620020,
            "current_ratio": 246.64,
            "debt_ratio": 35.46,
            "inventory_turnover_ratio": 2.76,
            "account_receivable_turnover_ratio": 1.93,
            "reinvestment_rate": 44.26,
            "research_to_sale_ratio": 1,
            "price_fair": 38.18,
            "eps_avg_yearly": 1.09,
            "eps_latest_yearly": 0.28,
            "eps_growth_yearly": 37.07
        },
        "20222": {
            "year_quarter": 20222,
            "year": 2022,
            "quarter": 2,
            "eps": 0.12,
            "eps_growth_year": -72.09,
            "eps_4q": 0.71,
            "eps_4q_growth_year": -34.53,
            "roe": 0.95,
            "roe_4q": 5.92,
            "gross_profit": 73716,
            "gross_margin": 11.91,
            "gross_margin_4q_avg": 24.88,
            "net_income": 99994,
            "revenue": 618692,
            "common_shares": 8069485,
            "book_valuer_per_share": 12.23,
            "book_valuer_per_share_4q_avg": 12.47,
            "equity": 10490187,
            "current_ratio": 356.98,
            "debt_ratio": 32.11,
            "inventory_turnover_ratio": 2.83,
            "account_receivable_turnover_ratio": 1.87,
            "reinvestment_rate": 47.64,
            "research_to_sale_ratio": 1.01,
            "price_fair": 36.4,
            "eps_avg_yearly": 1.04,
            "eps_latest_yearly": 0.48,
            "eps_growth_yearly": 57.79
        },
        "20223": {
            "year_quarter": 20223,
            "year": 2022,
            "quarter": 3,
            "eps": -0.1,
            "eps_growth_year": -141.67,
            "eps_4q": 0.37,
            "eps_4q_growth_year": -70.2,
            "roe": -0.68,
            "roe_4q": 3.16,
            "gross_profit": -46525,
            "gross_margin": -9.24,
            "gross_margin_4q_avg": 13.92,
            "net_income": -71417,
            "revenue": 503289,
            "common_shares": 8069485,
            "book_valuer_per_share": 12.22,
            "book_valuer_per_share_4q_avg": 12.42,
            "equity": 10466210,
            "current_ratio": 458.76,
            "debt_ratio": 31.1,
            "inventory_turnover_ratio": 2.84,
            "account_receivable_turnover_ratio": 1.67,
            "reinvestment_rate": 62.77,
            "research_to_sale_ratio": 1.49,
            "price_fair": 37.04,
            "eps_avg_yearly": 1.06,
            "eps_latest_yearly": 0.48,
            "eps_growth_yearly": 63.04
        },
        "20224": {
            "year_quarter": 20224,
            "year": 2022,
            "quarter": 4,
            "eps": -0.06,
            "eps_growth_year": -122.99,
            "eps_4q": 0.03,
            "eps_4q_growth_year": -97.52,
            "roe": -0.65,
            "roe_4q": 0.2599999999999999,
            "gross_profit": -24217,
            "gross_margin": -4.08,
            "gross_margin_4q_avg": 4.37,
            "net_income": -67814,
            "revenue": 594279,
            "common_shares": 8069485,
            "book_valuer_per_share": 12.13,
            "book_valuer_per_share_4q_avg": 12.25,
            "equity": 10381218,
            "current_ratio": 453.63,
            "debt_ratio": 30.96,
            "inventory_turnover_ratio": 3.31,
            "account_receivable_turnover_ratio": 1.92,
            "reinvestment_rate": 68.05,
            "research_to_sale_ratio": 2.05,
            "price_fair": 37.04,
            "eps_avg_yearly": 1.06,
            "eps_latest_yearly": 0.48,
            "eps_growth_yearly": 63.04
        },
        "20231": {
            "year_quarter": 20231,
            "year": 2023,
            "quarter": 1,
            "eps": -0.21,
            "eps_growth_year": -400,
            "eps_4q": -0.25,
            "eps_4q_growth_year": -124.31,
            "roe": -1.78,
            "roe_4q": -2.16,
            "gross_profit": -149458,
            "gross_margin": -36.59,
            "gross_margin_4q_avg": -9.5,
            "net_income": -183477,
            "revenue": 408482,
            "common_shares": 8050475,
            "book_valuer_per_share": 12.03,
            "book_valuer_per_share_4q_avg": 12.15,
            "equity": 10251885,
            "current_ratio": 472.47,
            "debt_ratio": 31.77,
            "inventory_turnover_ratio": 3.48,
            "account_receivable_turnover_ratio": 1.41,
            "reinvestment_rate": 80.31,
            "research_to_sale_ratio": 1.3,
            "price_fair": 37.04,
            "eps_avg_yearly": 1.06,
            "eps_latest_yearly": 0.48,
            "eps_growth_yearly": 63.04
        }
    },
    "months": {
        "2002-09": {
            "month": "2002-09",
            "price": "25.20",
            "revenue": 348185
        },
        "2002-10": {
            "month": "2002-10",
            "price": "17.93",
            "revenue": 361422
        },
        "2002-11": {
            "month": "2002-11",
            "price": "21.35",
            "revenue": 308862
        },
        "2002-12": {
            "month": "2002-12",
            "price": "18.17",
            "revenue": 632291
        },
        "2003-01": {
            "month": "2003-01",
            "price": "17.85",
            "revenue": 514840
        },
        "2003-02": {
            "month": "2003-02",
            "price": "17.59",
            "revenue": 327564
        },
        "2003-03": {
            "month": "2003-03",
            "price": "19.00",
            "revenue": 531040
        },
        "2003-04": {
            "month": "2003-04",
            "price": "18.87",
            "revenue": 567625
        },
        "2003-05": {
            "month": "2003-05",
            "price": "16.94",
            "revenue": 659817
        },
        "2003-06": {
            "month": "2003-06",
            "price": "18.20",
            "revenue": 582112
        },
        "2003-07": {
            "month": "2003-07",
            "price": "23.12",
            "revenue": 550999
        },
        "2003-08": {
            "month": "2003-08",
            "price": "24.22",
            "revenue": 656427
        },
        "2003-09": {
            "month": "2003-09",
            "price": "20.64",
            "revenue": 547033
        },
        "2003-10": {
            "month": "2003-10",
            "price": "18.80",
            "revenue": 518080
        },
        "2003-11": {
            "month": "2003-11",
            "price": "17.77",
            "revenue": 763657
        },
        "2003-12": {
            "month": "2003-12",
            "price": "21.43",
            "revenue": 691080
        },
        "2004-01": {
            "month": "2004-01",
            "price": "22.28",
            "revenue": 688561
        },
        "2004-02": {
            "month": "2004-02",
            "price": "27.34",
            "revenue": 674682
        },
        "2004-03": {
            "month": "2004-03",
            "price": "28.75",
            "revenue": 751462
        },
        "2004-04": {
            "month": "2004-04",
            "price": "31.10",
            "revenue": 747389
        },
        "2004-05": {
            "month": "2004-05",
            "price": "26.09",
            "revenue": 720705
        },
        "2004-06": {
            "month": "2004-06",
            "price": "21.51",
            "revenue": 667038
        },
        "2004-07": {
            "month": "2004-07",
            "price": "17.75",
            "revenue": 594331
        },
        "2004-08": {
            "month": "2004-08",
            "price": "17.20",
            "revenue": 593959
        },
        "2004-09": {
            "month": "2004-09",
            "price": "17.30",
            "revenue": 530125
        },
        "2004-10": {
            "month": "2004-10",
            "price": "14.43",
            "revenue": 629890
        },
        "2004-11": {
            "month": "2004-11",
            "price": "13.37",
            "revenue": 513829
        },
        "2004-12": {
            "month": "2004-12",
            "price": "14.04",
            "revenue": 505631
        },
        "2005-01": {
            "month": "2005-01",
            "price": "12.89",
            "revenue": 570572
        },
        "2005-02": {
            "month": "2005-02",
            "price": "14.43",
            "revenue": 537688
        },
        "2005-03": {
            "month": "2005-03",
            "price": "15.15",
            "revenue": 363140
        },
        "2005-04": {
            "month": "2005-04",
            "price": "14.64",
            "revenue": 362530
        },
        "2005-05": {
            "month": "2005-05",
            "price": "13.34",
            "revenue": 306820
        },
        "2005-06": {
            "month": "2005-06",
            "price": "15.49",
            "revenue": 266294
        },
        "2005-07": {
            "month": "2005-07",
            "price": "15.02",
            "revenue": 299469
        },
        "2005-08": {
            "month": "2005-08",
            "price": "12.42",
            "revenue": 353811
        },
        "2005-09": {
            "month": "2005-09",
            "price": "10.30",
            "revenue": 742411
        },
        "2005-10": {
            "month": "2005-10",
            "price": "7.86",
            "revenue": 1013347
        },
        "2005-11": {
            "month": "2005-11",
            "price": "8.25",
            "revenue": 874098
        },
        "2005-12": {
            "month": "2005-12",
            "price": "9.70",
            "revenue": 213057
        },
        "2006-01": {
            "month": "2006-01",
            "price": "10.52",
            "revenue": 789832
        },
        "2006-02": {
            "month": "2006-02",
            "price": "9.88",
            "revenue": 976128
        },
        "2006-03": {
            "month": "2006-03",
            "price": "9.05",
            "revenue": 722442
        },
        "2006-04": {
            "month": "2006-04",
            "price": "9.41",
            "revenue": 321016
        },
        "2006-05": {
            "month": "2006-05",
            "price": "8.86",
            "revenue": 279974
        },
        "2006-06": {
            "month": "2006-06",
            "price": "6.89",
            "revenue": 260809
        },
        "2006-07": {
            "month": "2006-07",
            "price": "6.48",
            "revenue": 444963
        },
        "2006-08": {
            "month": "2006-08",
            "price": "6.17",
            "revenue": 625380
        },
        "2006-09": {
            "month": "2006-09",
            "price": "4.99",
            "revenue": 702123
        },
        "2006-10": {
            "month": "2006-10",
            "price": "5.12",
            "revenue": 801956
        },
        "2006-11": {
            "month": "2006-11",
            "price": "5.58",
            "revenue": 904300
        },
        "2006-12": {
            "month": "2006-12",
            "price": "6.76",
            "revenue": 901401
        },
        "2007-01": {
            "month": "2007-01",
            "price": "7.19",
            "revenue": 773882
        },
        "2007-02": {
            "month": "2007-02",
            "price": "6.69",
            "revenue": 657536
        },
        "2007-03": {
            "month": "2007-03",
            "price": "6.65",
            "revenue": 810735
        },
        "2007-04": {
            "month": "2007-04",
            "price": "8.25",
            "revenue": 870964
        },
        "2007-05": {
            "month": "2007-05",
            "price": "8.82",
            "revenue": 892057
        },
        "2007-06": {
            "month": "2007-06",
            "price": "9.22",
            "revenue": 817054
        },
        "2007-07": {
            "month": "2007-07",
            "price": "11.12",
            "revenue": 922222
        },
        "2007-08": {
            "month": "2007-08",
            "price": "11.00",
            "revenue": 972183
        },
        "2007-09": {
            "month": "2007-09",
            "price": "10.66",
            "revenue": 1011034
        },
        "2007-10": {
            "month": "2007-10",
            "price": "11.01",
            "revenue": 1041393
        },
        "2007-11": {
            "month": "2007-11",
            "price": "9.90",
            "revenue": 1102199
        },
        "2007-12": {
            "month": "2007-12",
            "price": "9.34",
            "revenue": 1105537
        },
        "2008-01": {
            "month": "2008-01",
            "price": "8.95",
            "revenue": 1110386
        },
        "2008-02": {
            "month": "2008-02",
            "price": "7.88",
            "revenue": 1051186
        },
        "2008-03": {
            "month": "2008-03",
            "price": "9.26",
            "revenue": 1165075
        },
        "2008-04": {
            "month": "2008-04",
            "price": "10.37",
            "revenue": 1045535
        },
        "2008-05": {
            "month": "2008-05",
            "price": "15.96",
            "revenue": 1020258
        },
        "2008-06": {
            "month": "2008-06",
            "price": "14.66",
            "revenue": 955602
        },
        "2008-07": {
            "month": "2008-07",
            "price": "10.19",
            "revenue": 620790
        },
        "2008-08": {
            "month": "2008-08",
            "price": "7.84",
            "revenue": 540546
        },
        "2008-09": {
            "month": "2008-09",
            "price": "8.10",
            "revenue": 462102
        },
        "2008-10": {
            "month": "2008-10",
            "price": "6.98",
            "revenue": 350252
        },
        "2008-11": {
            "month": "2008-11",
            "price": "4.38",
            "revenue": 103701
        },
        "2008-12": {
            "month": "2008-12",
            "price": "4.04",
            "revenue": 80790
        },
        "2009-01": {
            "month": "2009-01",
            "price": "4.10",
            "revenue": 16219
        },
        "2009-02": {
            "month": "2009-02",
            "price": "4.59",
            "revenue": 90233
        },
        "2009-03": {
            "month": "2009-03",
            "price": "7.04",
            "revenue": 306569
        },
        "2009-04": {
            "month": "2009-04",
            "price": "11.83",
            "revenue": 467661
        },
        "2009-05": {
            "month": "2009-05",
            "price": "15.75",
            "revenue": 468852
        },
        "2009-06": {
            "month": "2009-06",
            "price": "16.99",
            "revenue": 539423
        },
        "2009-07": {
            "month": "2009-07",
            "price": "17.40",
            "revenue": 433943
        },
        "2009-08": {
            "month": "2009-08",
            "price": "15.92",
            "revenue": 442703
        },
        "2009-09": {
            "month": "2009-09",
            "price": "17.19",
            "revenue": 559007
        },
        "2009-10": {
            "month": "2009-10",
            "price": "18.16",
            "revenue": 547873
        },
        "2009-11": {
            "month": "2009-11",
            "price": "17.85",
            "revenue": 544101
        },
        "2009-12": {
            "month": "2009-12",
            "price": "25.71",
            "revenue": 429372
        },
        "2010-01": {
            "month": "2010-01",
            "price": "25.54",
            "revenue": 451020
        },
        "2010-02": {
            "month": "2010-02",
            "price": "21.09",
            "revenue": 424104
        },
        "2010-03": {
            "month": "2010-03",
            "price": "23.41",
            "revenue": 332915
        },
        "2010-04": {
            "month": "2010-04",
            "price": "22.29",
            "revenue": 451103
        },
        "2010-05": {
            "month": "2010-05",
            "price": "17.64",
            "revenue": 535626
        },
        "2010-06": {
            "month": "2010-06",
            "price": "20.02",
            "revenue": 465140
        },
        "2010-07": {
            "month": "2010-07",
            "price": "20.25",
            "revenue": 548568
        },
        "2010-08": {
            "month": "2010-08",
            "price": "21.32",
            "revenue": 573206
        },
        "2010-09": {
            "month": "2010-09",
            "price": "23.24",
            "revenue": 555794
        },
        "2010-10": {
            "month": "2010-10",
            "price": "23.76",
            "revenue": 602483
        },
        "2010-11": {
            "month": "2010-11",
            "price": "21.55",
            "revenue": 603892
        },
        "2010-12": {
            "month": "2010-12",
            "price": "24.90",
            "revenue": 564505
        },
        "2011-01": {
            "month": "2011-01",
            "price": "23.63",
            "revenue": 417139
        },
        "2011-02": {
            "month": "2011-02",
            "price": "24.75",
            "revenue": 255874
        },
        "2011-03": {
            "month": "2011-03",
            "price": "28.26",
            "revenue": 567869
        },
        "2011-04": {
            "month": "2011-04",
            "price": "26.42",
            "revenue": 786064
        },
        "2011-05": {
            "month": "2011-05",
            "price": "25.73",
            "revenue": 851180
        },
        "2011-06": {
            "month": "2011-06",
            "price": "23.62",
            "revenue": 821105
        },
        "2011-07": {
            "month": "2011-07",
            "price": "19.80",
            "revenue": 802845
        },
        "2011-08": {
            "month": "2011-08",
            "price": "16.20",
            "revenue": 624175
        },
        "2011-09": {
            "month": "2011-09",
            "price": "10.83",
            "revenue": 307618
        },
        "2011-10": {
            "month": "2011-10",
            "price": "8.97",
            "revenue": 123586
        },
        "2011-11": {
            "month": "2011-11",
            "price": "7.79",
            "revenue": 107944
        },
        "2011-12": {
            "month": "2011-12",
            "price": "9.97",
            "revenue": 83511
        },
        "2012-01": {
            "month": "2012-01",
            "price": "11.90",
            "revenue": 113745
        },
        "2012-02": {
            "month": "2012-02",
            "price": "14.80",
            "revenue": 217465
        },
        "2012-03": {
            "month": "2012-03",
            "price": "16.53",
            "revenue": 170490
        },
        "2012-04": {
            "month": "2012-04",
            "price": "13.86",
            "revenue": 112973
        },
        "2012-05": {
            "month": "2012-05",
            "price": "11.57",
            "revenue": 447320
        },
        "2012-06": {
            "month": "2012-06",
            "price": "12.82",
            "revenue": 164293
        },
        "2012-07": {
            "month": "2012-07",
            "price": "11.63",
            "revenue": 428220
        },
        "2012-08": {
            "month": "2012-08",
            "price": "11.91",
            "revenue": 475895
        },
        "2012-09": {
            "month": "2012-09",
            "price": "11.85",
            "revenue": 598721
        },
        "2012-10": {
            "month": "2012-10",
            "price": "9.98",
            "revenue": 885780
        },
        "2012-11": {
            "month": "2012-11",
            "price": "8.44",
            "revenue": 904779
        },
        "2012-12": {
            "month": "2012-12",
            "price": "10.32",
            "revenue": 841953
        },
        "2013-01": {
            "month": "2013-01",
            "price": "10.16",
            "revenue": 927463
        },
        "2013-02": {
            "month": "2013-02",
            "price": "9.35",
            "revenue": 651626
        },
        "2013-03": {
            "month": "2013-03",
            "price": "9.38",
            "revenue": 979714
        },
        "2013-04": {
            "month": "2013-04",
            "price": "9.43",
            "revenue": 1265810
        },
        "2013-05": {
            "month": "2013-05",
            "price": "11.54",
            "revenue": 1136135
        },
        "2013-06": {
            "month": "2013-06",
            "price": "11.94",
            "revenue": 837037
        },
        "2013-07": {
            "month": "2013-07",
            "price": "10.96",
            "revenue": 615691
        },
        "2013-08": {
            "month": "2013-08",
            "price": "10.35",
            "revenue": 858878
        },
        "2013-09": {
            "month": "2013-09",
            "price": "10.53",
            "revenue": 807069
        },
        "2013-10": {
            "month": "2013-10",
            "price": "9.97",
            "revenue": 683128
        },
        "2013-11": {
            "month": "2013-11",
            "price": "8.87",
            "revenue": 430265
        },
        "2013-12": {
            "month": "2013-12",
            "price": "8.75",
            "revenue": 325111
        },
        "2014-01": {
            "month": "2014-01",
            "price": "9.16",
            "revenue": 319633
        },
        "2014-02": {
            "month": "2014-02",
            "price": "9.08",
            "revenue": 452064
        },
        "2014-03": {
            "month": "2014-03",
            "price": "9.27",
            "revenue": 340838
        },
        "2014-04": {
            "month": "2014-04",
            "price": "8.92",
            "revenue": 578492
        },
        "2014-05": {
            "month": "2014-05",
            "price": "8.75",
            "revenue": 424740
        },
        "2014-06": {
            "month": "2014-06",
            "price": "8.85",
            "revenue": 204016
        },
        "2014-07": {
            "month": "2014-07",
            "price": "8.83",
            "revenue": 175336
        },
        "2014-08": {
            "month": "2014-08",
            "price": "8.32",
            "revenue": 389460
        },
        "2014-09": {
            "month": "2014-09",
            "price": "8.18",
            "revenue": 546722
        },
        "2014-10": {
            "month": "2014-10",
            "price": "6.63",
            "revenue": 437364
        },
        "2014-11": {
            "month": "2014-11",
            "price": "6.14",
            "revenue": 441896
        },
        "2014-12": {
            "month": "2014-12",
            "price": "6.39",
            "revenue": 404661
        },
        "2015-01": {
            "month": "2015-01",
            "price": "7.70",
            "revenue": 567403
        },
        "2015-02": {
            "month": "2015-02",
            "price": "7.60",
            "revenue": 381837
        },
        "2015-03": {
            "month": "2015-03",
            "price": "6.77",
            "revenue": 376385
        },
        "2015-04": {
            "month": "2015-04",
            "price": "6.14",
            "revenue": 199225
        },
        "2015-05": {
            "month": "2015-05",
            "price": "5.70",
            "revenue": 279825
        },
        "2015-06": {
            "month": "2015-06",
            "price": "4.44",
            "revenue": 326280
        },
        "2015-07": {
            "month": "2015-07",
            "price": "4.17",
            "revenue": 280629
        },
        "2015-08": {
            "month": "2015-08",
            "price": "3.29",
            "revenue": 380340
        },
        "2015-09": {
            "month": "2015-09",
            "price": "3.52",
            "revenue": 361928
        },
        "2015-10": {
            "month": "2015-10",
            "price": "5.17",
            "revenue": 337058
        },
        "2015-11": {
            "month": "2015-11",
            "price": "5.79",
            "revenue": 301077
        },
        "2015-12": {
            "month": "2015-12",
            "price": "7.71",
            "revenue": 366717
        },
        "2016-01": {
            "month": "2016-01",
            "price": "8.52",
            "revenue": 333726
        },
        "2016-02": {
            "month": "2016-02",
            "price": "8.62",
            "revenue": 200198
        },
        "2016-03": {
            "month": "2016-03",
            "price": "8.23",
            "revenue": 25594
        },
        "2016-04": {
            "month": "2016-04",
            "price": "7.13",
            "revenue": 29340
        },
        "2016-05": {
            "month": "2016-05",
            "price": "5.98",
            "revenue": 151460
        },
        "2016-06": {
            "month": "2016-06",
            "price": "5.99",
            "revenue": 241405
        },
        "2016-07": {
            "month": "2016-07",
            "price": "6.79",
            "revenue": 244628
        },
        "2016-08": {
            "month": "2016-08",
            "price": "6.61",
            "revenue": 299861
        },
        "2016-09": {
            "month": "2016-09",
            "price": "7.79",
            "revenue": 288455
        },
        "2016-10": {
            "month": "2016-10",
            "price": "7.37",
            "revenue": 310323
        },
        "2016-11": {
            "month": "2016-11",
            "price": "8.15",
            "revenue": 318960
        },
        "2016-12": {
            "month": "2016-12",
            "price": "8.65",
            "revenue": 288583
        },
        "2017-01": {
            "month": "2017-01",
            "price": "9.83",
            "revenue": 303765
        },
        "2017-02": {
            "month": "2017-02",
            "price": "11.82",
            "revenue": 285675
        },
        "2017-03": {
            "month": "2017-03",
            "price": "11.95",
            "revenue": 230628
        },
        "2017-04": {
            "month": "2017-04",
            "price": "10.53",
            "revenue": 265674
        },
        "2017-05": {
            "month": "2017-05",
            "price": "10.22",
            "revenue": 177874
        },
        "2017-06": {
            "month": "2017-06",
            "price": "10.22",
            "revenue": 260765
        },
        "2017-07": {
            "month": "2017-07",
            "price": "10.25",
            "revenue": 199755
        },
        "2017-08": {
            "month": "2017-08",
            "price": "9.73",
            "revenue": 264955
        },
        "2017-09": {
            "month": "2017-09",
            "price": "10.68",
            "revenue": 202982
        },
        "2017-10": {
            "month": "2017-10",
            "price": "10.72",
            "revenue": 184732
        },
        "2017-11": {
            "month": "2017-11",
            "price": "10.79",
            "revenue": 85498
        },
        "2017-12": {
            "month": "2017-12",
            "price": "9.26",
            "revenue": 255619
        },
        "2018-01": {
            "month": "2018-01",
            "price": "9.20",
            "revenue": 317740
        },
        "2018-02": {
            "month": "2018-02",
            "price": "8.32",
            "revenue": 214155
        },
        "2018-03": {
            "month": "2018-03",
            "price": "8.17",
            "revenue": 159927
        },
        "2018-04": {
            "month": "2018-04",
            "price": "7.51",
            "revenue": 199714
        },
        "2018-05": {
            "month": "2018-05",
            "price": "7.30",
            "revenue": 250445
        },
        "2018-06": {
            "month": "2018-06",
            "price": "8.72",
            "revenue": 350424
        },
        "2018-07": {
            "month": "2018-07",
            "price": "8.37",
            "revenue": 336957
        },
        "2018-08": {
            "month": "2018-08",
            "price": "8.61",
            "revenue": 229407
        },
        "2018-09": {
            "month": "2018-09",
            "price": "7.91",
            "revenue": 139090
        },
        "2018-10": {
            "month": "2018-10",
            "price": "6.37",
            "revenue": 287870
        },
        "2018-11": {
            "month": "2018-11",
            "price": "7.48",
            "revenue": 181699
        },
        "2018-12": {
            "month": "2018-12",
            "price": "7.79",
            "revenue": 175749
        },
        "2019-01": {
            "month": "2019-01",
            "price": "7.49",
            "revenue": 219844
        },
        "2019-02": {
            "month": "2019-02",
            "price": "8.95",
            "revenue": 251553
        },
        "2019-03": {
            "month": "2019-03",
            "price": "10.68",
            "revenue": 388233
        },
        "2019-04": {
            "month": "2019-04",
            "price": "13.94",
            "revenue": 379408
        },
        "2019-05": {
            "month": "2019-05",
            "price": "13.58",
            "revenue": 424152
        },
        "2019-06": {
            "month": "2019-06",
            "price": "13.69",
            "revenue": 411259
        },
        "2019-07": {
            "month": "2019-07",
            "price": "14.43",
            "revenue": 404915
        },
        "2019-08": {
            "month": "2019-08",
            "price": "14.01",
            "revenue": 437876
        },
        "2019-09": {
            "month": "2019-09",
            "price": "14.73",
            "revenue": 361993
        },
        "2019-10": {
            "month": "2019-10",
            "price": "14.27",
            "revenue": 349630
        },
        "2019-11": {
            "month": "2019-11",
            "price": "13.66",
            "revenue": 354752
        },
        "2019-12": {
            "month": "2019-12",
            "price": "13.67",
            "revenue": 419544
        },
        "2020-01": {
            "month": "2020-01",
            "price": "13.47",
            "revenue": 329996
        },
        "2020-02": {
            "month": "2020-02",
            "price": "11.97",
            "revenue": 263213
        },
        "2020-03": {
            "month": "2020-03",
            "price": "9.79",
            "revenue": 305777
        },
        "2020-04": {
            "month": "2020-04",
            "price": "10.16",
            "revenue": 211307
        },
        "2020-05": {
            "month": "2020-05",
            "price": "10.33",
            "revenue": 227982
        },
        "2020-06": {
            "month": "2020-06",
            "price": "10.25",
            "revenue": 112798
        },
        "2020-07": {
            "month": "2020-07",
            "price": "9.66",
            "revenue": 250816
        },
        "2020-08": {
            "month": "2020-08",
            "price": "9.70",
            "revenue": 214480
        },
        "2020-09": {
            "month": "2020-09",
            "price": "9.88",
            "revenue": 235354
        },
        "2020-10": {
            "month": "2020-10",
            "price": "9.97",
            "revenue": 362670
        },
        "2020-11": {
            "month": "2020-11",
            "price": "10.29",
            "revenue": 302758
        },
        "2020-12": {
            "month": "2020-12",
            "price": "11.38",
            "revenue": 269825
        },
        "2021-01": {
            "month": "2021-01",
            "price": "10.38",
            "revenue": 340738
        },
        "2021-02": {
            "month": "2021-02",
            "price": "10.12",
            "revenue": 282671
        },
        "2021-03": {
            "month": "2021-03",
            "price": "10.91",
            "revenue": 322296
        },
        "2021-04": {
            "month": "2021-04",
            "price": "13.32",
            "revenue": 269209
        },
        "2021-05": {
            "month": "2021-05",
            "price": "12.09",
            "revenue": 315331
        },
        "2021-06": {
            "month": "2021-06",
            "price": "12.54",
            "revenue": 291410
        },
        "2021-07": {
            "month": "2021-07",
            "price": "13.08",
            "revenue": 288888
        },
        "2021-08": {
            "month": "2021-08",
            "price": "12.27",
            "revenue": 301363
        },
        "2021-09": {
            "month": "2021-09",
            "price": "11.39",
            "revenue": 350762
        },
        "2021-10": {
            "month": "2021-10",
            "price": "11.49",
            "revenue": 379591
        },
        "2021-11": {
            "month": "2021-11",
            "price": "13.13",
            "revenue": 351762
        },
        "2021-12": {
            "month": "2021-12",
            "price": "15.08",
            "revenue": 281801
        },
        "2022-01": {
            "month": "2022-01",
            "price": "15.74",
            "revenue": 246040
        },
        "2022-02": {
            "month": "2022-02",
            "price": "14.54",
            "revenue": 183715
        },
        "2022-03": {
            "month": "2022-03",
            "price": "13.93",
            "revenue": 259948
        },
        "2022-04": {
            "month": "2022-04",
            "price": "12.36",
            "revenue": 202991
        },
        "2022-05": {
            "month": "2022-05",
            "price": "11.44",
            "revenue": 208839
        },
        "2022-06": {
            "month": "2022-06",
            "price": "10.89",
            "revenue": 206862
        },
        "2022-07": {
            "month": "2022-07",
            "price": "9.48",
            "revenue": 143027
        },
        "2022-08": {
            "month": "2022-08",
            "price": "10.27",
            "revenue": 148036
        },
        "2022-09": {
            "month": "2022-09",
            "price": "10.16",
            "revenue": 212226
        },
        "2022-10": {
            "month": "2022-10",
            "price": "9.41",
            "revenue": 175786
        },
        "2022-11": {
            "month": "2022-11",
            "price": "9.40",
            "revenue": 221020
        },
        "2022-12": {
            "month": "2022-12",
            "price": "9.36",
            "revenue": 197473
        },
        "2023-01": {
            "month": "2023-01",
            "price": "9.18",
            "revenue": 86280
        },
        "2023-02": {
            "month": "2023-02",
            "price": "9.68",
            "revenue": 106994
        },
        "2023-03": {
            "month": "2023-03",
            "price": "9.98",
            "revenue": 215208
        },
        "2023-04": {
            "month": "2023-04",
            "price": "10.16",
            "revenue": 177291
        },
        "2023-05": {
            "month": "2023-05",
            "price": "9.73",
            "revenue": 136327
        }
    }
}
