{
    "summary": {
        "stock_name": "鈺德",
        "stock_id": "3050",
        "category": "光電",
        "main_business": "光碟服務產品",
        "website_url": "http://www.utechmedia.com.tw",
        "ceo": "羅宜富",
        "pe_ratio": 18,
        "report_year_from": 2001,
        "report_year_to": 2023,
        "age": 22,
        "eps_negative_percentage": 30,
        "eps_growth_avg": {
            "last_all": -24.85,
            "last_2y": -0.65,
            "last_4y": 5.96,
            "last_8y": 6.32,
            "last_12y": -17.31,
            "last_16y": -25.58,
            "last_20y": -24.85,
            "at_2006_last_3y": -50.84,
            "at_2007_last_3y": -71.8,
            "at_2008_last_3y": -100,
            "at_2009_last_3y": -100,
            "at_2010_last_3y": -100,
            "at_2011_last_3y": -100,
            "at_2012_last_3y": -100,
            "at_2013_last_3y": -100,
            "at_2014_last_3y": -100,
            "at_2015_last_3y": -100,
            "at_2016_last_3y": -66.47,
            "at_2017_last_3y": 7.21,
            "at_2018_last_3y": -12.25,
            "at_2019_last_3y": 11.54,
            "at_2020_last_3y": 21.44,
            "at_2021_last_3y": 12.73,
            "at_2022_last_3y": 20.25,
            "at_2023_last_3y": 20.25,
            "at_2006_last_all": -23.02,
            "at_2007_last_all": -23.02,
            "at_2008_last_all": -38.41,
            "at_2009_last_all": -38.41,
            "at_2010_last_all": -38.41,
            "at_2011_last_all": -48.68,
            "at_2012_last_all": -48.68,
            "at_2013_last_all": -56.01,
            "at_2014_last_all": -56.01,
            "at_2015_last_all": -56.01,
            "at_2016_last_all": -53.13,
            "at_2017_last_all": -41.96,
            "at_2018_last_all": -42.88,
            "at_2019_last_all": -31.45,
            "at_2020_last_all": -28.27,
            "at_2021_last_all": -25.13,
            "at_2022_last_all": -24.85,
            "at_2023_last_all": -24.85
        },
        "latest_eps": 0.84,
        "latest_price": 15.5,
        "latest_roe": 5.31,
        "latest_gross_margin": 36.91,
        "latest_equity": 2684359,
        "latest_revenue": 267966,
        "latest_gross_profit": 98915,
        "latest_net_income": 32374,
        "latest_debt_ratio": 47.23,
        "latest_current_ratio": 205.3,
        "latest_account_receivable_turnover_ratio": 1.86,
        "latest_inventory_turnover_ratio": 2.08,
        "latest_reinvestment_rate": 32.88,
        "latest_research_to_sale_ratio": null
    },
    "eps_dividends": {
        "2001": {
            "cash": 0,
            "stock": 1,
            "eps": 1.82
        },
        "2002": {
            "cash": 0,
            "stock": 1,
            "eps": 2.92
        },
        "2003": {
            "cash": 1,
            "stock": 1,
            "eps": 2.66
        },
        "2004": {
            "cash": 1,
            "stock": 1,
            "eps": 1.5
        },
        "2005": {
            "cash": 0,
            "stock": 1,
            "eps": -1.87
        },
        "2006": {
            "cash": 0,
            "stock": 0,
            "eps": -3.21
        },
        "2007": {
            "cash": 0,
            "stock": 0,
            "eps": 0.52
        },
        "2008": {
            "cash": 0,
            "stock": 0,
            "eps": -2.58
        },
        "2009": {
            "cash": 0,
            "stock": 0,
            "eps": -0.19
        },
        "2010": {
            "cash": 0,
            "stock": 0,
            "eps": 0.42
        },
        "2011": {
            "cash": 0,
            "stock": 0,
            "eps": -0.64
        },
        "2012": {
            "cash": 0,
            "stock": 0,
            "eps": 0.03
        },
        "2013": {
            "cash": 0,
            "stock": 0,
            "eps": -0.33
        },
        "2014": {
            "cash": 0,
            "stock": 0,
            "eps": -0.36
        },
        "2015": {
            "cash": 0,
            "stock": 0,
            "eps": 0.85
        },
        "2016": {
            "cash": 1,
            "stock": 0,
            "eps": 0.57
        },
        "2017": {
            "cash": 0,
            "stock": 0,
            "eps": 0.84
        },
        "2018": {
            "cash": 1,
            "stock": 0,
            "eps": 0.41
        },
        "2019": {
            "cash": 0,
            "stock": 0,
            "eps": 0.75
        },
        "2020": {
            "cash": 1,
            "stock": 0,
            "eps": 0.8
        },
        "2021": {
            "cash": 1,
            "stock": 0,
            "eps": 0.9
        },
        "2022": {
            "cash": 1,
            "stock": 0,
            "eps": 0.71
        },
        "2023": {
            "cash": 1,
            "stock": 0,
            "eps": 0.2
        }
    },
    "dividends": {
        "2001-05-17": {
            "cash": 0,
            "stock": 1.1
        },
        "2002-04-19": {
            "cash": 0.2,
            "stock": 1.2
        },
        "2003-04-24": {
            "cash": 0.8,
            "stock": 1.2
        },
        "2004-04-20": {
            "cash": 0.8,
            "stock": 1.2
        },
        "2005-04-26": {
            "cash": 0.1,
            "stock": 0.9
        },
        "2008-04-25": {
            "cash": 0.26,
            "stock": 0
        },
        "2011-04-27": {
            "cash": 0.19,
            "stock": 0
        },
        "2016-09-22": {
            "cash": 0.8,
            "stock": 0
        },
        "2017-08-08": {
            "cash": 0.3,
            "stock": 0
        },
        "2018-08-08": {
            "cash": 0.6,
            "stock": 0
        },
        "2019-08-08": {
            "cash": 0.3,
            "stock": 0
        },
        "2020-08-10": {
            "cash": 0.5,
            "stock": 0
        },
        "2021-10-01": {
            "cash": 0.6,
            "stock": 0
        },
        "2022-08-10": {
            "cash": 0.6,
            "stock": 0
        },
        "2023-03-14": {
            "cash": 0.5,
            "stock": 0
        }
    },
    "prices": {
        "200101": "無",
        "200102": "無",
        "200103": "無",
        "200104": "無",
        "200105": "無",
        "200106": "無",
        "200107": "無",
        "200108": "無",
        "200109": "無",
        "200110": "無",
        "200111": "無",
        "200112": "無",
        "200201": "無",
        "200202": "無",
        "200203": "無",
        "200204": "無",
        "200205": "無",
        "200206": "無",
        "200207": "無",
        "200208": "無",
        "200209": "無",
        "200210": "47.97",
        "200211": "62.62",
        "200212": "45.21",
        "200301": "35.52",
        "200302": "31.87",
        "200303": "31.00",
        "200304": "28.39",
        "200305": "23.50",
        "200306": "32.25",
        "200307": "35.94",
        "200308": "32.01",
        "200309": "32.74",
        "200310": "31.01",
        "200311": "34.58",
        "200312": "35.78",
        "200401": "33.66",
        "200402": "32.92",
        "200403": "33.45",
        "200404": "31.59",
        "200405": "24.19",
        "200406": "25.13",
        "200407": "22.18",
        "200408": "19.02",
        "200409": "22.89",
        "200410": "20.49",
        "200411": "16.45",
        "200412": "13.99",
        "200501": "13.10",
        "200502": "13.71",
        "200503": "14.23",
        "200504": "11.97",
        "200505": "11.42",
        "200506": "13.43",
        "200507": "13.38",
        "200508": "11.20",
        "200509": "9.30",
        "200510": "7.29",
        "200511": "6.91",
        "200512": "7.61",
        "200601": "7.81",
        "200602": "7.06",
        "200603": "5.81",
        "200604": "5.96",
        "200605": "6.01",
        "200606": "5.18",
        "200607": "4.65",
        "200608": "4.33",
        "200609": "4.06",
        "200610": "5.59",
        "200611": "8.28",
        "200612": "8.46",
        "200701": "8.85",
        "200702": "8.23",
        "200703": "8.24",
        "200704": "9.57",
        "200705": "9.02",
        "200706": "9.41",
        "200707": "12.11",
        "200708": "11.06",
        "200709": "11.58",
        "200710": "11.20",
        "200711": "11.22",
        "200712": "9.69",
        "200801": "8.83",
        "200802": "8.73",
        "200803": "9.20",
        "200804": "9.49",
        "200805": "9.30",
        "200806": "7.85",
        "200807": "6.79",
        "200808": "7.70",
        "200809": "6.01",
        "200810": "4.75",
        "200811": "3.74",
        "200812": "3.95",
        "200901": "4.91",
        "200902": "4.90",
        "200903": "5.38",
        "200904": "6.95",
        "200905": "8.78",
        "200906": "8.66",
        "200907": "10.83",
        "200908": "13.14",
        "200909": "13.41",
        "200910": "13.29",
        "200911": "12.05",
        "200912": "12.63",
        "201001": "16.13",
        "201002": "14.32",
        "201003": "15.84",
        "201004": "16.67",
        "201005": "14.49",
        "201006": "13.22",
        "201007": "13.28",
        "201008": "13.81",
        "201009": "13.02",
        "201010": "12.35",
        "201011": "9.80",
        "201012": "10.83",
        "201101": "10.97",
        "201102": "9.89",
        "201103": "9.32",
        "201104": "8.95",
        "201105": "8.77",
        "201106": "8.11",
        "201107": "7.18",
        "201108": "6.40",
        "201109": "6.40",
        "201110": "6.39",
        "201111": "5.62",
        "201112": "4.69",
        "201201": "4.94",
        "201202": "7.06",
        "201203": "7.82",
        "201204": "6.24",
        "201205": "5.86",
        "201206": "5.59",
        "201207": "5.26",
        "201208": "6.11",
        "201209": "6.13",
        "201210": "5.24",
        "201211": "5.27",
        "201212": "5.80",
        "201301": "5.56",
        "201302": "5.39",
        "201303": "5.26",
        "201304": "5.79",
        "201305": "6.60",
        "201306": "7.22",
        "201307": "7.05",
        "201308": "6.66",
        "201309": "6.46",
        "201310": "6.33",
        "201311": "6.31",
        "201312": "6.90",
        "201401": "6.90",
        "201402": "7.26",
        "201403": "7.67",
        "201404": "7.38",
        "201405": "7.07",
        "201406": "7.45",
        "201407": "7.22",
        "201408": "6.91",
        "201409": "6.65",
        "201410": "6.30",
        "201411": "6.06",
        "201412": "6.35",
        "201501": "7.05",
        "201502": "7.00",
        "201503": "6.99",
        "201504": "6.67",
        "201505": "6.92",
        "201506": "7.31",
        "201507": "6.73",
        "201508": "7.01",
        "201509": "7.89",
        "201510": "7.63",
        "201511": "8.63",
        "201512": "8.62",
        "201601": "7.93",
        "201602": "7.91",
        "201603": "9.39",
        "201604": "10.10",
        "201605": "9.35",
        "201606": "10.09",
        "201607": "10.74",
        "201608": "12.57",
        "201609": "11.79",
        "201610": "12.44",
        "201611": "11.09",
        "201612": "11.18",
        "201701": "10.79",
        "201702": "11.29",
        "201703": "11.11",
        "201704": "10.58",
        "201705": "9.26",
        "201706": "9.50",
        "201707": "9.42",
        "201708": "10.02",
        "201709": "11.27",
        "201710": "10.94",
        "201711": "11.77",
        "201712": "11.39",
        "201801": "12.13",
        "201802": "11.31",
        "201803": "11.94",
        "201804": "11.16",
        "201805": "11.75",
        "201806": "13.23",
        "201807": "11.11",
        "201808": "10.07",
        "201809": "9.34",
        "201810": "8.49",
        "201811": "9.56",
        "201812": "9.85",
        "201901": "9.72",
        "201902": "9.57",
        "201903": "10.07",
        "201904": "10.10",
        "201905": "9.96",
        "201906": "11.02",
        "201907": "11.60",
        "201908": "11.41",
        "201909": "11.66",
        "201910": "11.35",
        "201911": "11.06",
        "201912": "11.55",
        "202001": "11.33",
        "202002": "10.53",
        "202003": "9.27",
        "202004": "9.25",
        "202005": "9.65",
        "202006": "9.42",
        "202007": "9.84",
        "202008": "9.81",
        "202009": "11.28",
        "202010": "11.46",
        "202011": "13.03",
        "202012": "19.20",
        "202101": "17.40",
        "202102": "17.52",
        "202103": "18.08",
        "202104": "18.50",
        "202105": "15.08",
        "202106": "14.75",
        "202107": "14.62",
        "202108": "14.69",
        "202109": "15.27",
        "202110": "15.42",
        "202111": "17.64",
        "202112": "18.24",
        "202201": "18.24",
        "202202": "18.58",
        "202203": "17.88",
        "202204": "18.44",
        "202205": "17.44",
        "202206": "17.06",
        "202207": "15.74",
        "202208": "16.18",
        "202209": "16.46",
        "202210": "15.47",
        "202211": "15.99",
        "202212": "17.04",
        "202301": "17.10",
        "202302": "17.42",
        "202303": "16.43",
        "202304": "15.68",
        "202305": "15.50"
    },
    "quarters": {
        "20011": {
            "year_quarter": 20011,
            "year": 2001,
            "quarter": 1,
            "eps": null,
            "eps_growth_year": null,
            "eps_4q": null,
            "eps_4q_growth_year": null,
            "roe": null,
            "roe_4q": 0,
            "gross_profit": null,
            "gross_margin": null,
            "gross_margin_4q_avg": 0,
            "net_income": null,
            "revenue": null,
            "common_shares": null,
            "book_valuer_per_share": null,
            "book_valuer_per_share_4q_avg": 0,
            "equity": null,
            "current_ratio": null,
            "debt_ratio": null,
            "inventory_turnover_ratio": null,
            "account_receivable_turnover_ratio": null,
            "reinvestment_rate": null,
            "research_to_sale_ratio": null,
            "price_fair": 0,
            "eps_avg_yearly": 0,
            "eps_latest_yearly": 0,
            "eps_growth_yearly": 0
        },
        "20012": {
            "year_quarter": 20012,
            "year": 2001,
            "quarter": 2,
            "eps": null,
            "eps_growth_year": null,
            "eps_4q": null,
            "eps_4q_growth_year": null,
            "roe": null,
            "roe_4q": 0,
            "gross_profit": null,
            "gross_margin": null,
            "gross_margin_4q_avg": 0,
            "net_income": null,
            "revenue": null,
            "common_shares": null,
            "book_valuer_per_share": null,
            "book_valuer_per_share_4q_avg": 0,
            "equity": null,
            "current_ratio": null,
            "debt_ratio": null,
            "inventory_turnover_ratio": null,
            "account_receivable_turnover_ratio": null,
            "reinvestment_rate": null,
            "research_to_sale_ratio": null,
            "price_fair": 0,
            "eps_avg_yearly": 0,
            "eps_latest_yearly": 0,
            "eps_growth_yearly": 0
        },
        "20013": {
            "year_quarter": 20013,
            "year": 2001,
            "quarter": 3,
            "eps": 0.41,
            "eps_growth_year": null,
            "eps_4q": null,
            "eps_4q_growth_year": null,
            "roe": 1.69,
            "roe_4q": 1.69,
            "gross_profit": 164925,
            "gross_margin": 31.73,
            "gross_margin_4q_avg": 10.58,
            "net_income": 54535,
            "revenue": 519792,
            "common_shares": 1339958,
            "book_valuer_per_share": 24.1,
            "book_valuer_per_share_4q_avg": 8.03,
            "equity": 3229736,
            "current_ratio": 90.37,
            "debt_ratio": 37.23,
            "inventory_turnover_ratio": 2.16,
            "account_receivable_turnover_ratio": null,
            "reinvestment_rate": null,
            "research_to_sale_ratio": null,
            "price_fair": 0,
            "eps_avg_yearly": 0,
            "eps_latest_yearly": 0,
            "eps_growth_yearly": 0
        },
        "20014": {
            "year_quarter": 20014,
            "year": 2001,
            "quarter": 4,
            "eps": 1.41,
            "eps_growth_year": null,
            "eps_4q": null,
            "eps_4q_growth_year": null,
            "roe": 5.67,
            "roe_4q": 7.359999999999999,
            "gross_profit": 312373,
            "gross_margin": 42.9,
            "gross_margin_4q_avg": 18.66,
            "net_income": 188308,
            "revenue": 728105,
            "common_shares": 1339958,
            "book_valuer_per_share": 25.51,
            "book_valuer_per_share_4q_avg": 12.4,
            "equity": 3417658,
            "current_ratio": 154.53,
            "debt_ratio": 33.91,
            "inventory_turnover_ratio": 2.54,
            "account_receivable_turnover_ratio": null,
            "reinvestment_rate": null,
            "research_to_sale_ratio": null,
            "price_fair": 0,
            "eps_avg_yearly": 0,
            "eps_latest_yearly": 0,
            "eps_growth_yearly": 0
        },
        "20021": {
            "year_quarter": 20021,
            "year": 2002,
            "quarter": 1,
            "eps": 0.52,
            "eps_growth_year": null,
            "eps_4q": null,
            "eps_4q_growth_year": null,
            "roe": 2.04,
            "roe_4q": 9.4,
            "gross_profit": 194684,
            "gross_margin": 38.08,
            "gross_margin_4q_avg": 28.18,
            "net_income": 70177,
            "revenue": 511279,
            "common_shares": 1339958,
            "book_valuer_per_share": 25.84,
            "book_valuer_per_share_4q_avg": 18.86,
            "equity": 3462524,
            "current_ratio": 165.9,
            "debt_ratio": 33.55,
            "inventory_turnover_ratio": 2.55,
            "account_receivable_turnover_ratio": null,
            "reinvestment_rate": null,
            "research_to_sale_ratio": null,
            "price_fair": 6.24,
            "eps_avg_yearly": 2.08,
            "eps_latest_yearly": 2.08,
            "eps_growth_yearly": -252.48
        },
        "20022": {
            "year_quarter": 20022,
            "year": 2002,
            "quarter": 2,
            "eps": 0.33,
            "eps_growth_year": null,
            "eps_4q": 2.66,
            "eps_4q_growth_year": null,
            "roe": 1.28,
            "roe_4q": 10.68,
            "gross_profit": 187956,
            "gross_margin": 45.71,
            "gross_margin_4q_avg": 39.61,
            "net_income": 44320,
            "revenue": 411230,
            "common_shares": 1339958,
            "book_valuer_per_share": 25.99,
            "book_valuer_per_share_4q_avg": 25.36,
            "equity": 3482764,
            "current_ratio": 163.58,
            "debt_ratio": 32.07,
            "inventory_turnover_ratio": 2.29,
            "account_receivable_turnover_ratio": null,
            "reinvestment_rate": null,
            "research_to_sale_ratio": null,
            "price_fair": 5.1,
            "eps_avg_yearly": 1.7,
            "eps_latest_yearly": 1.32,
            "eps_growth_yearly": -199.32
        },
        "20023": {
            "year_quarter": 20023,
            "year": 2002,
            "quarter": 3,
            "eps": 0.81,
            "eps_growth_year": 97.56,
            "eps_4q": 3.07,
            "eps_4q_growth_year": null,
            "roe": 3.07,
            "roe_4q": 12.059999999999999,
            "gross_profit": 244612,
            "gross_margin": 47.97,
            "gross_margin_4q_avg": 43.67,
            "net_income": 108686,
            "revenue": 509931,
            "common_shares": 1339958,
            "book_valuer_per_share": 26.8,
            "book_valuer_per_share_4q_avg": 26.04,
            "equity": 3591450,
            "current_ratio": 152.15,
            "debt_ratio": 34.4,
            "inventory_turnover_ratio": 2.58,
            "account_receivable_turnover_ratio": null,
            "reinvestment_rate": null,
            "research_to_sale_ratio": null,
            "price_fair": 77.47,
            "eps_avg_yearly": 2.21,
            "eps_latest_yearly": 3.24,
            "eps_growth_yearly": 61.06
        },
        "20024": {
            "year_quarter": 20024,
            "year": 2002,
            "quarter": 4,
            "eps": 1.26,
            "eps_growth_year": -10.64,
            "eps_4q": 2.74,
            "eps_4q_growth_year": null,
            "roe": 5.14,
            "roe_4q": 11.529999999999998,
            "gross_profit": 335845,
            "gross_margin": 44.76,
            "gross_margin_4q_avg": 44.13,
            "net_income": 189858,
            "revenue": 750292,
            "common_shares": 1510000,
            "book_valuer_per_share": 25.19,
            "book_valuer_per_share_4q_avg": 25.96,
            "equity": 3803047,
            "current_ratio": 236.87,
            "debt_ratio": 27.26,
            "inventory_turnover_ratio": 3.58,
            "account_receivable_turnover_ratio": null,
            "reinvestment_rate": null,
            "research_to_sale_ratio": null,
            "price_fair": 102.2,
            "eps_avg_yearly": 2.92,
            "eps_latest_yearly": 5.04,
            "eps_growth_yearly": 101.35
        },
        "20031": {
            "year_quarter": 20031,
            "year": 2003,
            "quarter": 1,
            "eps": -0.11,
            "eps_growth_year": -121.15,
            "eps_4q": 2.19,
            "eps_4q_growth_year": null,
            "roe": -0.43,
            "roe_4q": 9.059999999999999,
            "gross_profit": 65641,
            "gross_margin": 16.16,
            "gross_margin_4q_avg": 38.65,
            "net_income": -16372,
            "revenue": 406243,
            "common_shares": 1510000,
            "book_valuer_per_share": 24.97,
            "book_valuer_per_share_4q_avg": 25.74,
            "equity": 3769911,
            "current_ratio": 254.89,
            "debt_ratio": 24.65,
            "inventory_turnover_ratio": 2.99,
            "account_receivable_turnover_ratio": null,
            "reinvestment_rate": null,
            "research_to_sale_ratio": null,
            "price_fair": 102.2,
            "eps_avg_yearly": 2.92,
            "eps_latest_yearly": 5.04,
            "eps_growth_yearly": 101.35
        },
        "20032": {
            "year_quarter": 20032,
            "year": 2003,
            "quarter": 2,
            "eps": 0.19,
            "eps_growth_year": -42.42,
            "eps_4q": 2.04,
            "eps_4q_growth_year": -23.17,
            "roe": 0.78,
            "roe_4q": 8.559999999999999,
            "gross_profit": 108699,
            "gross_margin": 21.25,
            "gross_margin_4q_avg": 32.54,
            "net_income": 28914,
            "revenue": 511539,
            "common_shares": 1510000,
            "book_valuer_per_share": 24.45,
            "book_valuer_per_share_4q_avg": 25.35,
            "equity": 3692125,
            "current_ratio": 149.15,
            "debt_ratio": 28.32,
            "inventory_turnover_ratio": 4.63,
            "account_receivable_turnover_ratio": null,
            "reinvestment_rate": null,
            "research_to_sale_ratio": null,
            "price_fair": 102.2,
            "eps_avg_yearly": 2.92,
            "eps_latest_yearly": 5.04,
            "eps_growth_yearly": 101.35
        },
        "20033": {
            "year_quarter": 20033,
            "year": 2003,
            "quarter": 3,
            "eps": 1.15,
            "eps_growth_year": 41.98,
            "eps_4q": 2.33,
            "eps_4q_growth_year": -23.96,
            "roe": 5.2,
            "roe_4q": 10.690000000000001,
            "gross_profit": 353606,
            "gross_margin": 39.07,
            "gross_margin_4q_avg": 30.31,
            "net_income": 196939,
            "revenue": 905146,
            "common_shares": 1713500,
            "book_valuer_per_share": 22.67,
            "book_valuer_per_share_4q_avg": 24.32,
            "equity": 3884063,
            "current_ratio": 196.71,
            "debt_ratio": 38.46,
            "inventory_turnover_ratio": 6.65,
            "account_receivable_turnover_ratio": null,
            "reinvestment_rate": null,
            "research_to_sale_ratio": null,
            "price_fair": 113.96,
            "eps_avg_yearly": 3.26,
            "eps_latest_yearly": 4.6,
            "eps_growth_yearly": 485.29
        },
        "20034": {
            "year_quarter": 20034,
            "year": 2003,
            "quarter": 4,
            "eps": 1.43,
            "eps_growth_year": 13.49,
            "eps_4q": 2.65,
            "eps_4q_growth_year": -3.38,
            "roe": 5.85,
            "roe_4q": 11.4,
            "gross_profit": 509881,
            "gross_margin": 51.61,
            "gross_margin_4q_avg": 32.02,
            "net_income": 245816,
            "revenue": 987990,
            "common_shares": 1713500,
            "book_valuer_per_share": 26.39,
            "book_valuer_per_share_4q_avg": 24.62,
            "equity": 4521854,
            "current_ratio": 185.06,
            "debt_ratio": 33,
            "inventory_turnover_ratio": 4.51,
            "account_receivable_turnover_ratio": null,
            "reinvestment_rate": null,
            "research_to_sale_ratio": null,
            "price_fair": 128.33,
            "eps_avg_yearly": 3.67,
            "eps_latest_yearly": 5.72,
            "eps_growth_yearly": 420.64
        },
        "20041": {
            "year_quarter": 20041,
            "year": 2004,
            "quarter": 1,
            "eps": 0.27,
            "eps_growth_year": null,
            "eps_4q": 2.81,
            "eps_4q_growth_year": 28.24,
            "roe": 1.1,
            "roe_4q": 12.929999999999998,
            "gross_profit": 180956,
            "gross_margin": 39.23,
            "gross_margin_4q_avg": 37.79,
            "net_income": 50078,
            "revenue": 461310,
            "common_shares": 1839872,
            "book_valuer_per_share": 24.92,
            "book_valuer_per_share_4q_avg": 24.61,
            "equity": 4585826,
            "current_ratio": 197.7,
            "debt_ratio": 26.57,
            "inventory_turnover_ratio": 2.86,
            "account_receivable_turnover_ratio": null,
            "reinvestment_rate": null,
            "research_to_sale_ratio": null,
            "price_fair": 115.4,
            "eps_avg_yearly": 3.3,
            "eps_latest_yearly": 1.08,
            "eps_growth_yearly": 314.2
        },
        "20042": {
            "year_quarter": 20042,
            "year": 2004,
            "quarter": 2,
            "eps": 0.05,
            "eps_growth_year": -73.68,
            "eps_4q": 2.89,
            "eps_4q_growth_year": 41.37,
            "roe": 0.2,
            "roe_4q": 12.35,
            "gross_profit": 109403,
            "gross_margin": 22.92,
            "gross_margin_4q_avg": 38.21,
            "net_income": 8677,
            "revenue": 477373,
            "common_shares": 1839872,
            "book_valuer_per_share": 23.05,
            "book_valuer_per_share_4q_avg": 24.26,
            "equity": 4240522,
            "current_ratio": 146.5,
            "debt_ratio": 31.97,
            "inventory_turnover_ratio": 3.76,
            "account_receivable_turnover_ratio": null,
            "reinvestment_rate": null,
            "research_to_sale_ratio": null,
            "price_fair": 101.85,
            "eps_avg_yearly": 2.91,
            "eps_latest_yearly": 0.2,
            "eps_growth_yearly": 234.18
        },
        "20043": {
            "year_quarter": 20043,
            "year": 2004,
            "quarter": 3,
            "eps": 0.75,
            "eps_growth_year": -34.78,
            "eps_4q": 2.24,
            "eps_4q_growth_year": -4.07,
            "roe": 3.56,
            "roe_4q": 10.71,
            "gross_profit": 427155,
            "gross_margin": 47.54,
            "gross_margin_4q_avg": 40.33,
            "net_income": 153619,
            "revenue": 898491,
            "common_shares": 2083954,
            "book_valuer_per_share": 21.11,
            "book_valuer_per_share_4q_avg": 23.87,
            "equity": 4400070,
            "current_ratio": 154.14,
            "debt_ratio": 31.8,
            "inventory_turnover_ratio": 4.18,
            "account_receivable_turnover_ratio": null,
            "reinvestment_rate": null,
            "research_to_sale_ratio": null,
            "price_fair": 102.2,
            "eps_avg_yearly": 2.92,
            "eps_latest_yearly": 3,
            "eps_growth_yearly": 830.38
        },
        "20044": {
            "year_quarter": 20044,
            "year": 2004,
            "quarter": 4,
            "eps": 0.43,
            "eps_growth_year": -69.93,
            "eps_4q": 1.46,
            "eps_4q_growth_year": -44.72,
            "roe": 1.98,
            "roe_4q": 6.84,
            "gross_profit": 386625,
            "gross_margin": 43.47,
            "gross_margin_4q_avg": 38.29,
            "net_income": 88310,
            "revenue": 889388,
            "common_shares": 2083954,
            "book_valuer_per_share": 21.61,
            "book_valuer_per_share_4q_avg": 22.67,
            "equity": 4503048,
            "current_ratio": 161.07,
            "debt_ratio": 32.76,
            "inventory_turnover_ratio": 3.88,
            "account_receivable_turnover_ratio": null,
            "reinvestment_rate": null,
            "research_to_sale_ratio": null,
            "price_fair": 98,
            "eps_avg_yearly": 2.8,
            "eps_latest_yearly": 1.72,
            "eps_growth_yearly": 730.28
        },
        "20051": {
            "year_quarter": 20051,
            "year": 2005,
            "quarter": 1,
            "eps": 0.06,
            "eps_growth_year": -77.78,
            "eps_4q": 1.39,
            "eps_4q_growth_year": -50.57,
            "roe": 0.25,
            "roe_4q": 5.99,
            "gross_profit": 148528,
            "gross_margin": 32.39,
            "gross_margin_4q_avg": 36.58,
            "net_income": 11301,
            "revenue": 458556,
            "common_shares": 2083954,
            "book_valuer_per_share": 21.62,
            "book_valuer_per_share_4q_avg": 21.85,
            "equity": 4505883,
            "current_ratio": 197.88,
            "debt_ratio": 28.81,
            "inventory_turnover_ratio": 1.69,
            "account_receivable_turnover_ratio": null,
            "reinvestment_rate": null,
            "research_to_sale_ratio": null,
            "price_fair": 89.85,
            "eps_avg_yearly": 2.57,
            "eps_latest_yearly": 0.24,
            "eps_growth_yearly": 632.6
        },
        "20052": {
            "year_quarter": 20052,
            "year": 2005,
            "quarter": 2,
            "eps": -0.74,
            "eps_growth_year": -1580,
            "eps_4q": 0.49,
            "eps_4q_growth_year": -82.93,
            "roe": -3.41,
            "roe_4q": 2.38,
            "gross_profit": -73143,
            "gross_margin": -31.28,
            "gross_margin_4q_avg": 23.03,
            "net_income": -150440,
            "revenue": 233818,
            "common_shares": 2083954,
            "book_valuer_per_share": 20.71,
            "book_valuer_per_share_4q_avg": 21.26,
            "equity": 4316431,
            "current_ratio": 219.67,
            "debt_ratio": 27.94,
            "inventory_turnover_ratio": 1.63,
            "account_receivable_turnover_ratio": null,
            "reinvestment_rate": 225.26,
            "research_to_sale_ratio": null,
            "price_fair": 89.85,
            "eps_avg_yearly": 2.57,
            "eps_latest_yearly": 0.24,
            "eps_growth_yearly": 632.6
        },
        "20053": {
            "year_quarter": 20053,
            "year": 2005,
            "quarter": 3,
            "eps": -0.43,
            "eps_growth_year": -157.33,
            "eps_4q": -0.66,
            "eps_4q_growth_year": -129.66,
            "roe": -2.03,
            "roe_4q": -3.2099999999999995,
            "gross_profit": -14676,
            "gross_margin": -4.97,
            "gross_margin_4q_avg": 9.9,
            "net_income": -87425,
            "revenue": 295275,
            "common_shares": 2083954,
            "book_valuer_per_share": 20.54,
            "book_valuer_per_share_4q_avg": 21.12,
            "equity": 4279422,
            "current_ratio": 220.6,
            "debt_ratio": 32.32,
            "inventory_turnover_ratio": 1.88,
            "account_receivable_turnover_ratio": null,
            "reinvestment_rate": -75.66,
            "research_to_sale_ratio": null,
            "price_fair": 89.85,
            "eps_avg_yearly": 2.57,
            "eps_latest_yearly": 0.24,
            "eps_growth_yearly": 632.6
        },
        "20054": {
            "year_quarter": 20054,
            "year": 2005,
            "quarter": 4,
            "eps": -0.76,
            "eps_growth_year": -276.74,
            "eps_4q": -1.78,
            "eps_4q_growth_year": -221.57,
            "roe": -4.09,
            "roe_4q": -9.28,
            "gross_profit": 69158,
            "gross_margin": 16.36,
            "gross_margin_4q_avg": 3.13,
            "net_income": -170309,
            "revenue": 422720,
            "common_shares": 2292726,
            "book_valuer_per_share": 17.62,
            "book_valuer_per_share_4q_avg": 20.12,
            "equity": 4039151,
            "current_ratio": 185.94,
            "debt_ratio": 36.64,
            "inventory_turnover_ratio": 2.05,
            "account_receivable_turnover_ratio": null,
            "reinvestment_rate": 18.12,
            "research_to_sale_ratio": null,
            "price_fair": 89.85,
            "eps_avg_yearly": 2.57,
            "eps_latest_yearly": 0.24,
            "eps_growth_yearly": 632.6
        },
        "20061": {
            "year_quarter": 20061,
            "year": 2006,
            "quarter": 1,
            "eps": -0.4,
            "eps_growth_year": -766.67,
            "eps_4q": -2.28,
            "eps_4q_growth_year": -263.72,
            "roe": -2.18,
            "roe_4q": -11.709999999999999,
            "gross_profit": 540,
            "gross_margin": 0.2,
            "gross_margin_4q_avg": -4.92,
            "net_income": -87002,
            "revenue": 276982,
            "common_shares": 2292726,
            "book_valuer_per_share": 17.15,
            "book_valuer_per_share_4q_avg": 19.01,
            "equity": 3933026,
            "current_ratio": 196.19,
            "debt_ratio": 30.01,
            "inventory_turnover_ratio": 2.1,
            "account_receivable_turnover_ratio": null,
            "reinvestment_rate": -171.37,
            "research_to_sale_ratio": null,
            "price_fair": 91.56,
            "eps_avg_yearly": 2.62,
            "eps_latest_yearly": 0.24,
            "eps_growth_yearly": 721.11
        },
        "20062": {
            "year_quarter": 20062,
            "year": 2006,
            "quarter": 2,
            "eps": -0.45,
            "eps_growth_year": null,
            "eps_4q": -1.94,
            "eps_4q_growth_year": -492.67,
            "roe": -2.55,
            "roe_4q": -10.85,
            "gross_profit": 26978,
            "gross_margin": 9.7,
            "gross_margin_4q_avg": 5.32,
            "net_income": -99325,
            "revenue": 277991,
            "common_shares": 2292726,
            "book_valuer_per_share": 16.84,
            "book_valuer_per_share_4q_avg": 18.04,
            "equity": 3861473,
            "current_ratio": 201.12,
            "debt_ratio": 30.59,
            "inventory_turnover_ratio": 3.47,
            "account_receivable_turnover_ratio": null,
            "reinvestment_rate": -245.94,
            "research_to_sale_ratio": null,
            "price_fair": 96.6,
            "eps_avg_yearly": 2.76,
            "eps_latest_yearly": 0.24,
            "eps_growth_yearly": 817.47
        },
        "20063": {
            "year_quarter": 20063,
            "year": 2006,
            "quarter": 3,
            "eps": 0.04,
            "eps_growth_year": null,
            "eps_4q": -1.46,
            "eps_4q_growth_year": null,
            "roe": 0.24,
            "roe_4q": -8.58,
            "gross_profit": 81324,
            "gross_margin": 23.26,
            "gross_margin_4q_avg": 12.38,
            "net_income": 9513,
            "revenue": 349676,
            "common_shares": 2292726,
            "book_valuer_per_share": 17.03,
            "book_valuer_per_share_4q_avg": 17.16,
            "equity": 3905439,
            "current_ratio": 177.2,
            "debt_ratio": 27.38,
            "inventory_turnover_ratio": 3.91,
            "account_receivable_turnover_ratio": null,
            "reinvestment_rate": -360.29,
            "research_to_sale_ratio": null,
            "price_fair": 94.5,
            "eps_avg_yearly": 2.7,
            "eps_latest_yearly": 0.24,
            "eps_growth_yearly": 846.93
        },
        "20064": {
            "year_quarter": 20064,
            "year": 2006,
            "quarter": 4,
            "eps": -2.4,
            "eps_growth_year": null,
            "eps_4q": -3.21,
            "eps_4q_growth_year": null,
            "roe": -14.29,
            "roe_4q": -18.779999999999998,
            "gross_profit": 186411,
            "gross_margin": 36.69,
            "gross_margin_4q_avg": 17.46,
            "net_income": -524187,
            "revenue": 508095,
            "common_shares": 2292726,
            "book_valuer_per_share": 14.97,
            "book_valuer_per_share_4q_avg": 16.5,
            "equity": 3433433,
            "current_ratio": 152.85,
            "debt_ratio": 40.23,
            "inventory_turnover_ratio": 2.15,
            "account_receivable_turnover_ratio": null,
            "reinvestment_rate": null,
            "research_to_sale_ratio": null,
            "price_fair": 82.8,
            "eps_avg_yearly": 2.37,
            "eps_latest_yearly": 0.24,
            "eps_growth_yearly": 936.17
        },
        "20071": {
            "year_quarter": 20071,
            "year": 2007,
            "quarter": 1,
            "eps": 0,
            "eps_growth_year": null,
            "eps_4q": -2.68,
            "eps_4q_growth_year": null,
            "roe": 0.01,
            "roe_4q": -16.59,
            "gross_profit": 95501,
            "gross_margin": 29.96,
            "gross_margin_4q_avg": 24.9,
            "net_income": 512,
            "revenue": 318748,
            "common_shares": 2292726,
            "book_valuer_per_share": 15.11,
            "book_valuer_per_share_4q_avg": 15.99,
            "equity": 3463338,
            "current_ratio": 148.52,
            "debt_ratio": 31.84,
            "inventory_turnover_ratio": 1.57,
            "account_receivable_turnover_ratio": null,
            "reinvestment_rate": null,
            "research_to_sale_ratio": null,
            "price_fair": 82.8,
            "eps_avg_yearly": 2.37,
            "eps_latest_yearly": 0.24,
            "eps_growth_yearly": 936.17
        },
        "20072": {
            "year_quarter": 20072,
            "year": 2007,
            "quarter": 2,
            "eps": 0.03,
            "eps_growth_year": null,
            "eps_4q": -2.19,
            "eps_4q_growth_year": null,
            "roe": 0.2,
            "roe_4q": -13.839999999999998,
            "gross_profit": 95652,
            "gross_margin": 27.6,
            "gross_margin_4q_avg": 29.38,
            "net_income": 6948,
            "revenue": 346516,
            "common_shares": 2292726,
            "book_valuer_per_share": 15.34,
            "book_valuer_per_share_4q_avg": 15.61,
            "equity": 3516686,
            "current_ratio": 144.84,
            "debt_ratio": 29.43,
            "inventory_turnover_ratio": 4.28,
            "account_receivable_turnover_ratio": null,
            "reinvestment_rate": null,
            "research_to_sale_ratio": null,
            "price_fair": 82.8,
            "eps_avg_yearly": 2.37,
            "eps_latest_yearly": 0.24,
            "eps_growth_yearly": 936.17
        },
        "20073": {
            "year_quarter": 20073,
            "year": 2007,
            "quarter": 3,
            "eps": 0.34,
            "eps_growth_year": 750,
            "eps_4q": -2.03,
            "eps_4q_growth_year": null,
            "roe": 2.04,
            "roe_4q": -12.04,
            "gross_profit": 149088,
            "gross_margin": 37.34,
            "gross_margin_4q_avg": 32.9,
            "net_income": 74103,
            "revenue": 399309,
            "common_shares": 2330226,
            "book_valuer_per_share": 16.15,
            "book_valuer_per_share_4q_avg": 15.39,
            "equity": 3763466,
            "current_ratio": 151.22,
            "debt_ratio": 24.73,
            "inventory_turnover_ratio": 4.58,
            "account_receivable_turnover_ratio": null,
            "reinvestment_rate": null,
            "research_to_sale_ratio": null,
            "price_fair": 66.6,
            "eps_avg_yearly": 1.9,
            "eps_latest_yearly": 1.36,
            "eps_growth_yearly": 1237.92
        },
        "20074": {
            "year_quarter": 20074,
            "year": 2007,
            "quarter": 4,
            "eps": 0.15,
            "eps_growth_year": null,
            "eps_4q": 0.51,
            "eps_4q_growth_year": null,
            "roe": 0.9,
            "roe_4q": 3.15,
            "gross_profit": 210534,
            "gross_margin": 43.23,
            "gross_margin_4q_avg": 34.53,
            "net_income": 33669,
            "revenue": 487033,
            "common_shares": 2330226,
            "book_valuer_per_share": 16.13,
            "book_valuer_per_share_4q_avg": 15.68,
            "equity": 3758432,
            "current_ratio": 188.47,
            "debt_ratio": 28.89,
            "inventory_turnover_ratio": 3.28,
            "account_receivable_turnover_ratio": null,
            "reinvestment_rate": null,
            "research_to_sale_ratio": null,
            "price_fair": 41,
            "eps_avg_yearly": 1.17,
            "eps_latest_yearly": 0.6,
            "eps_growth_yearly": 1192.08
        },
        "20081": {
            "year_quarter": 20081,
            "year": 2008,
            "quarter": 1,
            "eps": -0.24,
            "eps_growth_year": null,
            "eps_4q": 0.26,
            "eps_4q_growth_year": null,
            "roe": -1.49,
            "roe_4q": 1.6500000000000001,
            "gross_profit": 82557,
            "gross_margin": 16.3,
            "gross_margin_4q_avg": 31.12,
            "net_income": -55015,
            "revenue": 506442,
            "common_shares": 2330226,
            "book_valuer_per_share": 15.56,
            "book_valuer_per_share_4q_avg": 15.8,
            "equity": 3625623,
            "current_ratio": 227.76,
            "debt_ratio": 26.44,
            "inventory_turnover_ratio": 3.86,
            "account_receivable_turnover_ratio": null,
            "reinvestment_rate": null,
            "research_to_sale_ratio": null,
            "price_fair": 41.53,
            "eps_avg_yearly": 1.19,
            "eps_latest_yearly": 0.6,
            "eps_growth_yearly": 1444.84
        },
        "20082": {
            "year_quarter": 20082,
            "year": 2008,
            "quarter": 2,
            "eps": -0.05,
            "eps_growth_year": -266.67,
            "eps_4q": 0.17,
            "eps_4q_growth_year": null,
            "roe": -0.35,
            "roe_4q": 1.1,
            "gross_profit": 111823,
            "gross_margin": 16.64,
            "gross_margin_4q_avg": 28.38,
            "net_income": -12470,
            "revenue": 672165,
            "common_shares": 2330226,
            "book_valuer_per_share": 15.15,
            "book_valuer_per_share_4q_avg": 15.75,
            "equity": 3531368,
            "current_ratio": 203.22,
            "debt_ratio": 29.69,
            "inventory_turnover_ratio": 5.87,
            "account_receivable_turnover_ratio": null,
            "reinvestment_rate": null,
            "research_to_sale_ratio": null,
            "price_fair": 48.44,
            "eps_avg_yearly": 1.38,
            "eps_latest_yearly": 0.6,
            "eps_growth_yearly": 1798.99
        },
        "20083": {
            "year_quarter": 20083,
            "year": 2008,
            "quarter": 3,
            "eps": -0.38,
            "eps_growth_year": -211.76,
            "eps_4q": -0.52,
            "eps_4q_growth_year": null,
            "roe": -2.56,
            "roe_4q": -3.5000000000000004,
            "gross_profit": 65716,
            "gross_margin": 10.77,
            "gross_margin_4q_avg": 21.74,
            "net_income": -87678,
            "revenue": 610250,
            "common_shares": 2330226,
            "book_valuer_per_share": 14.22,
            "book_valuer_per_share_4q_avg": 15.27,
            "equity": 3313147,
            "current_ratio": 221.81,
            "debt_ratio": 27.27,
            "inventory_turnover_ratio": 4.27,
            "account_receivable_turnover_ratio": null,
            "reinvestment_rate": null,
            "research_to_sale_ratio": null,
            "price_fair": 34.3,
            "eps_avg_yearly": 0.98,
            "eps_latest_yearly": 0.6,
            "eps_growth_yearly": 848.74
        },
        "20084": {
            "year_quarter": 20084,
            "year": 2008,
            "quarter": 4,
            "eps": -1.91,
            "eps_growth_year": -1373.33,
            "eps_4q": -2.59,
            "eps_4q_growth_year": -604.44,
            "roe": -14.26,
            "roe_4q": -18.66,
            "gross_profit": 141194,
            "gross_margin": 23.31,
            "gross_margin_4q_avg": 16.76,
            "net_income": -435075,
            "revenue": 605773,
            "common_shares": 2200776,
            "book_valuer_per_share": 12.67,
            "book_valuer_per_share_4q_avg": 14.4,
            "equity": 2788849,
            "current_ratio": 262.73,
            "debt_ratio": 29.56,
            "inventory_turnover_ratio": 3.95,
            "account_receivable_turnover_ratio": 2.74,
            "reinvestment_rate": null,
            "research_to_sale_ratio": null,
            "price_fair": 25.67,
            "eps_avg_yearly": 0.73,
            "eps_latest_yearly": 0.6,
            "eps_growth_yearly": 1188.54
        },
        "20091": {
            "year_quarter": 20091,
            "year": 2009,
            "quarter": 1,
            "eps": -0.14,
            "eps_growth_year": null,
            "eps_4q": -2.57,
            "eps_4q_growth_year": -1085.46,
            "roe": -1.07,
            "roe_4q": -18.240000000000002,
            "gross_profit": 121037,
            "gross_margin": 24.52,
            "gross_margin_4q_avg": 18.81,
            "net_income": -29782,
            "revenue": 493697,
            "common_shares": 2200776,
            "book_valuer_per_share": 12.63,
            "book_valuer_per_share_4q_avg": 13.67,
            "equity": 2779715,
            "current_ratio": 222.42,
            "debt_ratio": 29.34,
            "inventory_turnover_ratio": 5.94,
            "account_receivable_turnover_ratio": 1.22,
            "reinvestment_rate": null,
            "research_to_sale_ratio": null,
            "price_fair": 34.3,
            "eps_avg_yearly": 0.98,
            "eps_latest_yearly": 0.6,
            "eps_growth_yearly": 1954.9
        },
        "20092": {
            "year_quarter": 20092,
            "year": 2009,
            "quarter": 2,
            "eps": -0.13,
            "eps_growth_year": null,
            "eps_4q": -2.63,
            "eps_4q_growth_year": -1623.2,
            "roe": -0.98,
            "roe_4q": -18.869999999999997,
            "gross_profit": 115254,
            "gross_margin": 24.16,
            "gross_margin_4q_avg": 20.69,
            "net_income": -27390,
            "revenue": 476974,
            "common_shares": 2200776,
            "book_valuer_per_share": 12.79,
            "book_valuer_per_share_4q_avg": 13.08,
            "equity": 2815279,
            "current_ratio": 218.01,
            "debt_ratio": 28.36,
            "inventory_turnover_ratio": 6.47,
            "account_receivable_turnover_ratio": 1.29,
            "reinvestment_rate": null,
            "research_to_sale_ratio": null,
            "price_fair": 34.3,
            "eps_avg_yearly": 0.98,
            "eps_latest_yearly": 0.6,
            "eps_growth_yearly": 1954.9
        },
        "20093": {
            "year_quarter": 20093,
            "year": 2009,
            "quarter": 3,
            "eps": -0.08,
            "eps_growth_year": null,
            "eps_4q": -2.31,
            "eps_4q_growth_year": null,
            "roe": -0.58,
            "roe_4q": -16.89,
            "gross_profit": 104807,
            "gross_margin": 21.96,
            "gross_margin_4q_avg": 23.49,
            "net_income": -16312,
            "revenue": 477335,
            "common_shares": 2200776,
            "book_valuer_per_share": 12.92,
            "book_valuer_per_share_4q_avg": 12.75,
            "equity": 2842513,
            "current_ratio": 240.25,
            "debt_ratio": 26.43,
            "inventory_turnover_ratio": 6.57,
            "account_receivable_turnover_ratio": 1.26,
            "reinvestment_rate": null,
            "research_to_sale_ratio": null,
            "price_fair": 34.3,
            "eps_avg_yearly": 0.98,
            "eps_latest_yearly": 0.6,
            "eps_growth_yearly": 1954.9
        },
        "20094": {
            "year_quarter": 20094,
            "year": 2009,
            "quarter": 4,
            "eps": 0.16,
            "eps_growth_year": null,
            "eps_4q": -0.18,
            "eps_4q_growth_year": null,
            "roe": 1.22,
            "roe_4q": -1.4100000000000001,
            "gross_profit": 173204,
            "gross_margin": 33.03,
            "gross_margin_4q_avg": 25.92,
            "net_income": 34999,
            "revenue": 524323,
            "common_shares": 2210116,
            "book_valuer_per_share": 13.42,
            "book_valuer_per_share_4q_avg": 12.94,
            "equity": 2900369,
            "current_ratio": 275.21,
            "debt_ratio": 28.42,
            "inventory_turnover_ratio": 6.58,
            "account_receivable_turnover_ratio": 2.42,
            "reinvestment_rate": null,
            "research_to_sale_ratio": null,
            "price_fair": 34.3,
            "eps_avg_yearly": 0.98,
            "eps_latest_yearly": 0.6,
            "eps_growth_yearly": 1954.9
        },
        "20101": {
            "year_quarter": 20101,
            "year": 2010,
            "quarter": 1,
            "eps": -0.03,
            "eps_growth_year": null,
            "eps_4q": -0.07,
            "eps_4q_growth_year": null,
            "roe": -0.22,
            "roe_4q": -0.5599999999999999,
            "gross_profit": 122498,
            "gross_margin": 26.04,
            "gross_margin_4q_avg": 26.3,
            "net_income": -6414,
            "revenue": 470387,
            "common_shares": 2211351,
            "book_valuer_per_share": 13.42,
            "book_valuer_per_share_4q_avg": 13.14,
            "equity": 2903694,
            "current_ratio": 276.62,
            "debt_ratio": 26.62,
            "inventory_turnover_ratio": 5.51,
            "account_receivable_turnover_ratio": 1.09,
            "reinvestment_rate": null,
            "research_to_sale_ratio": 1.53,
            "price_fair": 34.3,
            "eps_avg_yearly": 0.98,
            "eps_latest_yearly": 0.6,
            "eps_growth_yearly": 1954.9
        },
        "20102": {
            "year_quarter": 20102,
            "year": 2010,
            "quarter": 2,
            "eps": -0.35,
            "eps_growth_year": null,
            "eps_4q": -0.3,
            "eps_4q_growth_year": null,
            "roe": -2.69,
            "roe_4q": -2.27,
            "gross_profit": 97873,
            "gross_margin": 24.3,
            "gross_margin_4q_avg": 26.33,
            "net_income": -76817,
            "revenue": 402851,
            "common_shares": 2213074,
            "book_valuer_per_share": 12.96,
            "book_valuer_per_share_4q_avg": 13.18,
            "equity": 2806072,
            "current_ratio": 278.67,
            "debt_ratio": 27.94,
            "inventory_turnover_ratio": 3.76,
            "account_receivable_turnover_ratio": 1.02,
            "reinvestment_rate": null,
            "research_to_sale_ratio": 2.18,
            "price_fair": 34.3,
            "eps_avg_yearly": 0.98,
            "eps_latest_yearly": 0.6,
            "eps_growth_yearly": 1954.9
        },
        "20103": {
            "year_quarter": 20103,
            "year": 2010,
            "quarter": 3,
            "eps": -0.3,
            "eps_growth_year": null,
            "eps_4q": -0.53,
            "eps_4q_growth_year": null,
            "roe": -2.34,
            "roe_4q": -4.029999999999999,
            "gross_profit": 99188,
            "gross_margin": 25.63,
            "gross_margin_4q_avg": 27.25,
            "net_income": -65581,
            "revenue": 386992,
            "common_shares": 2214476,
            "book_valuer_per_share": 12.91,
            "book_valuer_per_share_4q_avg": 13.18,
            "equity": 2795979,
            "current_ratio": 339.14,
            "debt_ratio": 27.08,
            "inventory_turnover_ratio": 3.26,
            "account_receivable_turnover_ratio": 1.15,
            "reinvestment_rate": null,
            "research_to_sale_ratio": 2.52,
            "price_fair": 34.3,
            "eps_avg_yearly": 0.98,
            "eps_latest_yearly": 0.6,
            "eps_growth_yearly": 1954.9
        },
        "20104": {
            "year_quarter": 20104,
            "year": 2010,
            "quarter": 4,
            "eps": 1.1,
            "eps_growth_year": 590.24,
            "eps_4q": 0.42,
            "eps_4q_growth_year": null,
            "roe": 8.53,
            "roe_4q": 3.2799999999999994,
            "gross_profit": 136736,
            "gross_margin": 31.23,
            "gross_margin_4q_avg": 26.8,
            "net_income": 239238,
            "revenue": 437772,
            "common_shares": 2215386,
            "book_valuer_per_share": 12.99,
            "book_valuer_per_share_4q_avg": 13.07,
            "equity": 2813828,
            "current_ratio": 327.23,
            "debt_ratio": 27.95,
            "inventory_turnover_ratio": 3.79,
            "account_receivable_turnover_ratio": 1.35,
            "reinvestment_rate": null,
            "research_to_sale_ratio": 2.29,
            "price_fair": 34.3,
            "eps_avg_yearly": 0.98,
            "eps_latest_yearly": 0.6,
            "eps_growth_yearly": 1954.9
        },
        "20111": {
            "year_quarter": 20111,
            "year": 2011,
            "quarter": 1,
            "eps": 0.04,
            "eps_growth_year": null,
            "eps_4q": 0.49,
            "eps_4q_growth_year": null,
            "roe": 0.31,
            "roe_4q": 3.81,
            "gross_profit": 100518,
            "gross_margin": 26.39,
            "gross_margin_4q_avg": 26.89,
            "net_income": 8838,
            "revenue": 380867,
            "common_shares": 2216361,
            "book_valuer_per_share": 13.06,
            "book_valuer_per_share_4q_avg": 12.98,
            "equity": 2824420,
            "current_ratio": 374.95,
            "debt_ratio": 27.14,
            "inventory_turnover_ratio": 4.06,
            "account_receivable_turnover_ratio": 1.23,
            "reinvestment_rate": null,
            "research_to_sale_ratio": 2.82,
            "price_fair": 24.73,
            "eps_avg_yearly": 0.71,
            "eps_latest_yearly": 0.16,
            "eps_growth_yearly": 1174.78
        },
        "20112": {
            "year_quarter": 20112,
            "year": 2011,
            "quarter": 2,
            "eps": -0.38,
            "eps_growth_year": null,
            "eps_4q": 0.47,
            "eps_4q_growth_year": null,
            "roe": -2.98,
            "roe_4q": 3.5199999999999996,
            "gross_profit": 58544,
            "gross_margin": 18.59,
            "gross_margin_4q_avg": 25.46,
            "net_income": -81645,
            "revenue": 314927,
            "common_shares": 2216551,
            "book_valuer_per_share": 12.49,
            "book_valuer_per_share_4q_avg": 12.86,
            "equity": 2664154,
            "current_ratio": 320.56,
            "debt_ratio": 28.6,
            "inventory_turnover_ratio": 3.48,
            "account_receivable_turnover_ratio": 1.21,
            "reinvestment_rate": null,
            "research_to_sale_ratio": 4.02,
            "price_fair": 24.73,
            "eps_avg_yearly": 0.71,
            "eps_latest_yearly": 0.16,
            "eps_growth_yearly": 1174.78
        },
        "20113": {
            "year_quarter": 20113,
            "year": 2011,
            "quarter": 3,
            "eps": -0.2,
            "eps_growth_year": null,
            "eps_4q": 0.6,
            "eps_4q_growth_year": null,
            "roe": -1.61,
            "roe_4q": 4.249999999999999,
            "gross_profit": 85159,
            "gross_margin": 23.97,
            "gross_margin_4q_avg": 25.05,
            "net_income": -42017,
            "revenue": 355260,
            "common_shares": 2216551,
            "book_valuer_per_share": 12.43,
            "book_valuer_per_share_4q_avg": 12.74,
            "equity": 2567948,
            "current_ratio": 298.14,
            "debt_ratio": 28.46,
            "inventory_turnover_ratio": 3.5,
            "account_receivable_turnover_ratio": 1.42,
            "reinvestment_rate": null,
            "research_to_sale_ratio": 3.89,
            "price_fair": 1.14,
            "eps_avg_yearly": 0.38,
            "eps_latest_yearly": 0.16,
            "eps_growth_yearly": -304.49
        },
        "20114": {
            "year_quarter": 20114,
            "year": 2011,
            "quarter": 4,
            "eps": -0.1,
            "eps_growth_year": -109.16,
            "eps_4q": -0.66,
            "eps_4q_growth_year": -258.36,
            "roe": -0.81,
            "roe_4q": -5.090000000000001,
            "gross_profit": 132899,
            "gross_margin": 31.1,
            "gross_margin_4q_avg": 25.01,
            "net_income": -20752,
            "revenue": 427310,
            "common_shares": 2216551,
            "book_valuer_per_share": 12.43,
            "book_valuer_per_share_4q_avg": 12.6,
            "equity": 2548214,
            "current_ratio": 324.89,
            "debt_ratio": 28.48,
            "inventory_turnover_ratio": 3.89,
            "account_receivable_turnover_ratio": 1.56,
            "reinvestment_rate": null,
            "research_to_sale_ratio": 3.12,
            "price_fair": 0.48,
            "eps_avg_yearly": 0.16,
            "eps_latest_yearly": 0.16,
            "eps_growth_yearly": -385.45
        },
        "20121": {
            "year_quarter": 20121,
            "year": 2012,
            "quarter": 1,
            "eps": -0.08,
            "eps_growth_year": -300,
            "eps_4q": -0.79,
            "eps_4q_growth_year": -261.8,
            "roe": -0.7,
            "roe_4q": -6.1,
            "gross_profit": 89529,
            "gross_margin": 27.92,
            "gross_margin_4q_avg": 25.4,
            "net_income": -17755,
            "revenue": 320677,
            "common_shares": 2166551,
            "book_valuer_per_share": 12.35,
            "book_valuer_per_share_4q_avg": 12.43,
            "equity": 2532245,
            "current_ratio": 311.81,
            "debt_ratio": 25.6,
            "inventory_turnover_ratio": 3.47,
            "account_receivable_turnover_ratio": 1.23,
            "reinvestment_rate": null,
            "research_to_sale_ratio": 1.64,
            "price_fair": 0.48,
            "eps_avg_yearly": 0.16,
            "eps_latest_yearly": 0.16,
            "eps_growth_yearly": -385.45
        },
        "20122": {
            "year_quarter": 20122,
            "year": 2012,
            "quarter": 2,
            "eps": -0.16,
            "eps_growth_year": null,
            "eps_4q": -0.55,
            "eps_4q_growth_year": -215.82,
            "roe": -1.26,
            "roe_4q": -4.38,
            "gross_profit": 78369,
            "gross_margin": 27.22,
            "gross_margin_4q_avg": 27.55,
            "net_income": -31804,
            "revenue": 287937,
            "common_shares": 2166551,
            "book_valuer_per_share": 12.21,
            "book_valuer_per_share_4q_avg": 12.36,
            "equity": 2503793,
            "current_ratio": 337.2,
            "debt_ratio": 27.02,
            "inventory_turnover_ratio": 3.65,
            "account_receivable_turnover_ratio": 1.25,
            "reinvestment_rate": null,
            "research_to_sale_ratio": 1.28,
            "price_fair": 0.48,
            "eps_avg_yearly": 0.16,
            "eps_latest_yearly": 0.16,
            "eps_growth_yearly": -385.45
        },
        "20123": {
            "year_quarter": 20123,
            "year": 2012,
            "quarter": 3,
            "eps": 0.12,
            "eps_growth_year": null,
            "eps_4q": -0.22,
            "eps_4q_growth_year": -137.12,
            "roe": 0.97,
            "roe_4q": -1.8,
            "gross_profit": 105805,
            "gross_margin": 32.21,
            "gross_margin_4q_avg": 29.61,
            "net_income": 24482,
            "revenue": 328533,
            "common_shares": 2166551,
            "book_valuer_per_share": 12.33,
            "book_valuer_per_share_4q_avg": 12.33,
            "equity": 2529381,
            "current_ratio": 303.56,
            "debt_ratio": 26.32,
            "inventory_turnover_ratio": 4.05,
            "account_receivable_turnover_ratio": 1.44,
            "reinvestment_rate": null,
            "research_to_sale_ratio": 0.41,
            "price_fair": 0.48,
            "eps_avg_yearly": 0.16,
            "eps_latest_yearly": 0.16,
            "eps_growth_yearly": -385.45
        },
        "20124": {
            "year_quarter": 20124,
            "year": 2012,
            "quarter": 4,
            "eps": 0.15,
            "eps_growth_year": null,
            "eps_4q": 0.02,
            "eps_4q_growth_year": null,
            "roe": 1.17,
            "roe_4q": 0.17999999999999972,
            "gross_profit": 101858,
            "gross_margin": 32.58,
            "gross_margin_4q_avg": 29.98,
            "net_income": 29313,
            "revenue": 312621,
            "common_shares": 2166551,
            "book_valuer_per_share": 12.74,
            "book_valuer_per_share_4q_avg": 12.41,
            "equity": 2485951,
            "current_ratio": 320.66,
            "debt_ratio": 23.59,
            "inventory_turnover_ratio": 3.89,
            "account_receivable_turnover_ratio": 1.39,
            "reinvestment_rate": null,
            "research_to_sale_ratio": 0,
            "price_fair": 1.14,
            "eps_avg_yearly": 0.38,
            "eps_latest_yearly": 0.6,
            "eps_growth_yearly": -142.73
        },
        "20131": {
            "year_quarter": 20131,
            "year": 2013,
            "quarter": 1,
            "eps": 0.06,
            "eps_growth_year": null,
            "eps_4q": 0.18,
            "eps_4q_growth_year": null,
            "roe": 0.5,
            "roe_4q": 1.3799999999999997,
            "gross_profit": 73627,
            "gross_margin": 28.1,
            "gross_margin_4q_avg": 30.03,
            "net_income": 12265,
            "revenue": 262010,
            "common_shares": 2066551,
            "book_valuer_per_share": 12.71,
            "book_valuer_per_share_4q_avg": 12.5,
            "equity": 2469685,
            "current_ratio": 349.55,
            "debt_ratio": 20.06,
            "inventory_turnover_ratio": 3.38,
            "account_receivable_turnover_ratio": 1.23,
            "reinvestment_rate": null,
            "research_to_sale_ratio": 0,
            "price_fair": 1,
            "eps_avg_yearly": 0.33,
            "eps_latest_yearly": 0.24,
            "eps_growth_yearly": -175.15
        },
        "20132": {
            "year_quarter": 20132,
            "year": 2013,
            "quarter": 2,
            "eps": -0.14,
            "eps_growth_year": null,
            "eps_4q": 0.22,
            "eps_4q_growth_year": null,
            "roe": -1.04,
            "roe_4q": 1.5999999999999999,
            "gross_profit": 60519,
            "gross_margin": 25.35,
            "gross_margin_4q_avg": 29.56,
            "net_income": -25190,
            "revenue": 238762,
            "common_shares": 2066551,
            "book_valuer_per_share": 12.88,
            "book_valuer_per_share_4q_avg": 12.67,
            "equity": 2396036,
            "current_ratio": 297.92,
            "debt_ratio": 16.36,
            "inventory_turnover_ratio": 3.32,
            "account_receivable_turnover_ratio": 1.22,
            "reinvestment_rate": null,
            "research_to_sale_ratio": 0,
            "price_fair": 1,
            "eps_avg_yearly": 0.33,
            "eps_latest_yearly": 0.24,
            "eps_growth_yearly": -175.15
        },
        "20133": {
            "year_quarter": 20133,
            "year": 2013,
            "quarter": 3,
            "eps": -0.06,
            "eps_growth_year": -150.26,
            "eps_4q": 0.02,
            "eps_4q_growth_year": null,
            "roe": -0.49,
            "roe_4q": 0.1399999999999999,
            "gross_profit": 65545,
            "gross_margin": 24.99,
            "gross_margin_4q_avg": 27.76,
            "net_income": -11765,
            "revenue": 262284,
            "common_shares": 1976551,
            "book_valuer_per_share": 12.87,
            "book_valuer_per_share_4q_avg": 12.8,
            "equity": 2394849,
            "current_ratio": 351.4,
            "debt_ratio": 15.01,
            "inventory_turnover_ratio": 3.86,
            "account_receivable_turnover_ratio": 1.32,
            "reinvestment_rate": null,
            "research_to_sale_ratio": 0,
            "price_fair": 1,
            "eps_avg_yearly": 0.33,
            "eps_latest_yearly": 0.24,
            "eps_growth_yearly": -175.15
        },
        "20134": {
            "year_quarter": 20134,
            "year": 2013,
            "quarter": 4,
            "eps": -0.19,
            "eps_growth_year": -228.11,
            "eps_4q": -0.33,
            "eps_4q_growth_year": -1623.77,
            "roe": -1.45,
            "roe_4q": -2.48,
            "gross_profit": 58087,
            "gross_margin": 24.22,
            "gross_margin_4q_avg": 25.67,
            "net_income": -34344,
            "revenue": 239785,
            "common_shares": 1976551,
            "book_valuer_per_share": 13.04,
            "book_valuer_per_share_4q_avg": 12.88,
            "equity": 2326225,
            "current_ratio": 316.79,
            "debt_ratio": 15.89,
            "inventory_turnover_ratio": 3.69,
            "account_receivable_turnover_ratio": 1.22,
            "reinvestment_rate": null,
            "research_to_sale_ratio": 0,
            "price_fair": 1,
            "eps_avg_yearly": 0.33,
            "eps_latest_yearly": 0.24,
            "eps_growth_yearly": -175.15
        },
        "20141": {
            "year_quarter": 20141,
            "year": 2014,
            "quarter": 1,
            "eps": 0.08,
            "eps_growth_year": 33.33,
            "eps_4q": -0.33,
            "eps_4q_growth_year": -284.35,
            "roe": 0.56,
            "roe_4q": -2.42,
            "gross_profit": 59246,
            "gross_margin": 26.63,
            "gross_margin_4q_avg": 25.3,
            "net_income": 13407,
            "revenue": 222462,
            "common_shares": 1896551,
            "book_valuer_per_share": 13.7,
            "book_valuer_per_share_4q_avg": 13.12,
            "equity": 2439742,
            "current_ratio": 158.05,
            "debt_ratio": 20.12,
            "inventory_turnover_ratio": 3.54,
            "account_receivable_turnover_ratio": 1.2,
            "reinvestment_rate": null,
            "research_to_sale_ratio": 0.76,
            "price_fair": 1,
            "eps_avg_yearly": 0.33,
            "eps_latest_yearly": 0.24,
            "eps_growth_yearly": -175.15
        },
        "20142": {
            "year_quarter": 20142,
            "year": 2014,
            "quarter": 2,
            "eps": -0.07,
            "eps_growth_year": null,
            "eps_4q": -0.25,
            "eps_4q_growth_year": -214.63,
            "roe": -0.51,
            "roe_4q": -1.89,
            "gross_profit": 45672,
            "gross_margin": 22.64,
            "gross_margin_4q_avg": 24.62,
            "net_income": -12133,
            "revenue": 201774,
            "common_shares": 1862401,
            "book_valuer_per_share": 12.96,
            "book_valuer_per_share_4q_avg": 13.14,
            "equity": 2308555,
            "current_ratio": 190.27,
            "debt_ratio": 18.86,
            "inventory_turnover_ratio": 3.45,
            "account_receivable_turnover_ratio": 1.13,
            "reinvestment_rate": null,
            "research_to_sale_ratio": 1.23,
            "price_fair": 1,
            "eps_avg_yearly": 0.33,
            "eps_latest_yearly": 0.24,
            "eps_growth_yearly": -175.15
        },
        "20143": {
            "year_quarter": 20143,
            "year": 2014,
            "quarter": 3,
            "eps": -0.04,
            "eps_growth_year": null,
            "eps_4q": -0.22,
            "eps_4q_growth_year": -1001.08,
            "roe": -0.3,
            "roe_4q": -1.7,
            "gross_profit": 48453,
            "gross_margin": 23.48,
            "gross_margin_4q_avg": 24.24,
            "net_income": -6796,
            "revenue": 206340,
            "common_shares": 1862401,
            "book_valuer_per_share": 13.34,
            "book_valuer_per_share_4q_avg": 13.26,
            "equity": 2265762,
            "current_ratio": 209.67,
            "debt_ratio": 16.77,
            "inventory_turnover_ratio": 3.44,
            "account_receivable_turnover_ratio": 1.25,
            "reinvestment_rate": 68.51,
            "research_to_sale_ratio": 0.99,
            "price_fair": 1,
            "eps_avg_yearly": 0.33,
            "eps_latest_yearly": 0.24,
            "eps_growth_yearly": -175.15
        },
        "20144": {
            "year_quarter": 20144,
            "year": 2014,
            "quarter": 4,
            "eps": -0.33,
            "eps_growth_year": null,
            "eps_4q": -0.36,
            "eps_4q_growth_year": null,
            "roe": -2.64,
            "roe_4q": -2.89,
            "gross_profit": 46571,
            "gross_margin": 22.81,
            "gross_margin_4q_avg": 23.89,
            "net_income": -58820,
            "revenue": 204191,
            "common_shares": 1780671,
            "book_valuer_per_share": 12.32,
            "book_valuer_per_share_4q_avg": 13.08,
            "equity": 2193579,
            "current_ratio": 169.27,
            "debt_ratio": 19.37,
            "inventory_turnover_ratio": 3.4,
            "account_receivable_turnover_ratio": 1.29,
            "reinvestment_rate": null,
            "research_to_sale_ratio": 1.14,
            "price_fair": 1,
            "eps_avg_yearly": 0.33,
            "eps_latest_yearly": 0.24,
            "eps_growth_yearly": -175.15
        },
        "20151": {
            "year_quarter": 20151,
            "year": 2015,
            "quarter": 1,
            "eps": 0.09,
            "eps_growth_year": 12.5,
            "eps_4q": -0.34,
            "eps_4q_growth_year": null,
            "roe": 0.73,
            "roe_4q": -2.7199999999999998,
            "gross_profit": 74531,
            "gross_margin": 29.28,
            "gross_margin_4q_avg": 24.55,
            "net_income": 16490,
            "revenue": 254581,
            "common_shares": 1780671,
            "book_valuer_per_share": 12.92,
            "book_valuer_per_share_4q_avg": 12.89,
            "equity": 2301196,
            "current_ratio": 175.37,
            "debt_ratio": 22.82,
            "inventory_turnover_ratio": 4.03,
            "account_receivable_turnover_ratio": 1.44,
            "reinvestment_rate": null,
            "research_to_sale_ratio": 0.71,
            "price_fair": 1.26,
            "eps_avg_yearly": 0.42,
            "eps_latest_yearly": 0.24,
            "eps_growth_yearly": -70
        },
        "20152": {
            "year_quarter": 20152,
            "year": 2015,
            "quarter": 2,
            "eps": 0.29,
            "eps_growth_year": null,
            "eps_4q": 0.02,
            "eps_4q_growth_year": null,
            "roe": 2.24,
            "roe_4q": 0.030000000000000082,
            "gross_profit": 71871,
            "gross_margin": 31.14,
            "gross_margin_4q_avg": 26.68,
            "net_income": 51782,
            "revenue": 230773,
            "common_shares": 1780671,
            "book_valuer_per_share": 13.84,
            "book_valuer_per_share_4q_avg": 13.11,
            "equity": 2325213,
            "current_ratio": 249.51,
            "debt_ratio": 23.24,
            "inventory_turnover_ratio": 3.52,
            "account_receivable_turnover_ratio": 1.19,
            "reinvestment_rate": null,
            "research_to_sale_ratio": -0.17,
            "price_fair": 23.33,
            "eps_avg_yearly": 0.67,
            "eps_latest_yearly": 1.16,
            "eps_growth_yearly": 249.63
        },
        "20153": {
            "year_quarter": 20153,
            "year": 2015,
            "quarter": 3,
            "eps": 0.14,
            "eps_growth_year": null,
            "eps_4q": 0.21,
            "eps_4q_growth_year": null,
            "roe": 1.05,
            "roe_4q": 1.3799999999999994,
            "gross_profit": 65320,
            "gross_margin": 28.75,
            "gross_margin_4q_avg": 28,
            "net_income": 24044,
            "revenue": 227220,
            "common_shares": 1680671,
            "book_valuer_per_share": 14.71,
            "book_valuer_per_share_4q_avg": 13.45,
            "equity": 2266568,
            "current_ratio": 230.98,
            "debt_ratio": 23.92,
            "inventory_turnover_ratio": 3.41,
            "account_receivable_turnover_ratio": 1.21,
            "reinvestment_rate": null,
            "research_to_sale_ratio": 0,
            "price_fair": 22.4,
            "eps_avg_yearly": 0.64,
            "eps_latest_yearly": 0.56,
            "eps_growth_yearly": 135.5
        },
        "20154": {
            "year_quarter": 20154,
            "year": 2015,
            "quarter": 4,
            "eps": 0.33,
            "eps_growth_year": null,
            "eps_4q": 0.93,
            "eps_4q_growth_year": null,
            "roe": 2.2,
            "roe_4q": 6.220000000000001,
            "gross_profit": 83724,
            "gross_margin": 35.09,
            "gross_margin_4q_avg": 31.07,
            "net_income": 49446,
            "revenue": 238586,
            "common_shares": 1520671,
            "book_valuer_per_share": 14.67,
            "book_valuer_per_share_4q_avg": 14.04,
            "equity": 2230802,
            "current_ratio": 299.12,
            "debt_ratio": 26.72,
            "inventory_turnover_ratio": 3.36,
            "account_receivable_turnover_ratio": 1.28,
            "reinvestment_rate": -318.75,
            "research_to_sale_ratio": 0,
            "price_fair": 27.16,
            "eps_avg_yearly": 0.78,
            "eps_latest_yearly": 1.32,
            "eps_growth_yearly": 216.97
        },
        "20161": {
            "year_quarter": 20161,
            "year": 2016,
            "quarter": 1,
            "eps": 0.14,
            "eps_growth_year": 55.56,
            "eps_4q": 0.96,
            "eps_4q_growth_year": null,
            "roe": 0.95,
            "roe_4q": 6.44,
            "gross_profit": 75295,
            "gross_margin": 34.4,
            "gross_margin_4q_avg": 32.35,
            "net_income": 21406,
            "revenue": 218907,
            "common_shares": 1520671,
            "book_valuer_per_share": 15.05,
            "book_valuer_per_share_4q_avg": 14.57,
            "equity": 2288758,
            "current_ratio": 300.31,
            "debt_ratio": 23.99,
            "inventory_turnover_ratio": 3.33,
            "account_receivable_turnover_ratio": 1.27,
            "reinvestment_rate": 160.29,
            "research_to_sale_ratio": 0,
            "price_fair": 25.9,
            "eps_avg_yearly": 0.74,
            "eps_latest_yearly": 0.56,
            "eps_growth_yearly": 142.42
        },
        "20162": {
            "year_quarter": 20162,
            "year": 2016,
            "quarter": 2,
            "eps": 0.22,
            "eps_growth_year": -24.14,
            "eps_4q": 0.84,
            "eps_4q_growth_year": 5238.23,
            "roe": 1.5,
            "roe_4q": 5.7,
            "gross_profit": 80076,
            "gross_margin": 35.8,
            "gross_margin_4q_avg": 33.51,
            "net_income": 33388,
            "revenue": 223696,
            "common_shares": 1520671,
            "book_valuer_per_share": 14.32,
            "book_valuer_per_share_4q_avg": 14.69,
            "equity": 2177331,
            "current_ratio": 200.35,
            "debt_ratio": 27.73,
            "inventory_turnover_ratio": 3.31,
            "account_receivable_turnover_ratio": 1.27,
            "reinvestment_rate": 169.04,
            "research_to_sale_ratio": 0,
            "price_fair": 26.6,
            "eps_avg_yearly": 0.76,
            "eps_latest_yearly": 0.88,
            "eps_growth_yearly": 154.73
        },
        "20163": {
            "year_quarter": 20163,
            "year": 2016,
            "quarter": 3,
            "eps": 0.26,
            "eps_growth_year": 85.71,
            "eps_4q": 0.95,
            "eps_4q_growth_year": 355.17,
            "roe": 1.77,
            "roe_4q": 6.42,
            "gross_profit": 103041,
            "gross_margin": 37.71,
            "gross_margin_4q_avg": 35.75,
            "net_income": 39704,
            "revenue": 273280,
            "common_shares": 1520671,
            "book_valuer_per_share": 15.24,
            "book_valuer_per_share_4q_avg": 14.82,
            "equity": 2317456,
            "current_ratio": 184.72,
            "debt_ratio": 25.46,
            "inventory_turnover_ratio": 3.88,
            "account_receivable_turnover_ratio": 1.36,
            "reinvestment_rate": 193.95,
            "research_to_sale_ratio": 0,
            "price_fair": 27.83,
            "eps_avg_yearly": 0.8,
            "eps_latest_yearly": 1.04,
            "eps_growth_yearly": 144.48
        },
        "20164": {
            "year_quarter": 20164,
            "year": 2016,
            "quarter": 4,
            "eps": -0.05,
            "eps_growth_year": -114.41,
            "eps_4q": 0.57,
            "eps_4q_growth_year": -38.36,
            "roe": -0.31,
            "roe_4q": 3.91,
            "gross_profit": 86116,
            "gross_margin": 37.02,
            "gross_margin_4q_avg": 36.23,
            "net_income": -7123,
            "revenue": 232593,
            "common_shares": 1520671,
            "book_valuer_per_share": 14.95,
            "book_valuer_per_share_4q_avg": 14.89,
            "equity": 2274037,
            "current_ratio": 187.23,
            "debt_ratio": 23.62,
            "inventory_turnover_ratio": 3.39,
            "account_receivable_turnover_ratio": 1.2,
            "reinvestment_rate": 192.18,
            "research_to_sale_ratio": 0,
            "price_fair": 28.8,
            "eps_avg_yearly": 0.82,
            "eps_latest_yearly": 1.04,
            "eps_growth_yearly": 150.84
        },
        "20171": {
            "year_quarter": 20171,
            "year": 2017,
            "quarter": 1,
            "eps": 0.19,
            "eps_growth_year": 35.71,
            "eps_4q": 0.62,
            "eps_4q_growth_year": -35.24,
            "roe": 1.27,
            "roe_4q": 4.23,
            "gross_profit": 70336,
            "gross_margin": 33.2,
            "gross_margin_4q_avg": 35.93,
            "net_income": 29020,
            "revenue": 211882,
            "common_shares": 1520671,
            "book_valuer_per_share": 15.17,
            "book_valuer_per_share_4q_avg": 14.92,
            "equity": 2306104,
            "current_ratio": 229.58,
            "debt_ratio": 22.76,
            "inventory_turnover_ratio": 2.87,
            "account_receivable_turnover_ratio": 1.28,
            "reinvestment_rate": 171.03,
            "research_to_sale_ratio": 0,
            "price_fair": 32.2,
            "eps_avg_yearly": 0.92,
            "eps_latest_yearly": 1.04,
            "eps_growth_yearly": 215.97
        },
        "20172": {
            "year_quarter": 20172,
            "year": 2017,
            "quarter": 2,
            "eps": 0.4,
            "eps_growth_year": 81.82,
            "eps_4q": 0.81,
            "eps_4q_growth_year": -4.04,
            "roe": 2.65,
            "roe_4q": 5.38,
            "gross_profit": 64201,
            "gross_margin": 30.89,
            "gross_margin_4q_avg": 34.71,
            "net_income": 61497,
            "revenue": 207835,
            "common_shares": 1520671,
            "book_valuer_per_share": 15.4,
            "book_valuer_per_share_4q_avg": 15.19,
            "equity": 2342328,
            "current_ratio": 240.85,
            "debt_ratio": 23.95,
            "inventory_turnover_ratio": 2.79,
            "account_receivable_turnover_ratio": 1.34,
            "reinvestment_rate": -4.56,
            "research_to_sale_ratio": 0,
            "price_fair": 35.6,
            "eps_avg_yearly": 1.02,
            "eps_latest_yearly": 1.6,
            "eps_growth_yearly": 248.28
        },
        "20173": {
            "year_quarter": 20173,
            "year": 2017,
            "quarter": 3,
            "eps": 0.41,
            "eps_growth_year": 57.69,
            "eps_4q": 0.99,
            "eps_4q_growth_year": 4.5,
            "roe": 2.62,
            "roe_4q": 6.2299999999999995,
            "gross_profit": 51861,
            "gross_margin": 26.85,
            "gross_margin_4q_avg": 31.99,
            "net_income": 61011,
            "revenue": 193126,
            "common_shares": 1459845,
            "book_valuer_per_share": 15.9,
            "book_valuer_per_share_4q_avg": 15.36,
            "equity": 2321876,
            "current_ratio": 290.87,
            "debt_ratio": 24.96,
            "inventory_turnover_ratio": 2.95,
            "account_receivable_turnover_ratio": 1.33,
            "reinvestment_rate": -31.49,
            "research_to_sale_ratio": 0,
            "price_fair": 38.33,
            "eps_avg_yearly": 1.1,
            "eps_latest_yearly": 1.64,
            "eps_growth_yearly": 218.49
        },
        "20174": {
            "year_quarter": 20174,
            "year": 2017,
            "quarter": 4,
            "eps": -0.16,
            "eps_growth_year": null,
            "eps_4q": 0.88,
            "eps_4q_growth_year": 53.56,
            "roe": -0.99,
            "roe_4q": 5.550000000000001,
            "gross_profit": 56211,
            "gross_margin": 27.73,
            "gross_margin_4q_avg": 29.67,
            "net_income": -22724,
            "revenue": 202720,
            "common_shares": 1459845,
            "book_valuer_per_share": 15.62,
            "book_valuer_per_share_4q_avg": 15.52,
            "equity": 2280882,
            "current_ratio": 308.6,
            "debt_ratio": 23.46,
            "inventory_turnover_ratio": 3.03,
            "account_receivable_turnover_ratio": 1.39,
            "reinvestment_rate": -57.34,
            "research_to_sale_ratio": 0,
            "price_fair": 38.33,
            "eps_avg_yearly": 1.1,
            "eps_latest_yearly": 1.64,
            "eps_growth_yearly": 218.49
        },
        "20181": {
            "year_quarter": 20181,
            "year": 2018,
            "quarter": 1,
            "eps": 0.03,
            "eps_growth_year": -84.21,
            "eps_4q": 0.71,
            "eps_4q_growth_year": 14.13,
            "roe": 0.19,
            "roe_4q": 4.47,
            "gross_profit": 48864,
            "gross_margin": 27.1,
            "gross_margin_4q_avg": 28.14,
            "net_income": 4287,
            "revenue": 180294,
            "common_shares": 1459845,
            "book_valuer_per_share": 15.61,
            "book_valuer_per_share_4q_avg": 15.63,
            "equity": 2278289,
            "current_ratio": 436.69,
            "debt_ratio": 20.73,
            "inventory_turnover_ratio": 2.44,
            "account_receivable_turnover_ratio": 1.27,
            "reinvestment_rate": -307.75,
            "research_to_sale_ratio": 0,
            "price_fair": 38.33,
            "eps_avg_yearly": 1.1,
            "eps_latest_yearly": 1.64,
            "eps_growth_yearly": 218.49
        },
        "20182": {
            "year_quarter": 20182,
            "year": 2018,
            "quarter": 2,
            "eps": 0.11,
            "eps_growth_year": -72.5,
            "eps_4q": 0.4,
            "eps_4q_growth_year": -50.25,
            "roe": 0.73,
            "roe_4q": 2.55,
            "gross_profit": 52752,
            "gross_margin": 26.73,
            "gross_margin_4q_avg": 27.1,
            "net_income": 16220,
            "revenue": 197371,
            "common_shares": 1459845,
            "book_valuer_per_share": 14.92,
            "book_valuer_per_share_4q_avg": 15.51,
            "equity": 2177501,
            "current_ratio": 281.13,
            "debt_ratio": 23.99,
            "inventory_turnover_ratio": 2.45,
            "account_receivable_turnover_ratio": 1.38,
            "reinvestment_rate": -235.77,
            "research_to_sale_ratio": 0,
            "price_fair": 35.78,
            "eps_avg_yearly": 1.02,
            "eps_latest_yearly": 0.44,
            "eps_growth_yearly": 312.74
        },
        "20183": {
            "year_quarter": 20183,
            "year": 2018,
            "quarter": 3,
            "eps": 0.25,
            "eps_growth_year": -39.02,
            "eps_4q": 0.23,
            "eps_4q_growth_year": -76.75,
            "roe": 1.64,
            "roe_4q": 1.57,
            "gross_profit": 47905,
            "gross_margin": 24.75,
            "gross_margin_4q_avg": 26.58,
            "net_income": 35793,
            "revenue": 193542,
            "common_shares": 1459845,
            "book_valuer_per_share": 15.07,
            "book_valuer_per_share_4q_avg": 15.31,
            "equity": 2199580,
            "current_ratio": 269.27,
            "debt_ratio": 23.36,
            "inventory_turnover_ratio": 2.57,
            "account_receivable_turnover_ratio": 1.3,
            "reinvestment_rate": -174.25,
            "research_to_sale_ratio": 0,
            "price_fair": 35.7,
            "eps_avg_yearly": 1.02,
            "eps_latest_yearly": 1,
            "eps_growth_yearly": 332.37
        },
        "20184": {
            "year_quarter": 20184,
            "year": 2018,
            "quarter": 4,
            "eps": 0.02,
            "eps_growth_year": null,
            "eps_4q": 0.41,
            "eps_4q_growth_year": -53.61,
            "roe": 0.29,
            "roe_4q": 2.85,
            "gross_profit": 74155,
            "gross_margin": 33.81,
            "gross_margin_4q_avg": 28.1,
            "net_income": 6593,
            "revenue": 219360,
            "common_shares": 1459845,
            "book_valuer_per_share": 15.08,
            "book_valuer_per_share_4q_avg": 15.17,
            "equity": 2349137,
            "current_ratio": 206.49,
            "debt_ratio": 44.23,
            "inventory_turnover_ratio": 2.74,
            "account_receivable_turnover_ratio": 1.5,
            "reinvestment_rate": 114.51,
            "research_to_sale_ratio": 0,
            "price_fair": 32.71,
            "eps_avg_yearly": 0.93,
            "eps_latest_yearly": 0.08,
            "eps_growth_yearly": 268.7
        },
        "20191": {
            "year_quarter": 20191,
            "year": 2019,
            "quarter": 1,
            "eps": 0.31,
            "eps_growth_year": 933.33,
            "eps_4q": 0.69,
            "eps_4q_growth_year": -3.59,
            "roe": 1.94,
            "roe_4q": 4.6,
            "gross_profit": 75674,
            "gross_margin": 34.7,
            "gross_margin_4q_avg": 30,
            "net_income": 46241,
            "revenue": 218097,
            "common_shares": 1459845,
            "book_valuer_per_share": 15.58,
            "book_valuer_per_share_4q_avg": 15.16,
            "equity": 2416977,
            "current_ratio": 183.33,
            "debt_ratio": 47.7,
            "inventory_turnover_ratio": 2.5,
            "account_receivable_turnover_ratio": 1.46,
            "reinvestment_rate": 136.14,
            "research_to_sale_ratio": null,
            "price_fair": 33.6,
            "eps_avg_yearly": 0.96,
            "eps_latest_yearly": 1.24,
            "eps_growth_yearly": 729.64
        },
        "20192": {
            "year_quarter": 20192,
            "year": 2019,
            "quarter": 2,
            "eps": 0.2,
            "eps_growth_year": 81.82,
            "eps_4q": 0.78,
            "eps_4q_growth_year": 93.94,
            "roe": 1.39,
            "roe_4q": 5.26,
            "gross_profit": 84858,
            "gross_margin": 36.67,
            "gross_margin_4q_avg": 32.48,
            "net_income": 33536,
            "revenue": 231394,
            "common_shares": 1459845,
            "book_valuer_per_share": 15.47,
            "book_valuer_per_share_4q_avg": 15.3,
            "equity": 2404081,
            "current_ratio": 188.85,
            "debt_ratio": 48.15,
            "inventory_turnover_ratio": 2.28,
            "account_receivable_turnover_ratio": 1.5,
            "reinvestment_rate": 187.15,
            "research_to_sale_ratio": null,
            "price_fair": 32.55,
            "eps_avg_yearly": 0.93,
            "eps_latest_yearly": 0.8,
            "eps_growth_yearly": 643.74
        },
        "20193": {
            "year_quarter": 20193,
            "year": 2019,
            "quarter": 3,
            "eps": 0.36,
            "eps_growth_year": 44,
            "eps_4q": 0.9,
            "eps_4q_growth_year": 289.14,
            "roe": 2.39,
            "roe_4q": 6.010000000000001,
            "gross_profit": 122089,
            "gross_margin": 43.07,
            "gross_margin_4q_avg": 37.06,
            "net_income": 59489,
            "revenue": 283463,
            "common_shares": 1459845,
            "book_valuer_per_share": 15.74,
            "book_valuer_per_share_4q_avg": 15.47,
            "equity": 2582897,
            "current_ratio": 183.63,
            "debt_ratio": 52.29,
            "inventory_turnover_ratio": 2.36,
            "account_receivable_turnover_ratio": 1.6,
            "reinvestment_rate": 246.65,
            "research_to_sale_ratio": null,
            "price_fair": 35.12,
            "eps_avg_yearly": 1,
            "eps_latest_yearly": 1.44,
            "eps_growth_yearly": 687.65
        },
        "20194": {
            "year_quarter": 20194,
            "year": 2019,
            "quarter": 4,
            "eps": -0.12,
            "eps_growth_year": -593.15,
            "eps_4q": 0.75,
            "eps_4q_growth_year": 84.44,
            "roe": -0.47,
            "roe_4q": 5.25,
            "gross_profit": 129802,
            "gross_margin": 48.08,
            "gross_margin_4q_avg": 40.63,
            "net_income": -12071,
            "revenue": 269956,
            "common_shares": 1459845,
            "book_valuer_per_share": 15.8,
            "book_valuer_per_share_4q_avg": 15.65,
            "equity": 2595810,
            "current_ratio": 184.05,
            "debt_ratio": 52.38,
            "inventory_turnover_ratio": 2.02,
            "account_receivable_turnover_ratio": 1.73,
            "reinvestment_rate": 328.08,
            "research_to_sale_ratio": null,
            "price_fair": 34.11,
            "eps_avg_yearly": 0.97,
            "eps_latest_yearly": 1.44,
            "eps_growth_yearly": 700.81
        },
        "20201": {
            "year_quarter": 20201,
            "year": 2020,
            "quarter": 1,
            "eps": -0.04,
            "eps_growth_year": -112.9,
            "eps_4q": 0.4,
            "eps_4q_growth_year": -41.21,
            "roe": -0.1,
            "roe_4q": 3.21,
            "gross_profit": 89123,
            "gross_margin": 36.92,
            "gross_margin_4q_avg": 41.19,
            "net_income": -2670,
            "revenue": 241397,
            "common_shares": 1459845,
            "book_valuer_per_share": 15.75,
            "book_valuer_per_share_4q_avg": 15.69,
            "equity": 2591517,
            "current_ratio": 199.63,
            "debt_ratio": 51.85,
            "inventory_turnover_ratio": 2.66,
            "account_receivable_turnover_ratio": 1.83,
            "reinvestment_rate": 307.48,
            "research_to_sale_ratio": null,
            "price_fair": 35.56,
            "eps_avg_yearly": 1.02,
            "eps_latest_yearly": 1.44,
            "eps_growth_yearly": 793.92
        },
        "20202": {
            "year_quarter": 20202,
            "year": 2020,
            "quarter": 2,
            "eps": 0.41,
            "eps_growth_year": 105,
            "eps_4q": 0.61,
            "eps_4q_growth_year": -21.76,
            "roe": 2.59,
            "roe_4q": 4.41,
            "gross_profit": 90447,
            "gross_margin": 39.44,
            "gross_margin_4q_avg": 41.88,
            "net_income": 66831,
            "revenue": 229332,
            "common_shares": 1459845,
            "book_valuer_per_share": 15.56,
            "book_valuer_per_share_4q_avg": 15.71,
            "equity": 2571040,
            "current_ratio": 178.77,
            "debt_ratio": 53.32,
            "inventory_turnover_ratio": 3.51,
            "account_receivable_turnover_ratio": 1.58,
            "reinvestment_rate": 271.78,
            "research_to_sale_ratio": null,
            "price_fair": 36.09,
            "eps_avg_yearly": 1.03,
            "eps_latest_yearly": 1.44,
            "eps_growth_yearly": 856.74
        },
        "20203": {
            "year_quarter": 20203,
            "year": 2020,
            "quarter": 3,
            "eps": 0.35,
            "eps_growth_year": -2.78,
            "eps_4q": 0.61,
            "eps_4q_growth_year": -32.38,
            "roe": 2.41,
            "roe_4q": 4.430000000000001,
            "gross_profit": 114745,
            "gross_margin": 43.99,
            "gross_margin_4q_avg": 42.11,
            "net_income": 62772,
            "revenue": 260815,
            "common_shares": 1459845,
            "book_valuer_per_share": 15.93,
            "book_valuer_per_share_4q_avg": 15.76,
            "equity": 2635995,
            "current_ratio": 178.81,
            "debt_ratio": 52.49,
            "inventory_turnover_ratio": 3.93,
            "account_receivable_turnover_ratio": 1.78,
            "reinvestment_rate": 237.49,
            "research_to_sale_ratio": null,
            "price_fair": 37.49,
            "eps_avg_yearly": 1.07,
            "eps_latest_yearly": 1.4,
            "eps_growth_yearly": 842.15
        },
        "20204": {
            "year_quarter": 20204,
            "year": 2020,
            "quarter": 4,
            "eps": 0.08,
            "eps_growth_year": null,
            "eps_4q": 0.8,
            "eps_4q_growth_year": 5.67,
            "roe": 0.52,
            "roe_4q": 5.42,
            "gross_profit": 86427,
            "gross_margin": 37.03,
            "gross_margin_4q_avg": 39.35,
            "net_income": 13631,
            "revenue": 233396,
            "common_shares": 1459845,
            "book_valuer_per_share": 15.8,
            "book_valuer_per_share_4q_avg": 15.76,
            "equity": 2619210,
            "current_ratio": 175.74,
            "debt_ratio": 52.26,
            "inventory_turnover_ratio": 3.3,
            "account_receivable_turnover_ratio": 1.61,
            "reinvestment_rate": 254.36,
            "research_to_sale_ratio": null,
            "price_fair": 34.86,
            "eps_avg_yearly": 1,
            "eps_latest_yearly": 0.32,
            "eps_growth_yearly": 727.08
        },
        "20211": {
            "year_quarter": 20211,
            "year": 2021,
            "quarter": 1,
            "eps": 0.17,
            "eps_growth_year": null,
            "eps_4q": 1.02,
            "eps_4q_growth_year": 151.35,
            "roe": 1.16,
            "roe_4q": 6.68,
            "gross_profit": 84339,
            "gross_margin": 34.16,
            "gross_margin_4q_avg": 38.66,
            "net_income": 30473,
            "revenue": 246859,
            "common_shares": 1459845,
            "book_valuer_per_share": 15.96,
            "book_valuer_per_share_4q_avg": 15.81,
            "equity": 2648310,
            "current_ratio": 172.73,
            "debt_ratio": 50.37,
            "inventory_turnover_ratio": 3.79,
            "account_receivable_turnover_ratio": 1.74,
            "reinvestment_rate": 262.19,
            "research_to_sale_ratio": null,
            "price_fair": 33.85,
            "eps_avg_yearly": 0.97,
            "eps_latest_yearly": 0.68,
            "eps_growth_yearly": 701.89
        },
        "20212": {
            "year_quarter": 20212,
            "year": 2021,
            "quarter": 2,
            "eps": 0.24,
            "eps_growth_year": -41.46,
            "eps_4q": 0.84,
            "eps_4q_growth_year": 37.34,
            "roe": 1.6,
            "roe_4q": 5.6899999999999995,
            "gross_profit": 84618,
            "gross_margin": 35.15,
            "gross_margin_4q_avg": 37.58,
            "net_income": 42660,
            "revenue": 240764,
            "common_shares": 1459845,
            "book_valuer_per_share": 16.19,
            "book_valuer_per_share_4q_avg": 15.97,
            "equity": 2677877,
            "current_ratio": 190.58,
            "debt_ratio": 46.95,
            "inventory_turnover_ratio": 3.81,
            "account_receivable_turnover_ratio": 1.61,
            "reinvestment_rate": 281.65,
            "research_to_sale_ratio": null,
            "price_fair": 31.82,
            "eps_avg_yearly": 0.91,
            "eps_latest_yearly": 0.96,
            "eps_growth_yearly": 676.67
        },
        "20213": {
            "year_quarter": 20213,
            "year": 2021,
            "quarter": 3,
            "eps": 0.42,
            "eps_growth_year": 20,
            "eps_4q": 0.91,
            "eps_4q_growth_year": 50.46,
            "roe": 2.7,
            "roe_4q": 5.98,
            "gross_profit": 89430,
            "gross_margin": 34.35,
            "gross_margin_4q_avg": 35.17,
            "net_income": 71984,
            "revenue": 260318,
            "common_shares": 1459845,
            "book_valuer_per_share": 15.99,
            "book_valuer_per_share_4q_avg": 15.99,
            "equity": 2662137,
            "current_ratio": 191.25,
            "debt_ratio": 47.48,
            "inventory_turnover_ratio": 3.53,
            "account_receivable_turnover_ratio": 1.6,
            "reinvestment_rate": 324.8,
            "research_to_sale_ratio": null,
            "price_fair": 31.95,
            "eps_avg_yearly": 0.91,
            "eps_latest_yearly": 1.68,
            "eps_growth_yearly": 703.04
        },
        "20214": {
            "year_quarter": 20214,
            "year": 2021,
            "quarter": 4,
            "eps": 0.07,
            "eps_growth_year": -9.57,
            "eps_4q": 0.9,
            "eps_4q_growth_year": 13.25,
            "roe": 0.4,
            "roe_4q": 5.86,
            "gross_profit": 88865,
            "gross_margin": 33.47,
            "gross_margin_4q_avg": 34.28,
            "net_income": 10581,
            "revenue": 265505,
            "common_shares": 1459845,
            "book_valuer_per_share": 16.13,
            "book_valuer_per_share_4q_avg": 16.07,
            "equity": 2689249,
            "current_ratio": 165.08,
            "debt_ratio": 48.7,
            "inventory_turnover_ratio": 2.5,
            "account_receivable_turnover_ratio": 1.7,
            "reinvestment_rate": 313.09,
            "research_to_sale_ratio": null,
            "price_fair": 30.1,
            "eps_avg_yearly": 0.86,
            "eps_latest_yearly": 0.28,
            "eps_growth_yearly": 616.67
        },
        "20221": {
            "year_quarter": 20221,
            "year": 2022,
            "quarter": 1,
            "eps": 0.07,
            "eps_growth_year": -58.82,
            "eps_4q": 0.8,
            "eps_4q_growth_year": -21.11,
            "roe": 0.38,
            "roe_4q": 5.08,
            "gross_profit": 86390,
            "gross_margin": 32.64,
            "gross_margin_4q_avg": 33.9,
            "net_income": 10299,
            "revenue": 264657,
            "common_shares": 1459845,
            "book_valuer_per_share": 16.24,
            "book_valuer_per_share_4q_avg": 16.14,
            "equity": 2707299,
            "current_ratio": 189.52,
            "debt_ratio": 48.89,
            "inventory_turnover_ratio": 2.27,
            "account_receivable_turnover_ratio": 1.84,
            "reinvestment_rate": 353.29,
            "research_to_sale_ratio": null,
            "price_fair": 28.54,
            "eps_avg_yearly": 0.82,
            "eps_latest_yearly": 0.28,
            "eps_growth_yearly": 569.24
        },
        "20222": {
            "year_quarter": 20222,
            "year": 2022,
            "quarter": 2,
            "eps": 0,
            "eps_growth_year": -100,
            "eps_4q": 0.56,
            "eps_4q_growth_year": -32.81,
            "roe": 0.06,
            "roe_4q": 3.54,
            "gross_profit": 90140,
            "gross_margin": 35.15,
            "gross_margin_4q_avg": 33.9,
            "net_income": 1572,
            "revenue": 256411,
            "common_shares": 1459845,
            "book_valuer_per_share": 15.63,
            "book_valuer_per_share_4q_avg": 16,
            "equity": 2601134,
            "current_ratio": 185.86,
            "debt_ratio": 50.87,
            "inventory_turnover_ratio": 2.66,
            "account_receivable_turnover_ratio": 1.88,
            "reinvestment_rate": 367.63,
            "research_to_sale_ratio": null,
            "price_fair": 29.63,
            "eps_avg_yearly": 0.85,
            "eps_latest_yearly": 0.28,
            "eps_growth_yearly": 527.78
        },
        "20223": {
            "year_quarter": 20223,
            "year": 2022,
            "quarter": 3,
            "eps": 0.32,
            "eps_growth_year": -23.81,
            "eps_4q": 0.46,
            "eps_4q_growth_year": -49.58,
            "roe": 2.13,
            "roe_4q": 2.9699999999999998,
            "gross_profit": 120992,
            "gross_margin": 40.11,
            "gross_margin_4q_avg": 35.34,
            "net_income": 55959,
            "revenue": 301685,
            "common_shares": 1459845,
            "book_valuer_per_share": 15.99,
            "book_valuer_per_share_4q_avg": 16,
            "equity": 2663059,
            "current_ratio": 180.63,
            "debt_ratio": 48.26,
            "inventory_turnover_ratio": 3.31,
            "account_receivable_turnover_ratio": 2.28,
            "reinvestment_rate": 343.57,
            "research_to_sale_ratio": null,
            "price_fair": 29.15,
            "eps_avg_yearly": 0.83,
            "eps_latest_yearly": 0.28,
            "eps_growth_yearly": 529.48
        },
        "20224": {
            "year_quarter": 20224,
            "year": 2022,
            "quarter": 4,
            "eps": 0.32,
            "eps_growth_year": 358.96,
            "eps_4q": 0.71,
            "eps_4q_growth_year": -21.88,
            "roe": 1.98,
            "roe_4q": 4.549999999999999,
            "gross_profit": 104867,
            "gross_margin": 36.15,
            "gross_margin_4q_avg": 36.01,
            "net_income": 53203,
            "revenue": 290067,
            "common_shares": 1459845,
            "book_valuer_per_share": 16.33,
            "book_valuer_per_share_4q_avg": 16.05,
            "equity": 2721022,
            "current_ratio": 222.88,
            "debt_ratio": 46.41,
            "inventory_turnover_ratio": 2.87,
            "account_receivable_turnover_ratio": 2.05,
            "reinvestment_rate": 65.85,
            "research_to_sale_ratio": null,
            "price_fair": 32.96,
            "eps_avg_yearly": 0.94,
            "eps_latest_yearly": 1.28,
            "eps_growth_yearly": 562.94
        },
        "20231": {
            "year_quarter": 20231,
            "year": 2023,
            "quarter": 1,
            "eps": 0.2,
            "eps_growth_year": 185.71,
            "eps_4q": 0.84,
            "eps_4q_growth_year": 4.25,
            "roe": 1.2,
            "roe_4q": 5.369999999999999,
            "gross_profit": 98915,
            "gross_margin": 36.91,
            "gross_margin_4q_avg": 37.08,
            "net_income": 32374,
            "revenue": 267966,
            "common_shares": 1459845,
            "book_valuer_per_share": 16.05,
            "book_valuer_per_share_4q_avg": 16,
            "equity": 2684359,
            "current_ratio": 205.3,
            "debt_ratio": 47.23,
            "inventory_turnover_ratio": 2.08,
            "account_receivable_turnover_ratio": 1.86,
            "reinvestment_rate": 32.88,
            "research_to_sale_ratio": null,
            "price_fair": 28.89,
            "eps_avg_yearly": 0.9,
            "eps_latest_yearly": 0.8,
            "eps_growth_yearly": 22.03
        }
    },
    "months": {
        "2002-10": {
            "month": "2002-10",
            "price": "47.97",
            "revenue": 319059
        },
        "2002-11": {
            "month": "2002-11",
            "price": "62.62",
            "revenue": 278542
        },
        "2002-12": {
            "month": "2002-12",
            "price": "45.21",
            "revenue": 154401
        },
        "2003-01": {
            "month": "2003-01",
            "price": "35.52",
            "revenue": 107919
        },
        "2003-02": {
            "month": "2003-02",
            "price": "31.87",
            "revenue": 117652
        },
        "2003-03": {
            "month": "2003-03",
            "price": "31.00",
            "revenue": 180672
        },
        "2003-04": {
            "month": "2003-04",
            "price": "28.39",
            "revenue": 168200
        },
        "2003-05": {
            "month": "2003-05",
            "price": "23.50",
            "revenue": 169277
        },
        "2003-06": {
            "month": "2003-06",
            "price": "32.25",
            "revenue": 174062
        },
        "2003-07": {
            "month": "2003-07",
            "price": "35.94",
            "revenue": 183203
        },
        "2003-08": {
            "month": "2003-08",
            "price": "32.01",
            "revenue": 320758
        },
        "2003-09": {
            "month": "2003-09",
            "price": "32.74",
            "revenue": 401185
        },
        "2003-10": {
            "month": "2003-10",
            "price": "31.01",
            "revenue": 432986
        },
        "2003-11": {
            "month": "2003-11",
            "price": "34.58",
            "revenue": 384868
        },
        "2003-12": {
            "month": "2003-12",
            "price": "35.78",
            "revenue": 171671
        },
        "2004-01": {
            "month": "2004-01",
            "price": "33.66",
            "revenue": 97470
        },
        "2004-02": {
            "month": "2004-02",
            "price": "32.92",
            "revenue": 186626
        },
        "2004-03": {
            "month": "2004-03",
            "price": "33.45",
            "revenue": 177214
        },
        "2004-04": {
            "month": "2004-04",
            "price": "31.59",
            "revenue": 120571
        },
        "2004-05": {
            "month": "2004-05",
            "price": "24.19",
            "revenue": 172578
        },
        "2004-06": {
            "month": "2004-06",
            "price": "25.13",
            "revenue": 187607
        },
        "2004-07": {
            "month": "2004-07",
            "price": "22.18",
            "revenue": 241451
        },
        "2004-08": {
            "month": "2004-08",
            "price": "19.02",
            "revenue": 333648
        },
        "2004-09": {
            "month": "2004-09",
            "price": "22.89",
            "revenue": 323392
        },
        "2004-10": {
            "month": "2004-10",
            "price": "20.49",
            "revenue": 316398
        },
        "2004-11": {
            "month": "2004-11",
            "price": "16.45",
            "revenue": 330797
        },
        "2004-12": {
            "month": "2004-12",
            "price": "13.99",
            "revenue": 242194
        },
        "2005-01": {
            "month": "2005-01",
            "price": "13.10",
            "revenue": 193025
        },
        "2005-02": {
            "month": "2005-02",
            "price": "13.71",
            "revenue": 120899
        },
        "2005-03": {
            "month": "2005-03",
            "price": "14.23",
            "revenue": 144632
        },
        "2005-04": {
            "month": "2005-04",
            "price": "11.97",
            "revenue": 60879
        },
        "2005-05": {
            "month": "2005-05",
            "price": "11.42",
            "revenue": 87230
        },
        "2005-06": {
            "month": "2005-06",
            "price": "13.43",
            "revenue": 86858
        },
        "2005-07": {
            "month": "2005-07",
            "price": "13.38",
            "revenue": 65608
        },
        "2005-08": {
            "month": "2005-08",
            "price": "11.20",
            "revenue": 100396
        },
        "2005-09": {
            "month": "2005-09",
            "price": "9.30",
            "revenue": 128122
        },
        "2005-10": {
            "month": "2005-10",
            "price": "7.29",
            "revenue": 154082
        },
        "2005-11": {
            "month": "2005-11",
            "price": "6.91",
            "revenue": 165107
        },
        "2005-12": {
            "month": "2005-12",
            "price": "7.61",
            "revenue": 103531
        },
        "2006-01": {
            "month": "2006-01",
            "price": "7.81",
            "revenue": 94159
        },
        "2006-02": {
            "month": "2006-02",
            "price": "7.06",
            "revenue": 77677
        },
        "2006-03": {
            "month": "2006-03",
            "price": "5.81",
            "revenue": 105146
        },
        "2006-04": {
            "month": "2006-04",
            "price": "5.96",
            "revenue": 88654
        },
        "2006-05": {
            "month": "2006-05",
            "price": "6.01",
            "revenue": 82045
        },
        "2006-06": {
            "month": "2006-06",
            "price": "5.18",
            "revenue": 107292
        },
        "2006-07": {
            "month": "2006-07",
            "price": "4.65",
            "revenue": 97987
        },
        "2006-08": {
            "month": "2006-08",
            "price": "4.33",
            "revenue": 253144
        },
        "2006-09": {
            "month": "2006-09",
            "price": "4.06",
            "revenue": 309070
        },
        "2006-10": {
            "month": "2006-10",
            "price": "5.59",
            "revenue": 376379
        },
        "2006-11": {
            "month": "2006-11",
            "price": "8.28",
            "revenue": 394697
        },
        "2006-12": {
            "month": "2006-12",
            "price": "8.46",
            "revenue": 314575
        },
        "2007-01": {
            "month": "2007-01",
            "price": "8.85",
            "revenue": 258923
        },
        "2007-02": {
            "month": "2007-02",
            "price": "8.23",
            "revenue": 224151
        },
        "2007-03": {
            "month": "2007-03",
            "price": "8.24",
            "revenue": 284953
        },
        "2007-04": {
            "month": "2007-04",
            "price": "9.57",
            "revenue": 291451
        },
        "2007-05": {
            "month": "2007-05",
            "price": "9.02",
            "revenue": 281352
        },
        "2007-06": {
            "month": "2007-06",
            "price": "9.41",
            "revenue": 302514
        },
        "2007-07": {
            "month": "2007-07",
            "price": "12.11",
            "revenue": 258181
        },
        "2007-08": {
            "month": "2007-08",
            "price": "11.06",
            "revenue": 243098
        },
        "2007-09": {
            "month": "2007-09",
            "price": "11.58",
            "revenue": 247111
        },
        "2007-10": {
            "month": "2007-10",
            "price": "11.20",
            "revenue": 291757
        },
        "2007-11": {
            "month": "2007-11",
            "price": "11.22",
            "revenue": 290555
        },
        "2007-12": {
            "month": "2007-12",
            "price": "9.69",
            "revenue": 177481
        },
        "2008-01": {
            "month": "2008-01",
            "price": "8.83",
            "revenue": 176791
        },
        "2008-02": {
            "month": "2008-02",
            "price": "8.73",
            "revenue": 150974
        },
        "2008-03": {
            "month": "2008-03",
            "price": "9.20",
            "revenue": 180370
        },
        "2008-04": {
            "month": "2008-04",
            "price": "9.49",
            "revenue": 224042
        },
        "2008-05": {
            "month": "2008-05",
            "price": "9.30",
            "revenue": 211725
        },
        "2008-06": {
            "month": "2008-06",
            "price": "7.85",
            "revenue": 233761
        },
        "2008-07": {
            "month": "2008-07",
            "price": "6.79",
            "revenue": 207189
        },
        "2008-08": {
            "month": "2008-08",
            "price": "7.70",
            "revenue": 200129
        },
        "2008-09": {
            "month": "2008-09",
            "price": "6.01",
            "revenue": 199091
        },
        "2008-10": {
            "month": "2008-10",
            "price": "4.75",
            "revenue": 224751
        },
        "2008-11": {
            "month": "2008-11",
            "price": "3.74",
            "revenue": 199230
        },
        "2008-12": {
            "month": "2008-12",
            "price": "3.95",
            "revenue": 202761
        },
        "2009-01": {
            "month": "2009-01",
            "price": "4.91",
            "revenue": 150746
        },
        "2009-02": {
            "month": "2009-02",
            "price": "4.90",
            "revenue": 160355
        },
        "2009-03": {
            "month": "2009-03",
            "price": "5.38",
            "revenue": 174798
        },
        "2009-04": {
            "month": "2009-04",
            "price": "6.95",
            "revenue": 176188
        },
        "2009-05": {
            "month": "2009-05",
            "price": "8.78",
            "revenue": 145400
        },
        "2009-06": {
            "month": "2009-06",
            "price": "8.66",
            "revenue": 164774
        },
        "2009-07": {
            "month": "2009-07",
            "price": "10.83",
            "revenue": 165461
        },
        "2009-08": {
            "month": "2009-08",
            "price": "13.14",
            "revenue": 149929
        },
        "2009-09": {
            "month": "2009-09",
            "price": "13.41",
            "revenue": 162986
        },
        "2009-10": {
            "month": "2009-10",
            "price": "13.29",
            "revenue": 189174
        },
        "2009-11": {
            "month": "2009-11",
            "price": "12.05",
            "revenue": 169933
        },
        "2009-12": {
            "month": "2009-12",
            "price": "12.63",
            "revenue": 167435
        },
        "2010-01": {
            "month": "2010-01",
            "price": "16.13",
            "revenue": 160020
        },
        "2010-02": {
            "month": "2010-02",
            "price": "14.32",
            "revenue": 147628
        },
        "2010-03": {
            "month": "2010-03",
            "price": "15.84",
            "revenue": 163210
        },
        "2010-04": {
            "month": "2010-04",
            "price": "16.67",
            "revenue": 135259
        },
        "2010-05": {
            "month": "2010-05",
            "price": "14.49",
            "revenue": 135632
        },
        "2010-06": {
            "month": "2010-06",
            "price": "13.22",
            "revenue": 131729
        },
        "2010-07": {
            "month": "2010-07",
            "price": "13.28",
            "revenue": 119002
        },
        "2010-08": {
            "month": "2010-08",
            "price": "13.81",
            "revenue": 112037
        },
        "2010-09": {
            "month": "2010-09",
            "price": "13.02",
            "revenue": 156327
        },
        "2010-10": {
            "month": "2010-10",
            "price": "12.35",
            "revenue": 158153
        },
        "2010-11": {
            "month": "2010-11",
            "price": "9.80",
            "revenue": 148220
        },
        "2010-12": {
            "month": "2010-12",
            "price": "10.83",
            "revenue": 131942
        },
        "2011-01": {
            "month": "2011-01",
            "price": "10.97",
            "revenue": 131050
        },
        "2011-02": {
            "month": "2011-02",
            "price": "9.89",
            "revenue": 111466
        },
        "2011-03": {
            "month": "2011-03",
            "price": "9.32",
            "revenue": 138426
        },
        "2011-04": {
            "month": "2011-04",
            "price": "8.95",
            "revenue": 109361
        },
        "2011-05": {
            "month": "2011-05",
            "price": "8.77",
            "revenue": 92120
        },
        "2011-06": {
            "month": "2011-06",
            "price": "8.11",
            "revenue": 113359
        },
        "2011-07": {
            "month": "2011-07",
            "price": "7.18",
            "revenue": 114921
        },
        "2011-08": {
            "month": "2011-08",
            "price": "6.40",
            "revenue": 122236
        },
        "2011-09": {
            "month": "2011-09",
            "price": "6.40",
            "revenue": 117794
        },
        "2011-10": {
            "month": "2011-10",
            "price": "6.39",
            "revenue": 174544
        },
        "2011-11": {
            "month": "2011-11",
            "price": "5.62",
            "revenue": 129527
        },
        "2011-12": {
            "month": "2011-12",
            "price": "4.69",
            "revenue": 123289
        },
        "2012-01": {
            "month": "2012-01",
            "price": "4.94",
            "revenue": 75512
        },
        "2012-02": {
            "month": "2012-02",
            "price": "7.06",
            "revenue": 83844
        },
        "2012-03": {
            "month": "2012-03",
            "price": "7.82",
            "revenue": 85811
        },
        "2012-04": {
            "month": "2012-04",
            "price": "6.24",
            "revenue": 71931
        },
        "2012-05": {
            "month": "2012-05",
            "price": "5.86",
            "revenue": 73745
        },
        "2012-06": {
            "month": "2012-06",
            "price": "5.59",
            "revenue": 80426
        },
        "2012-07": {
            "month": "2012-07",
            "price": "5.26",
            "revenue": 98191
        },
        "2012-08": {
            "month": "2012-08",
            "price": "6.11",
            "revenue": 85340
        },
        "2012-09": {
            "month": "2012-09",
            "price": "6.13",
            "revenue": 90957
        },
        "2012-10": {
            "month": "2012-10",
            "price": "5.24",
            "revenue": 93364
        },
        "2012-11": {
            "month": "2012-11",
            "price": "5.27",
            "revenue": 85884
        },
        "2012-12": {
            "month": "2012-12",
            "price": "5.80",
            "revenue": 77241
        },
        "2013-01": {
            "month": "2013-01",
            "price": "5.56",
            "revenue": 93929
        },
        "2013-02": {
            "month": "2013-02",
            "price": "5.39",
            "revenue": 79470
        },
        "2013-03": {
            "month": "2013-03",
            "price": "5.26",
            "revenue": 88611
        },
        "2013-04": {
            "month": "2013-04",
            "price": "5.79",
            "revenue": 76587
        },
        "2013-05": {
            "month": "2013-05",
            "price": "6.60",
            "revenue": 84088
        },
        "2013-06": {
            "month": "2013-06",
            "price": "7.22",
            "revenue": 78087
        },
        "2013-07": {
            "month": "2013-07",
            "price": "7.05",
            "revenue": 82429
        },
        "2013-08": {
            "month": "2013-08",
            "price": "6.66",
            "revenue": 85999
        },
        "2013-09": {
            "month": "2013-09",
            "price": "6.46",
            "revenue": 93856
        },
        "2013-10": {
            "month": "2013-10",
            "price": "6.33",
            "revenue": 83792
        },
        "2013-11": {
            "month": "2013-11",
            "price": "6.31",
            "revenue": 79808
        },
        "2013-12": {
            "month": "2013-12",
            "price": "6.90",
            "revenue": 76185
        },
        "2014-01": {
            "month": "2014-01",
            "price": "6.90",
            "revenue": 69393
        },
        "2014-02": {
            "month": "2014-02",
            "price": "7.26",
            "revenue": 68455
        },
        "2014-03": {
            "month": "2014-03",
            "price": "7.67",
            "revenue": 84613
        },
        "2014-04": {
            "month": "2014-04",
            "price": "7.38",
            "revenue": 77586
        },
        "2014-05": {
            "month": "2014-05",
            "price": "7.07",
            "revenue": 61362
        },
        "2014-06": {
            "month": "2014-06",
            "price": "7.45",
            "revenue": 62827
        },
        "2014-07": {
            "month": "2014-07",
            "price": "7.22",
            "revenue": 75515
        },
        "2014-08": {
            "month": "2014-08",
            "price": "6.91",
            "revenue": 64341
        },
        "2014-09": {
            "month": "2014-09",
            "price": "6.65",
            "revenue": 66484
        },
        "2014-10": {
            "month": "2014-10",
            "price": "6.30",
            "revenue": 72426
        },
        "2014-11": {
            "month": "2014-11",
            "price": "6.06",
            "revenue": 65187
        },
        "2014-12": {
            "month": "2014-12",
            "price": "6.35",
            "revenue": 66578
        },
        "2015-01": {
            "month": "2015-01",
            "price": "7.05",
            "revenue": 80944
        },
        "2015-02": {
            "month": "2015-02",
            "price": "7.00",
            "revenue": 83009
        },
        "2015-03": {
            "month": "2015-03",
            "price": "6.99",
            "revenue": 90628
        },
        "2015-04": {
            "month": "2015-04",
            "price": "6.67",
            "revenue": 81864
        },
        "2015-05": {
            "month": "2015-05",
            "price": "6.92",
            "revenue": 70761
        },
        "2015-06": {
            "month": "2015-06",
            "price": "7.31",
            "revenue": 78148
        },
        "2015-07": {
            "month": "2015-07",
            "price": "6.73",
            "revenue": 78260
        },
        "2015-08": {
            "month": "2015-08",
            "price": "7.01",
            "revenue": 72430
        },
        "2015-09": {
            "month": "2015-09",
            "price": "7.89",
            "revenue": 76530
        },
        "2015-10": {
            "month": "2015-10",
            "price": "7.63",
            "revenue": 75952
        },
        "2015-11": {
            "month": "2015-11",
            "price": "8.63",
            "revenue": 72887
        },
        "2015-12": {
            "month": "2015-12",
            "price": "8.62",
            "revenue": 89747
        },
        "2016-01": {
            "month": "2016-01",
            "price": "7.93",
            "revenue": 78209
        },
        "2016-02": {
            "month": "2016-02",
            "price": "7.91",
            "revenue": 68420
        },
        "2016-03": {
            "month": "2016-03",
            "price": "9.39",
            "revenue": 72278
        },
        "2016-04": {
            "month": "2016-04",
            "price": "10.10",
            "revenue": 69423
        },
        "2016-05": {
            "month": "2016-05",
            "price": "9.35",
            "revenue": 69142
        },
        "2016-06": {
            "month": "2016-06",
            "price": "10.09",
            "revenue": 85131
        },
        "2016-07": {
            "month": "2016-07",
            "price": "10.74",
            "revenue": 85056
        },
        "2016-08": {
            "month": "2016-08",
            "price": "12.57",
            "revenue": 86295
        },
        "2016-09": {
            "month": "2016-09",
            "price": "11.79",
            "revenue": 101929
        },
        "2016-10": {
            "month": "2016-10",
            "price": "12.44",
            "revenue": 79516
        },
        "2016-11": {
            "month": "2016-11",
            "price": "11.09",
            "revenue": 83985
        },
        "2016-12": {
            "month": "2016-12",
            "price": "11.18",
            "revenue": 69092
        },
        "2017-01": {
            "month": "2017-01",
            "price": "10.79",
            "revenue": 70958
        },
        "2017-02": {
            "month": "2017-02",
            "price": "11.29",
            "revenue": 69882
        },
        "2017-03": {
            "month": "2017-03",
            "price": "11.11",
            "revenue": 71042
        },
        "2017-04": {
            "month": "2017-04",
            "price": "10.58",
            "revenue": 74432
        },
        "2017-05": {
            "month": "2017-05",
            "price": "9.26",
            "revenue": 63280
        },
        "2017-06": {
            "month": "2017-06",
            "price": "9.50",
            "revenue": 70123
        },
        "2017-07": {
            "month": "2017-07",
            "price": "9.42",
            "revenue": 64055
        },
        "2017-08": {
            "month": "2017-08",
            "price": "10.02",
            "revenue": 61043
        },
        "2017-09": {
            "month": "2017-09",
            "price": "11.27",
            "revenue": 68028
        },
        "2017-10": {
            "month": "2017-10",
            "price": "10.94",
            "revenue": 62193
        },
        "2017-11": {
            "month": "2017-11",
            "price": "11.77",
            "revenue": 60930
        },
        "2017-12": {
            "month": "2017-12",
            "price": "11.39",
            "revenue": 79597
        },
        "2018-01": {
            "month": "2018-01",
            "price": "12.13",
            "revenue": 59852
        },
        "2018-02": {
            "month": "2018-02",
            "price": "11.31",
            "revenue": 58593
        },
        "2018-03": {
            "month": "2018-03",
            "price": "11.94",
            "revenue": 61849
        },
        "2018-04": {
            "month": "2018-04",
            "price": "11.16",
            "revenue": 65882
        },
        "2018-05": {
            "month": "2018-05",
            "price": "11.75",
            "revenue": 63596
        },
        "2018-06": {
            "month": "2018-06",
            "price": "13.23",
            "revenue": 67893
        },
        "2018-07": {
            "month": "2018-07",
            "price": "11.11",
            "revenue": 62400
        },
        "2018-08": {
            "month": "2018-08",
            "price": "10.07",
            "revenue": 64106
        },
        "2018-09": {
            "month": "2018-09",
            "price": "9.34",
            "revenue": 67036
        },
        "2018-10": {
            "month": "2018-10",
            "price": "8.49",
            "revenue": 73790
        },
        "2018-11": {
            "month": "2018-11",
            "price": "9.56",
            "revenue": 72117
        },
        "2018-12": {
            "month": "2018-12",
            "price": "9.85",
            "revenue": 73453
        },
        "2019-01": {
            "month": "2019-01",
            "price": "9.72",
            "revenue": 77059
        },
        "2019-02": {
            "month": "2019-02",
            "price": "9.57",
            "revenue": 67073
        },
        "2019-03": {
            "month": "2019-03",
            "price": "10.07",
            "revenue": 73965
        },
        "2019-04": {
            "month": "2019-04",
            "price": "10.10",
            "revenue": 69001
        },
        "2019-05": {
            "month": "2019-05",
            "price": "9.96",
            "revenue": 79667
        },
        "2019-06": {
            "month": "2019-06",
            "price": "11.02",
            "revenue": 82726
        },
        "2019-07": {
            "month": "2019-07",
            "price": "11.60",
            "revenue": 88885
        },
        "2019-08": {
            "month": "2019-08",
            "price": "11.41",
            "revenue": 99526
        },
        "2019-09": {
            "month": "2019-09",
            "price": "11.66",
            "revenue": 82957
        },
        "2019-10": {
            "month": "2019-10",
            "price": "11.35",
            "revenue": 96669
        },
        "2019-11": {
            "month": "2019-11",
            "price": "11.06",
            "revenue": 84126
        },
        "2019-12": {
            "month": "2019-12",
            "price": "11.55",
            "revenue": 89161
        },
        "2020-01": {
            "month": "2020-01",
            "price": "11.33",
            "revenue": 76483
        },
        "2020-02": {
            "month": "2020-02",
            "price": "10.53",
            "revenue": 86093
        },
        "2020-03": {
            "month": "2020-03",
            "price": "9.27",
            "revenue": 78821
        },
        "2020-04": {
            "month": "2020-04",
            "price": "9.25",
            "revenue": 73262
        },
        "2020-05": {
            "month": "2020-05",
            "price": "9.65",
            "revenue": 75949
        },
        "2020-06": {
            "month": "2020-06",
            "price": "9.42",
            "revenue": 80120
        },
        "2020-07": {
            "month": "2020-07",
            "price": "9.84",
            "revenue": 87845
        },
        "2020-08": {
            "month": "2020-08",
            "price": "9.81",
            "revenue": 89343
        },
        "2020-09": {
            "month": "2020-09",
            "price": "11.28",
            "revenue": 83628
        },
        "2020-10": {
            "month": "2020-10",
            "price": "11.46",
            "revenue": 87275
        },
        "2020-11": {
            "month": "2020-11",
            "price": "13.03",
            "revenue": 75718
        },
        "2020-12": {
            "month": "2020-12",
            "price": "19.20",
            "revenue": 69811
        },
        "2021-01": {
            "month": "2021-01",
            "price": "17.40",
            "revenue": 82059
        },
        "2021-02": {
            "month": "2021-02",
            "price": "17.52",
            "revenue": 81537
        },
        "2021-03": {
            "month": "2021-03",
            "price": "18.08",
            "revenue": 83263
        },
        "2021-04": {
            "month": "2021-04",
            "price": "18.50",
            "revenue": 81551
        },
        "2021-05": {
            "month": "2021-05",
            "price": "15.08",
            "revenue": 83057
        },
        "2021-06": {
            "month": "2021-06",
            "price": "14.75",
            "revenue": 76156
        },
        "2021-07": {
            "month": "2021-07",
            "price": "14.62",
            "revenue": 80596
        },
        "2021-08": {
            "month": "2021-08",
            "price": "14.69",
            "revenue": 83319
        },
        "2021-09": {
            "month": "2021-09",
            "price": "15.27",
            "revenue": 96403
        },
        "2021-10": {
            "month": "2021-10",
            "price": "15.42",
            "revenue": 96716
        },
        "2021-11": {
            "month": "2021-11",
            "price": "17.64",
            "revenue": 82304
        },
        "2021-12": {
            "month": "2021-12",
            "price": "18.24",
            "revenue": 86485
        },
        "2022-01": {
            "month": "2022-01",
            "price": "18.24",
            "revenue": 86296
        },
        "2022-02": {
            "month": "2022-02",
            "price": "18.58",
            "revenue": 79325
        },
        "2022-03": {
            "month": "2022-03",
            "price": "17.88",
            "revenue": 99036
        },
        "2022-04": {
            "month": "2022-04",
            "price": "18.44",
            "revenue": 91322
        },
        "2022-05": {
            "month": "2022-05",
            "price": "17.44",
            "revenue": 75629
        },
        "2022-06": {
            "month": "2022-06",
            "price": "17.06",
            "revenue": 89460
        },
        "2022-07": {
            "month": "2022-07",
            "price": "15.74",
            "revenue": 101783
        },
        "2022-08": {
            "month": "2022-08",
            "price": "16.18",
            "revenue": 99648
        },
        "2022-09": {
            "month": "2022-09",
            "price": "16.46",
            "revenue": 100254
        },
        "2022-10": {
            "month": "2022-10",
            "price": "15.47",
            "revenue": 97983
        },
        "2022-11": {
            "month": "2022-11",
            "price": "15.99",
            "revenue": 93270
        },
        "2022-12": {
            "month": "2022-12",
            "price": "17.04",
            "revenue": 98814
        },
        "2023-01": {
            "month": "2023-01",
            "price": "17.10",
            "revenue": 83510
        },
        "2023-02": {
            "month": "2023-02",
            "price": "17.42",
            "revenue": 89999
        },
        "2023-03": {
            "month": "2023-03",
            "price": "16.43",
            "revenue": 94457
        },
        "2023-04": {
            "month": "2023-04",
            "price": "15.68",
            "revenue": 87340
        }
    }
}
