{
    "summary": {
        "stock_name": "力特",
        "stock_id": "3051",
        "category": "光電",
        "main_business": "偏光板",
        "website_url": "http://www.optimax.com.tw",
        "ceo": "趙輝生",
        "pe_ratio": 36,
        "report_year_from": 2001,
        "report_year_to": 2023,
        "age": 23,
        "eps_negative_percentage": 48,
        "eps_growth_avg": {
            "last_all": 8.98,
            "last_2y": 13.95,
            "last_4y": 13.95,
            "last_8y": -20.12,
            "last_12y": 0,
            "last_16y": 0,
            "last_20y": -0.12,
            "at_2006_last_3y": -0.41,
            "at_2007_last_3y": -16.03,
            "at_2008_last_3y": -100,
            "at_2009_last_3y": null,
            "at_2010_last_3y": null,
            "at_2011_last_3y": null,
            "at_2012_last_3y": null,
            "at_2013_last_3y": 100,
            "at_2014_last_3y": 50.3,
            "at_2015_last_3y": 19.4,
            "at_2016_last_3y": -10.45,
            "at_2017_last_3y": -47.27,
            "at_2018_last_3y": -71.21,
            "at_2019_last_3y": -100,
            "at_2020_last_3y": null,
            "at_2021_last_3y": 100,
            "at_2022_last_3y": 51.38,
            "at_2023_last_3y": 13.95,
            "at_2024_last_3y": 13.95,
            "at_2006_last_all": 24.69,
            "at_2007_last_all": 24.69,
            "at_2008_last_all": 24.69,
            "at_2009_last_all": 24.69,
            "at_2010_last_all": 24.69,
            "at_2011_last_all": 24.69,
            "at_2012_last_all": 24.69,
            "at_2013_last_all": 39.76,
            "at_2014_last_all": 33.23,
            "at_2015_last_all": 22.42,
            "at_2016_last_all": 7.12,
            "at_2017_last_all": 7.12,
            "at_2018_last_all": 7.12,
            "at_2019_last_all": 7.12,
            "at_2020_last_all": 7.12,
            "at_2021_last_all": 17.44,
            "at_2022_last_all": 15.97,
            "at_2023_last_all": 8.98,
            "at_2024_last_all": 8.98
        },
        "latest_eps": 1.03,
        "latest_price": 37.4,
        "latest_roe": 7.07,
        "latest_gross_margin": 47.95,
        "latest_equity": 2445686,
        "latest_revenue": 474811,
        "latest_gross_profit": 227675,
        "latest_net_income": 73352,
        "latest_debt_ratio": 40.95,
        "latest_current_ratio": 352.29,
        "latest_account_receivable_turnover_ratio": 0.83,
        "latest_inventory_turnover_ratio": 0.41,
        "latest_reinvestment_rate": -45.95,
        "latest_research_to_sale_ratio": 3.14
    },
    "eps_dividends": {
        "2001": {
            "cash": 0,
            "stock": 0,
            "eps": 2.03
        },
        "2002": {
            "cash": 0,
            "stock": 1.5,
            "eps": 4.41
        },
        "2003": {
            "cash": 0.6,
            "stock": 1.4,
            "eps": 5.77
        },
        "2004": {
            "cash": 1.01,
            "stock": 2.01,
            "eps": 9.69
        },
        "2005": {
            "cash": 2.74,
            "stock": 1.47,
            "eps": -4.2
        },
        "2006": {
            "cash": 0,
            "stock": 0,
            "eps": -2.78
        },
        "2007": {
            "cash": 0,
            "stock": 0,
            "eps": -4.17
        },
        "2008": {
            "cash": 0,
            "stock": 0,
            "eps": -7.43
        },
        "2009": {
            "cash": 0,
            "stock": 0,
            "eps": -3.2
        },
        "2010": {
            "cash": 0,
            "stock": 0,
            "eps": -5.19
        },
        "2011": {
            "cash": 0,
            "stock": 0,
            "eps": -3.96
        },
        "2012": {
            "cash": 0,
            "stock": 0,
            "eps": 0.32
        },
        "2013": {
            "cash": 0,
            "stock": 0,
            "eps": 1.64
        },
        "2014": {
            "cash": 0,
            "stock": 0,
            "eps": 1.65
        },
        "2015": {
            "cash": 0,
            "stock": 0,
            "eps": 0.95
        },
        "2016": {
            "cash": 0,
            "stock": 0,
            "eps": -0.85
        },
        "2017": {
            "cash": 0,
            "stock": 0,
            "eps": -0.66
        },
        "2018": {
            "cash": 0,
            "stock": 0,
            "eps": -0.32
        },
        "2019": {
            "cash": 0,
            "stock": 0,
            "eps": -0.52
        },
        "2020": {
            "cash": 0,
            "stock": 0,
            "eps": 0.05
        },
        "2021": {
            "cash": 0,
            "stock": 0,
            "eps": 2.54
        },
        "2022": {
            "cash": 0,
            "stock": 0,
            "eps": 2.61
        },
        "2023": {
            "cash": 1.2,
            "stock": 0,
            "eps": 1.02
        },
        "2024": {
            "cash": 1,
            "stock": 0,
            "eps": 0
        }
    },
    "dividends": {
        "2002-04-30": {
            "cash": 0,
            "stock": 1.5
        },
        "2003-02-14": {
            "cash": 0.6,
            "stock": 1.4
        },
        "2004-03-12": {
            "cash": 1.01,
            "stock": 2.01
        },
        "2005-03-31": {
            "cash": 2.74,
            "stock": 1.47
        },
        "2023-08-18": {
            "cash": 1.2,
            "stock": 0
        },
        "2024-03-14": {
            "cash": 1,
            "stock": 0
        }
    },
    "prices": {
        "200101": "無",
        "200102": "無",
        "200103": "無",
        "200104": "無",
        "200105": "無",
        "200106": "無",
        "200107": "無",
        "200108": "無",
        "200109": "無",
        "200110": "無",
        "200111": "無",
        "200112": "無",
        "200201": "無",
        "200202": "無",
        "200203": "無",
        "200204": "無",
        "200205": "無",
        "200206": "無",
        "200207": "無",
        "200208": "無",
        "200209": "無",
        "200210": "41.92",
        "200211": "51.31",
        "200212": "48.22",
        "200301": "46.99",
        "200302": "44.42",
        "200303": "39.56",
        "200304": "40.43",
        "200305": "44.78",
        "200306": "56.78",
        "200307": "70.22",
        "200308": "84.17",
        "200309": "93.36",
        "200310": "105.48",
        "200311": "99.75",
        "200312": "98.54",
        "200401": "105.87",
        "200402": "120.25",
        "200403": "120.96",
        "200404": "133.91",
        "200405": "133.67",
        "200406": "112.79",
        "200407": "86.14",
        "200408": "76.18",
        "200409": "80.10",
        "200410": "69.50",
        "200411": "69.18",
        "200412": "76.15",
        "200501": "70.69",
        "200502": "85.50",
        "200503": "83.88",
        "200504": "89.98",
        "200505": "82.02",
        "200506": "78.67",
        "200507": "72.22",
        "200508": "63.59",
        "200509": "55.33",
        "200510": "47.10",
        "200511": "52.45",
        "200512": "57.26",
        "200601": "55.81",
        "200602": "44.83",
        "200603": "36.61",
        "200604": "37.68",
        "200605": "37.53",
        "200606": "28.38",
        "200607": "27.91",
        "200608": "28.98",
        "200609": "23.66",
        "200610": "22.94",
        "200611": "22.80",
        "200612": "22.61",
        "200701": "22.07",
        "200702": "21.29",
        "200703": "16.56",
        "200704": "18.30",
        "200705": "18.24",
        "200706": "17.87",
        "200707": "21.37",
        "200708": "16.76",
        "200709": "14.60",
        "200710": "14.94",
        "200711": "15.71",
        "200712": "12.19",
        "200801": "9.91",
        "200802": "8.61",
        "200803": "9.31",
        "200804": "9.91",
        "200805": "11.93",
        "200806": "9.54",
        "200807": "6.30",
        "200808": "4.85",
        "200809": "3.02",
        "200810": "2.58",
        "200811": "1.29",
        "200812": "0.95",
        "200901": "0.83",
        "200902": "0.85",
        "200903": "1.25",
        "200904": "1.76",
        "200905": "1.42",
        "200906": "1.25",
        "200907": "1.31",
        "200908": "1.31",
        "200909": "1.24",
        "200910": "1.54",
        "200911": "1.65",
        "200912": "1.75",
        "201001": "3.28",
        "201002": "2.88",
        "201003": "2.89",
        "201004": "3.07",
        "201005": "4.98",
        "201006": "4.93",
        "201007": "4.76",
        "201008": "8.93",
        "201009": "7.05",
        "201010": "6.25",
        "201011": "5.28",
        "201012": "5.58",
        "201101": "5.44",
        "201102": "4.95",
        "201103": "4.54",
        "201104": "3.98",
        "201105": "2.25",
        "201106": "2.08",
        "201107": "1.68",
        "201108": "1.53",
        "201109": "1.47",
        "201110": "1.40",
        "201111": "1.98",
        "201112": "1.71",
        "201201": "1.71",
        "201202": "1.95",
        "201203": "1.89",
        "201204": "1.77",
        "201205": "1.66",
        "201206": "1.69",
        "201207": "1.66",
        "201208": "1.66",
        "201209": "2.69",
        "201210": "2.79",
        "201211": "2.52",
        "201212": "2.20",
        "201301": "2.09",
        "201302": "2.07",
        "201303": "1.98",
        "201304": "2.84",
        "201305": "5.08",
        "201306": "7.07",
        "201307": "6.55",
        "201308": "6.12",
        "201309": "5.57",
        "201310": "4.99",
        "201311": "4.62",
        "201312": "4.76",
        "201401": "6.50",
        "201402": "6.16",
        "201403": "5.70",
        "201404": "5.39",
        "201405": "4.95",
        "201406": "5.75",
        "201407": "5.98",
        "201408": "5.59",
        "201409": "5.61",
        "201410": "5.01",
        "201411": "5.46",
        "201412": "6.00",
        "201501": "10.50",
        "201502": "14.51",
        "201503": "13.72",
        "201504": "12.31",
        "201505": "13.06",
        "201506": "10.70",
        "201507": "9.16",
        "201508": "5.80",
        "201509": "6.60",
        "201510": "6.74",
        "201511": "7.30",
        "201512": "6.36",
        "201601": "5.26",
        "201602": "5.77",
        "201603": "6.22",
        "201604": "5.32",
        "201605": "4.57",
        "201606": "4.28",
        "201607": "4.10",
        "201608": "4.04",
        "201609": "4.18",
        "201610": "3.94",
        "201611": "3.44",
        "201612": "4.01",
        "201701": "4.41",
        "201702": "4.34",
        "201703": "4.12",
        "201704": "4.39",
        "201705": "4.08",
        "201706": "4.11",
        "201707": "3.94",
        "201708": "3.84",
        "201709": "4.37",
        "201710": "4.49",
        "201711": "4.95",
        "201712": "5.49",
        "201801": "5.43",
        "201802": "4.79",
        "201803": "4.75",
        "201804": "3.37",
        "201805": "3.28",
        "201806": "3.81",
        "201807": "3.48",
        "201808": "3.66",
        "201809": "3.49",
        "201810": "3.13",
        "201811": "3.09",
        "201812": "3.14",
        "201901": "3.11",
        "201902": "3.42",
        "201903": "3.78",
        "201904": "3.59",
        "201905": "3.38",
        "201906": "3.20",
        "201907": "3.16",
        "201908": "3.02",
        "201909": "2.96",
        "201910": "2.97",
        "201911": "2.97",
        "201912": "3.02",
        "202001": "3.17",
        "202002": "3.46",
        "202003": "3.27",
        "202004": "3.04",
        "202005": "3.32",
        "202006": "3.85",
        "202007": "3.74",
        "202008": "4.62",
        "202009": "4.89",
        "202010": "4.60",
        "202011": "4.79",
        "202012": "5.77",
        "202101": "6.05",
        "202102": "6.37",
        "202103": "6.90",
        "202104": "8.47",
        "202105": "8.02",
        "202106": "9.47",
        "202107": "11.71",
        "202108": "10.99",
        "202109": "9.48",
        "202110": "9.03",
        "202111": "10.84",
        "202112": "20.02",
        "202201": "29.75",
        "202202": "27.16",
        "202203": "23.40",
        "202204": "22.84",
        "202205": "19.52",
        "202206": "18.28",
        "202207": "15.76",
        "202208": "18.96",
        "202209": "19.42",
        "202210": "16.86",
        "202211": "19.30",
        "202212": "18.56",
        "202301": "17.48",
        "202302": "19.10",
        "202303": "18.93",
        "202304": "18.87",
        "202305": "17.88",
        "202306": "19.30",
        "202307": "22.42",
        "202308": "27.78",
        "202309": "29.52",
        "202310": "31.48",
        "202311": "32.33",
        "202312": "38.68",
        "202401": "33.65",
        "202402": "36.18",
        "202403": "38.60",
        "202404": "無"
    },
    "quarters": {
        "20011": {
            "year_quarter": 20011,
            "year": 2001,
            "quarter": 1,
            "eps": null,
            "eps_growth_year": null,
            "eps_4q": null,
            "eps_4q_growth_year": null,
            "roe": null,
            "roe_4q": 0,
            "gross_profit": null,
            "gross_margin": null,
            "gross_margin_4q_avg": 0,
            "net_income": null,
            "net_income_4q": null,
            "revenue": null,
            "revenue_4q": null,
            "common_shares": null,
            "book_valuer_per_share": null,
            "book_valuer_per_share_4q_avg": 0,
            "equity": null,
            "current_ratio": null,
            "debt_ratio": null,
            "inventory_turnover_ratio": null,
            "account_receivable_turnover_ratio": null,
            "reinvestment_rate": null,
            "research_to_sale_ratio": null,
            "price_fair": 0,
            "eps_avg_yearly": 0,
            "eps_latest_yearly": 0,
            "eps_growth_yearly": 0
        },
        "20012": {
            "year_quarter": 20012,
            "year": 2001,
            "quarter": 2,
            "eps": null,
            "eps_growth_year": null,
            "eps_4q": null,
            "eps_4q_growth_year": null,
            "roe": null,
            "roe_4q": 0,
            "gross_profit": null,
            "gross_margin": null,
            "gross_margin_4q_avg": 0,
            "net_income": null,
            "net_income_4q": null,
            "revenue": null,
            "revenue_4q": null,
            "common_shares": null,
            "book_valuer_per_share": null,
            "book_valuer_per_share_4q_avg": 0,
            "equity": null,
            "current_ratio": null,
            "debt_ratio": null,
            "inventory_turnover_ratio": null,
            "account_receivable_turnover_ratio": null,
            "reinvestment_rate": null,
            "research_to_sale_ratio": null,
            "price_fair": 0,
            "eps_avg_yearly": 0,
            "eps_latest_yearly": 0,
            "eps_growth_yearly": 0
        },
        "20013": {
            "year_quarter": 20013,
            "year": 2001,
            "quarter": 3,
            "eps": 0.19,
            "eps_growth_year": null,
            "eps_4q": null,
            "eps_4q_growth_year": null,
            "roe": 1.54,
            "roe_4q": 1.54,
            "gross_profit": 133431,
            "gross_margin": 16.39,
            "gross_margin_4q_avg": 5.46,
            "net_income": 26363,
            "net_income_4q": null,
            "revenue": 813913,
            "revenue_4q": null,
            "common_shares": 1186463,
            "book_valuer_per_share": 14.44,
            "book_valuer_per_share_4q_avg": 4.81,
            "equity": 1713746,
            "current_ratio": 97.54,
            "debt_ratio": 65.95,
            "inventory_turnover_ratio": 0.98,
            "account_receivable_turnover_ratio": null,
            "reinvestment_rate": null,
            "research_to_sale_ratio": null,
            "price_fair": 0,
            "eps_avg_yearly": 0,
            "eps_latest_yearly": 0,
            "eps_growth_yearly": 0
        },
        "20014": {
            "year_quarter": 20014,
            "year": 2001,
            "quarter": 4,
            "eps": 1.84,
            "eps_growth_year": null,
            "eps_4q": null,
            "eps_4q_growth_year": null,
            "roe": 12.74,
            "roe_4q": 14.280000000000001,
            "gross_profit": 122531,
            "gross_margin": 12.38,
            "gross_margin_4q_avg": 7.19,
            "net_income": 233210,
            "net_income_4q": null,
            "revenue": 989746,
            "revenue_4q": null,
            "common_shares": 1366463,
            "book_valuer_per_share": 14.25,
            "book_valuer_per_share_4q_avg": 7.17,
            "equity": 1946880,
            "current_ratio": 78.91,
            "debt_ratio": 61.52,
            "inventory_turnover_ratio": 1.28,
            "account_receivable_turnover_ratio": null,
            "reinvestment_rate": null,
            "research_to_sale_ratio": null,
            "price_fair": 0,
            "eps_avg_yearly": 0,
            "eps_latest_yearly": 0,
            "eps_growth_yearly": 0
        },
        "20021": {
            "year_quarter": 20021,
            "year": 2002,
            "quarter": 1,
            "eps": 1.06,
            "eps_growth_year": null,
            "eps_4q": null,
            "eps_4q_growth_year": null,
            "roe": 7.3,
            "roe_4q": 21.58,
            "gross_profit": 275856,
            "gross_margin": 21.29,
            "gross_margin_4q_avg": 12.52,
            "net_income": 148593,
            "net_income_4q": null,
            "revenue": 1295999,
            "revenue_4q": null,
            "common_shares": 1366463,
            "book_valuer_per_share": 15.55,
            "book_valuer_per_share_4q_avg": 11.06,
            "equity": 2124417,
            "current_ratio": 92.6,
            "debt_ratio": 63.49,
            "inventory_turnover_ratio": 1.44,
            "account_receivable_turnover_ratio": null,
            "reinvestment_rate": null,
            "research_to_sale_ratio": null,
            "price_fair": 12.72,
            "eps_avg_yearly": 4.24,
            "eps_latest_yearly": 4.24,
            "eps_growth_yearly": -169.57
        },
        "20022": {
            "year_quarter": 20022,
            "year": 2002,
            "quarter": 2,
            "eps": 1.25,
            "eps_growth_year": null,
            "eps_4q": 3.71,
            "eps_4q_growth_year": null,
            "roe": 8.81,
            "roe_4q": 30.39,
            "gross_profit": 521778,
            "gross_margin": 29.78,
            "gross_margin_4q_avg": 19.96,
            "net_income": 207217,
            "net_income_4q": null,
            "revenue": 1751971,
            "revenue_4q": null,
            "common_shares": 1761605,
            "book_valuer_per_share": 14.66,
            "book_valuer_per_share_4q_avg": 14.73,
            "equity": 2582355,
            "current_ratio": 105.25,
            "debt_ratio": 61.81,
            "inventory_turnover_ratio": 1.43,
            "account_receivable_turnover_ratio": null,
            "reinvestment_rate": null,
            "research_to_sale_ratio": null,
            "price_fair": 13.86,
            "eps_avg_yearly": 4.62,
            "eps_latest_yearly": 5,
            "eps_growth_yearly": -48.93
        },
        "20023": {
            "year_quarter": 20023,
            "year": 2002,
            "quarter": 3,
            "eps": 1.21,
            "eps_growth_year": 536.84,
            "eps_4q": 4.66,
            "eps_4q_growth_year": null,
            "roe": 6.16,
            "roe_4q": 35.01,
            "gross_profit": 415436,
            "gross_margin": 27.25,
            "gross_margin_4q_avg": 22.68,
            "net_income": 206771,
            "net_income_4q": null,
            "revenue": 1524410,
            "revenue_4q": null,
            "common_shares": 1761605,
            "book_valuer_per_share": 23.44,
            "book_valuer_per_share_4q_avg": 16.98,
            "equity": 4129165,
            "current_ratio": 149.75,
            "debt_ratio": 49.86,
            "inventory_turnover_ratio": 1.01,
            "account_receivable_turnover_ratio": null,
            "reinvestment_rate": null,
            "research_to_sale_ratio": null,
            "price_fair": 14.08,
            "eps_avg_yearly": 4.69,
            "eps_latest_yearly": 4.84,
            "eps_growth_yearly": -36.89
        },
        "20024": {
            "year_quarter": 20024,
            "year": 2002,
            "quarter": 4,
            "eps": 0.89,
            "eps_growth_year": -51.63,
            "eps_4q": 4.03,
            "eps_4q_growth_year": null,
            "roe": 3.79,
            "roe_4q": 26.06,
            "gross_profit": 277914,
            "gross_margin": 19.64,
            "gross_margin_4q_avg": 24.49,
            "net_income": 159552,
            "net_income_4q": null,
            "revenue": 1414863,
            "revenue_4q": null,
            "common_shares": 2096605,
            "book_valuer_per_share": 20.46,
            "book_valuer_per_share_4q_avg": 18.53,
            "equity": 4288678,
            "current_ratio": 160.38,
            "debt_ratio": 44.81,
            "inventory_turnover_ratio": 0.84,
            "account_receivable_turnover_ratio": null,
            "reinvestment_rate": null,
            "research_to_sale_ratio": null,
            "price_fair": 13.23,
            "eps_avg_yearly": 4.41,
            "eps_latest_yearly": 3.56,
            "eps_growth_yearly": -54.11
        },
        "20031": {
            "year_quarter": 20031,
            "year": 2003,
            "quarter": 1,
            "eps": 0.72,
            "eps_growth_year": -32.08,
            "eps_4q": 3.44,
            "eps_4q_growth_year": null,
            "roe": 3.48,
            "roe_4q": 22.240000000000002,
            "gross_profit": 358347,
            "gross_margin": 21.68,
            "gross_margin_4q_avg": 24.59,
            "net_income": 151841,
            "net_income_4q": null,
            "revenue": 1653214,
            "revenue_4q": null,
            "common_shares": 2096605,
            "book_valuer_per_share": 21.18,
            "book_valuer_per_share_4q_avg": 19.94,
            "equity": 4440519,
            "current_ratio": 142.76,
            "debt_ratio": 48.28,
            "inventory_turnover_ratio": 0.76,
            "account_receivable_turnover_ratio": null,
            "reinvestment_rate": null,
            "research_to_sale_ratio": null,
            "price_fair": 12.31,
            "eps_avg_yearly": 4.1,
            "eps_latest_yearly": 2.88,
            "eps_growth_yearly": -58.57
        },
        "20032": {
            "year_quarter": 20032,
            "year": 2003,
            "quarter": 2,
            "eps": 1.52,
            "eps_growth_year": 21.6,
            "eps_4q": 3.62,
            "eps_4q_growth_year": -2.37,
            "roe": 8.23,
            "roe_4q": 21.66,
            "gross_profit": 549361,
            "gross_margin": 24.55,
            "gross_margin_4q_avg": 23.28,
            "net_income": 374326,
            "net_income_4q": null,
            "revenue": 2237533,
            "revenue_4q": null,
            "common_shares": 2096605,
            "book_valuer_per_share": 22.2,
            "book_valuer_per_share_4q_avg": 21.82,
            "equity": 4653567,
            "current_ratio": 140.34,
            "debt_ratio": 49.92,
            "inventory_turnover_ratio": 0.85,
            "account_receivable_turnover_ratio": null,
            "reinvestment_rate": null,
            "research_to_sale_ratio": null,
            "price_fair": 155.17,
            "eps_avg_yearly": 4.43,
            "eps_latest_yearly": 6.08,
            "eps_growth_yearly": 25.26
        },
        "20033": {
            "year_quarter": 20033,
            "year": 2003,
            "quarter": 3,
            "eps": 1.52,
            "eps_growth_year": 25.62,
            "eps_4q": 4.3,
            "eps_4q_growth_year": -7.77,
            "roe": 7.76,
            "roe_4q": 23.259999999999998,
            "gross_profit": 745085,
            "gross_margin": 27.74,
            "gross_margin_4q_avg": 23.4,
            "net_income": 375576,
            "net_income_4q": null,
            "revenue": 2686106,
            "revenue_4q": null,
            "common_shares": 2468119,
            "book_valuer_per_share": 20.38,
            "book_valuer_per_share_4q_avg": 21.06,
            "equity": 5029143,
            "current_ratio": 237.99,
            "debt_ratio": 53.5,
            "inventory_turnover_ratio": 0.88,
            "account_receivable_turnover_ratio": null,
            "reinvestment_rate": null,
            "research_to_sale_ratio": null,
            "price_fair": 147.79,
            "eps_avg_yearly": 4.67,
            "eps_latest_yearly": 6.08,
            "eps_growth_yearly": 21.66
        },
        "20034": {
            "year_quarter": 20034,
            "year": 2003,
            "quarter": 4,
            "eps": 2.01,
            "eps_growth_year": 125.84,
            "eps_4q": 5.66,
            "eps_4q_growth_year": 40.61,
            "roe": 9.4,
            "roe_4q": 28.87,
            "gross_profit": 969360,
            "gross_margin": 28.17,
            "gross_margin_4q_avg": 25.54,
            "net_income": 496018,
            "net_income_4q": null,
            "revenue": 3441594,
            "revenue_4q": null,
            "common_shares": 2468119,
            "book_valuer_per_share": 22.39,
            "book_valuer_per_share_4q_avg": 21.54,
            "equity": 5525161,
            "current_ratio": 230.96,
            "debt_ratio": 53.84,
            "inventory_turnover_ratio": 0.91,
            "account_receivable_turnover_ratio": null,
            "reinvestment_rate": null,
            "research_to_sale_ratio": null,
            "price_fair": 178.15,
            "eps_avg_yearly": 5.09,
            "eps_latest_yearly": 8.04,
            "eps_growth_yearly": 35.07
        },
        "20041": {
            "year_quarter": 20041,
            "year": 2004,
            "quarter": 1,
            "eps": 3.09,
            "eps_growth_year": 329.17,
            "eps_4q": 7.93,
            "eps_4q_growth_year": 130.46,
            "roe": 12.8,
            "roe_4q": 38.19,
            "gross_profit": 1127772,
            "gross_margin": 28.46,
            "gross_margin_4q_avg": 27.23,
            "net_income": 795923,
            "net_income_4q": null,
            "revenue": 3962894,
            "revenue_4q": null,
            "common_shares": 2635725,
            "book_valuer_per_share": 26.22,
            "book_valuer_per_share_4q_avg": 22.8,
            "equity": 6910972,
            "current_ratio": 227.01,
            "debt_ratio": 52.7,
            "inventory_turnover_ratio": 0.82,
            "account_receivable_turnover_ratio": null,
            "reinvestment_rate": null,
            "research_to_sale_ratio": null,
            "price_fair": 206.42,
            "eps_avg_yearly": 5.9,
            "eps_latest_yearly": 12.36,
            "eps_growth_yearly": 55.05
        },
        "20042": {
            "year_quarter": 20042,
            "year": 2004,
            "quarter": 2,
            "eps": 2.96,
            "eps_growth_year": 94.74,
            "eps_4q": 7.98,
            "eps_4q_growth_year": 120.1,
            "roe": 11.48,
            "roe_4q": 41.44,
            "gross_profit": 1463780,
            "gross_margin": 28.59,
            "gross_margin_4q_avg": 28.24,
            "net_income": 983897,
            "net_income_4q": null,
            "revenue": 5120455,
            "revenue_4q": null,
            "common_shares": 2915491,
            "book_valuer_per_share": 35.11,
            "book_valuer_per_share_4q_avg": 26.03,
            "equity": 10237383,
            "current_ratio": 256.78,
            "debt_ratio": 46.82,
            "inventory_turnover_ratio": 0.82,
            "account_receivable_turnover_ratio": null,
            "reinvestment_rate": null,
            "research_to_sale_ratio": null,
            "price_fair": 227.22,
            "eps_avg_yearly": 6.49,
            "eps_latest_yearly": 11.84,
            "eps_growth_yearly": 47.86
        },
        "20043": {
            "year_quarter": 20043,
            "year": 2004,
            "quarter": 3,
            "eps": 1.77,
            "eps_growth_year": 16.45,
            "eps_4q": 8.4,
            "eps_4q_growth_year": 95.49,
            "roe": 5.76,
            "roe_4q": 39.440000000000005,
            "gross_profit": 995147,
            "gross_margin": 25,
            "gross_margin_4q_avg": 27.56,
            "net_income": 607889,
            "net_income_4q": null,
            "revenue": 3979792,
            "revenue_4q": null,
            "common_shares": 3647285,
            "book_valuer_per_share": 29.82,
            "book_valuer_per_share_4q_avg": 28.39,
            "equity": 10877154,
            "current_ratio": 196.3,
            "debt_ratio": 49.45,
            "inventory_turnover_ratio": 0.52,
            "account_receivable_turnover_ratio": null,
            "reinvestment_rate": null,
            "research_to_sale_ratio": null,
            "price_fair": 229.09,
            "eps_avg_yearly": 6.55,
            "eps_latest_yearly": 7.08,
            "eps_growth_yearly": 28.89
        },
        "20044": {
            "year_quarter": 20044,
            "year": 2004,
            "quarter": 4,
            "eps": 1.87,
            "eps_growth_year": -6.97,
            "eps_4q": 8.71,
            "eps_4q_growth_year": 53.84,
            "roe": 5.82,
            "roe_4q": 35.86,
            "gross_profit": 916198,
            "gross_margin": 23.2,
            "gross_margin_4q_avg": 26.31,
            "net_income": 652452,
            "net_income_4q": null,
            "revenue": 3949698,
            "revenue_4q": null,
            "common_shares": 3653511,
            "book_valuer_per_share": 31.59,
            "book_valuer_per_share_4q_avg": 30.69,
            "equity": 11541470,
            "current_ratio": 207.82,
            "debt_ratio": 56.93,
            "inventory_turnover_ratio": 0.4,
            "account_receivable_turnover_ratio": null,
            "reinvestment_rate": null,
            "research_to_sale_ratio": null,
            "price_fair": 231.82,
            "eps_avg_yearly": 6.62,
            "eps_latest_yearly": 7.48,
            "eps_growth_yearly": 28.37
        },
        "20051": {
            "year_quarter": 20051,
            "year": 2005,
            "quarter": 1,
            "eps": -0.46,
            "eps_growth_year": -114.89,
            "eps_4q": 5.56,
            "eps_4q_growth_year": -29.86,
            "roe": -1.49,
            "roe_4q": 21.57,
            "gross_profit": 1073963,
            "gross_margin": 21.1,
            "gross_margin_4q_avg": 24.47,
            "net_income": -171496,
            "net_income_4q": null,
            "revenue": 5090616,
            "revenue_4q": null,
            "common_shares": 3716678,
            "book_valuer_per_share": 31.07,
            "book_valuer_per_share_4q_avg": 31.9,
            "equity": 11547214,
            "current_ratio": 243.84,
            "debt_ratio": 59.19,
            "inventory_turnover_ratio": 0.46,
            "account_receivable_turnover_ratio": null,
            "reinvestment_rate": null,
            "research_to_sale_ratio": null,
            "price_fair": 231.82,
            "eps_avg_yearly": 6.62,
            "eps_latest_yearly": 7.48,
            "eps_growth_yearly": 28.37
        },
        "20052": {
            "year_quarter": 20052,
            "year": 2005,
            "quarter": 2,
            "eps": -0.51,
            "eps_growth_year": -117.23,
            "eps_4q": 2.18,
            "eps_4q_growth_year": -72.68,
            "roe": -1.58,
            "roe_4q": 8.51,
            "gross_profit": 937737,
            "gross_margin": 17.96,
            "gross_margin_4q_avg": 21.82,
            "net_income": -191229,
            "net_income_4q": null,
            "revenue": 5222472,
            "revenue_4q": null,
            "common_shares": 4118476,
            "book_valuer_per_share": 30.62,
            "book_valuer_per_share_4q_avg": 30.78,
            "equity": 12610618,
            "current_ratio": 235.59,
            "debt_ratio": 56.32,
            "inventory_turnover_ratio": 0.52,
            "account_receivable_turnover_ratio": null,
            "reinvestment_rate": 273.01,
            "research_to_sale_ratio": null,
            "price_fair": 231.82,
            "eps_avg_yearly": 6.62,
            "eps_latest_yearly": 7.48,
            "eps_growth_yearly": 28.37
        },
        "20053": {
            "year_quarter": 20053,
            "year": 2005,
            "quarter": 3,
            "eps": -1.69,
            "eps_growth_year": -195.48,
            "eps_4q": -1,
            "eps_4q_growth_year": -111.88,
            "roe": -6.36,
            "roe_4q": -3.6099999999999994,
            "gross_profit": 818596,
            "gross_margin": 15.23,
            "gross_margin_4q_avg": 19.37,
            "net_income": -778123,
            "net_income_4q": null,
            "revenue": 5374155,
            "revenue_4q": null,
            "common_shares": 4896653,
            "book_valuer_per_share": 24.26,
            "book_valuer_per_share_4q_avg": 29.39,
            "equity": 11877885,
            "current_ratio": 251.14,
            "debt_ratio": 58.79,
            "inventory_turnover_ratio": 0.62,
            "account_receivable_turnover_ratio": null,
            "reinvestment_rate": 293.94,
            "research_to_sale_ratio": null,
            "price_fair": 231.82,
            "eps_avg_yearly": 6.62,
            "eps_latest_yearly": 7.48,
            "eps_growth_yearly": 28.37
        },
        "20054": {
            "year_quarter": 20054,
            "year": 2005,
            "quarter": 4,
            "eps": -1.54,
            "eps_growth_year": -182.35,
            "eps_4q": -3.98,
            "eps_4q_growth_year": -145.68,
            "roe": -6.23,
            "roe_4q": -15.66,
            "gross_profit": 980450,
            "gross_margin": 16.14,
            "gross_margin_4q_avg": 17.61,
            "net_income": -720205,
            "net_income_4q": null,
            "revenue": 6074878,
            "revenue_4q": null,
            "common_shares": 4932323,
            "book_valuer_per_share": 22.79,
            "book_valuer_per_share_4q_avg": 27.19,
            "equity": 11239078,
            "current_ratio": 165.89,
            "debt_ratio": 60.95,
            "inventory_turnover_ratio": 0.8,
            "account_receivable_turnover_ratio": null,
            "reinvestment_rate": 378.99,
            "research_to_sale_ratio": null,
            "price_fair": 231.82,
            "eps_avg_yearly": 6.62,
            "eps_latest_yearly": 7.48,
            "eps_growth_yearly": 28.37
        },
        "20061": {
            "year_quarter": 20061,
            "year": 2006,
            "quarter": 1,
            "eps": 0.95,
            "eps_growth_year": null,
            "eps_4q": -2.45,
            "eps_4q_growth_year": -144.13,
            "roe": 4.1,
            "roe_4q": -10.070000000000002,
            "gross_profit": 1125224,
            "gross_margin": 17.51,
            "gross_margin_4q_avg": 16.71,
            "net_income": 471576,
            "net_income_4q": null,
            "revenue": 6424921,
            "revenue_4q": null,
            "common_shares": 4949990,
            "book_valuer_per_share": 23.73,
            "book_valuer_per_share_4q_avg": 25.35,
            "equity": 11747712,
            "current_ratio": 185.8,
            "debt_ratio": 59.96,
            "inventory_turnover_ratio": 0.87,
            "account_receivable_turnover_ratio": null,
            "reinvestment_rate": 340.09,
            "research_to_sale_ratio": null,
            "price_fair": 239.4,
            "eps_avg_yearly": 6.84,
            "eps_latest_yearly": 7.48,
            "eps_growth_yearly": 46.36
        },
        "20062": {
            "year_quarter": 20062,
            "year": 2006,
            "quarter": 2,
            "eps": -0.55,
            "eps_growth_year": null,
            "eps_4q": -2.58,
            "eps_4q_growth_year": -218.2,
            "roe": -2.32,
            "roe_4q": -10.810000000000002,
            "gross_profit": 751111,
            "gross_margin": 14.62,
            "gross_margin_4q_avg": 15.88,
            "net_income": -270956,
            "net_income_4q": null,
            "revenue": 5138730,
            "revenue_4q": null,
            "common_shares": 5037178,
            "book_valuer_per_share": 23.15,
            "book_valuer_per_share_4q_avg": 23.48,
            "equity": 11660756,
            "current_ratio": 192.11,
            "debt_ratio": 57.82,
            "inventory_turnover_ratio": 0.72,
            "account_receivable_turnover_ratio": null,
            "reinvestment_rate": 381.08,
            "research_to_sale_ratio": null,
            "price_fair": 245.84,
            "eps_avg_yearly": 7.02,
            "eps_latest_yearly": 7.48,
            "eps_growth_yearly": 43.83
        },
        "20063": {
            "year_quarter": 20063,
            "year": 2006,
            "quarter": 3,
            "eps": -0.28,
            "eps_growth_year": null,
            "eps_4q": -1.3,
            "eps_4q_growth_year": null,
            "roe": -1.19,
            "roe_4q": -5.640000000000001,
            "gross_profit": 114923,
            "gross_margin": 2.59,
            "gross_margin_4q_avg": 12.72,
            "net_income": -137671,
            "net_income_4q": null,
            "revenue": 4438824,
            "revenue_4q": null,
            "common_shares": 5053671,
            "book_valuer_per_share": 22.9,
            "book_valuer_per_share_4q_avg": 23.14,
            "equity": 11573138,
            "current_ratio": 172.8,
            "debt_ratio": 57.62,
            "inventory_turnover_ratio": 0.73,
            "account_receivable_turnover_ratio": null,
            "reinvestment_rate": 430.55,
            "research_to_sale_ratio": null,
            "price_fair": 254.33,
            "eps_avg_yearly": 7.27,
            "eps_latest_yearly": 7.48,
            "eps_growth_yearly": 50.12
        },
        "20064": {
            "year_quarter": 20064,
            "year": 2006,
            "quarter": 4,
            "eps": -2.9,
            "eps_growth_year": null,
            "eps_4q": -2.78,
            "eps_4q_growth_year": null,
            "roe": -13.4,
            "roe_4q": -12.81,
            "gross_profit": -37788,
            "gross_margin": -0.71,
            "gross_margin_4q_avg": 8.5,
            "net_income": -1454217,
            "net_income_4q": null,
            "revenue": 5324315,
            "revenue_4q": null,
            "common_shares": 5059412,
            "book_valuer_per_share": 20.01,
            "book_valuer_per_share_4q_avg": 22.45,
            "equity": 10126056,
            "current_ratio": 154.43,
            "debt_ratio": 64.21,
            "inventory_turnover_ratio": 0.92,
            "account_receivable_turnover_ratio": null,
            "reinvestment_rate": 1031.42,
            "research_to_sale_ratio": null,
            "price_fair": 270.55,
            "eps_avg_yearly": 7.73,
            "eps_latest_yearly": 7.48,
            "eps_growth_yearly": 69.61
        },
        "20071": {
            "year_quarter": 20071,
            "year": 2007,
            "quarter": 1,
            "eps": -0.89,
            "eps_growth_year": -193.68,
            "eps_4q": -4.57,
            "eps_4q_growth_year": null,
            "roe": -4.54,
            "roe_4q": -21.450000000000003,
            "gross_profit": -71271,
            "gross_margin": -1.6,
            "gross_margin_4q_avg": 3.73,
            "net_income": -450369,
            "net_income_4q": null,
            "revenue": 4454592,
            "revenue_4q": null,
            "common_shares": 5066293,
            "book_valuer_per_share": 19.14,
            "book_valuer_per_share_4q_avg": 21.3,
            "equity": 9695685,
            "current_ratio": 155.92,
            "debt_ratio": 63.22,
            "inventory_turnover_ratio": 0.86,
            "account_receivable_turnover_ratio": null,
            "reinvestment_rate": 2003.11,
            "research_to_sale_ratio": null,
            "price_fair": 294.8,
            "eps_avg_yearly": 8.42,
            "eps_latest_yearly": 7.48,
            "eps_growth_yearly": 90.47
        },
        "20072": {
            "year_quarter": 20072,
            "year": 2007,
            "quarter": 2,
            "eps": -2.7,
            "eps_growth_year": null,
            "eps_4q": -6.73,
            "eps_4q_growth_year": null,
            "roe": -15.18,
            "roe_4q": -34.309999999999995,
            "gross_profit": 265494,
            "gross_margin": 4.96,
            "gross_margin_4q_avg": 1.31,
            "net_income": -1368280,
            "net_income_4q": null,
            "revenue": 5356823,
            "revenue_4q": null,
            "common_shares": 5066654,
            "book_valuer_per_share": 16.44,
            "book_valuer_per_share_4q_avg": 19.62,
            "equity": 8330517,
            "current_ratio": 140.1,
            "debt_ratio": 67.02,
            "inventory_turnover_ratio": 1.16,
            "account_receivable_turnover_ratio": null,
            "reinvestment_rate": null,
            "research_to_sale_ratio": null,
            "price_fair": 308.47,
            "eps_avg_yearly": 8.81,
            "eps_latest_yearly": 7.48,
            "eps_growth_yearly": 31.47
        },
        "20073": {
            "year_quarter": 20073,
            "year": 2007,
            "quarter": 3,
            "eps": -0.04,
            "eps_growth_year": null,
            "eps_4q": -6.5,
            "eps_4q_growth_year": null,
            "roe": -0.25,
            "roe_4q": -33.37,
            "gross_profit": 469269,
            "gross_margin": 10.09,
            "gross_margin_4q_avg": 3.19,
            "net_income": -20508,
            "net_income_4q": null,
            "revenue": 4649487,
            "revenue_4q": null,
            "common_shares": 5067764,
            "book_valuer_per_share": 16.41,
            "book_valuer_per_share_4q_avg": 18,
            "equity": 8313759,
            "current_ratio": 131.92,
            "debt_ratio": 65.48,
            "inventory_turnover_ratio": 1.07,
            "account_receivable_turnover_ratio": null,
            "reinvestment_rate": null,
            "research_to_sale_ratio": null,
            "price_fair": 327.6,
            "eps_avg_yearly": 9.36,
            "eps_latest_yearly": 7.48,
            "eps_growth_yearly": 37.77
        },
        "20074": {
            "year_quarter": 20074,
            "year": 2007,
            "quarter": 4,
            "eps": -0.54,
            "eps_growth_year": null,
            "eps_4q": -4.17,
            "eps_4q_growth_year": null,
            "roe": -3.35,
            "roe_4q": -23.32,
            "gross_profit": 246832,
            "gross_margin": 5.89,
            "gross_margin_4q_avg": 4.84,
            "net_income": -274407,
            "net_income_4q": null,
            "revenue": 4190775,
            "revenue_4q": null,
            "common_shares": 5067764,
            "book_valuer_per_share": 15.88,
            "book_valuer_per_share_4q_avg": 16.97,
            "equity": 8050064,
            "current_ratio": 120.7,
            "debt_ratio": 65.31,
            "inventory_turnover_ratio": 1.1,
            "account_receivable_turnover_ratio": null,
            "reinvestment_rate": null,
            "research_to_sale_ratio": null,
            "price_fair": 241.97,
            "eps_avg_yearly": 9.69,
            "eps_latest_yearly": 7.48,
            "eps_growth_yearly": 14.97
        },
        "20081": {
            "year_quarter": 20081,
            "year": 2008,
            "quarter": 1,
            "eps": -0.65,
            "eps_growth_year": null,
            "eps_4q": -3.96,
            "eps_4q_growth_year": null,
            "roe": -4.17,
            "roe_4q": -22.95,
            "gross_profit": 67240,
            "gross_margin": 1.95,
            "gross_margin_4q_avg": 5.72,
            "net_income": -327091,
            "net_income_4q": null,
            "revenue": 3454477,
            "revenue_4q": null,
            "common_shares": 5067764,
            "book_valuer_per_share": 15.07,
            "book_valuer_per_share_4q_avg": 15.95,
            "equity": 7639029,
            "current_ratio": 113.89,
            "debt_ratio": 65.2,
            "inventory_turnover_ratio": 0.98,
            "account_receivable_turnover_ratio": null,
            "reinvestment_rate": null,
            "research_to_sale_ratio": null,
            "price_fair": 26.4,
            "eps_avg_yearly": 8.8,
            "eps_latest_yearly": 7.48,
            "eps_growth_yearly": -51.68
        },
        "20082": {
            "year_quarter": 20082,
            "year": 2008,
            "quarter": 2,
            "eps": -1.3,
            "eps_growth_year": null,
            "eps_4q": -2.51,
            "eps_4q_growth_year": null,
            "roe": -8.88,
            "roe_4q": -16.650000000000002,
            "gross_profit": -92818,
            "gross_margin": -2.68,
            "gross_margin_4q_avg": 3.81,
            "net_income": -649694,
            "net_income_4q": null,
            "revenue": 3467144,
            "revenue_4q": null,
            "common_shares": 5067764,
            "book_valuer_per_share": 13.81,
            "book_valuer_per_share_4q_avg": 15.29,
            "equity": 6998996,
            "current_ratio": 106.84,
            "debt_ratio": 66.26,
            "inventory_turnover_ratio": 1.03,
            "account_receivable_turnover_ratio": null,
            "reinvestment_rate": null,
            "research_to_sale_ratio": null,
            "price_fair": 21.84,
            "eps_avg_yearly": 7.28,
            "eps_latest_yearly": 7.48,
            "eps_growth_yearly": -69.11
        },
        "20083": {
            "year_quarter": 20083,
            "year": 2008,
            "quarter": 3,
            "eps": -3,
            "eps_growth_year": null,
            "eps_4q": -5.43,
            "eps_4q_growth_year": null,
            "roe": -23.92,
            "roe_4q": -40.32000000000001,
            "gross_profit": -301048,
            "gross_margin": -10.58,
            "gross_margin_4q_avg": -1.36,
            "net_income": -1498385,
            "net_income_4q": null,
            "revenue": 2846691,
            "revenue_4q": null,
            "common_shares": 5067764,
            "book_valuer_per_share": 10.91,
            "book_valuer_per_share_4q_avg": 13.92,
            "equity": 5527427,
            "current_ratio": 118.07,
            "debt_ratio": 70.93,
            "inventory_turnover_ratio": 1.06,
            "account_receivable_turnover_ratio": null,
            "reinvestment_rate": null,
            "research_to_sale_ratio": null,
            "price_fair": 243.84,
            "eps_avg_yearly": 7.48,
            "eps_latest_yearly": 7.48,
            "eps_growth_yearly": 22.6
        },
        "20084": {
            "year_quarter": 20084,
            "year": 2008,
            "quarter": 4,
            "eps": -2.48,
            "eps_growth_year": null,
            "eps_4q": -7.44,
            "eps_4q_growth_year": null,
            "roe": -25.23,
            "roe_4q": -62.20000000000001,
            "gross_profit": -113261,
            "gross_margin": -8.95,
            "gross_margin_4q_avg": -5.07,
            "net_income": -1239151,
            "net_income_4q": null,
            "revenue": 1265569,
            "revenue_4q": null,
            "common_shares": 5067764,
            "book_valuer_per_share": 8.48,
            "book_valuer_per_share_4q_avg": 12.07,
            "equity": 4295210,
            "current_ratio": 118.79,
            "debt_ratio": 75.44,
            "inventory_turnover_ratio": 0.57,
            "account_receivable_turnover_ratio": 2.29,
            "reinvestment_rate": null,
            "research_to_sale_ratio": null,
            "price_fair": 0,
            "eps_avg_yearly": 0,
            "eps_latest_yearly": 0,
            "eps_growth_yearly": 0
        },
        "20091": {
            "year_quarter": 20091,
            "year": 2009,
            "quarter": 1,
            "eps": -2.04,
            "eps_growth_year": null,
            "eps_4q": -8.69,
            "eps_4q_growth_year": null,
            "roe": -26.79,
            "roe_4q": -84.82,
            "gross_profit": -880945,
            "gross_margin": -72.05,
            "gross_margin_4q_avg": -23.57,
            "net_income": -1016289,
            "net_income_4q": null,
            "revenue": 1222644,
            "revenue_4q": null,
            "common_shares": 5067764,
            "book_valuer_per_share": 6.49,
            "book_valuer_per_share_4q_avg": 9.92,
            "equity": 3290830,
            "current_ratio": 95.43,
            "debt_ratio": 79.51,
            "inventory_turnover_ratio": 1.12,
            "account_receivable_turnover_ratio": 1.02,
            "reinvestment_rate": null,
            "research_to_sale_ratio": null,
            "price_fair": 0,
            "eps_avg_yearly": 0,
            "eps_latest_yearly": 0,
            "eps_growth_yearly": 0
        },
        "20092": {
            "year_quarter": 20092,
            "year": 2009,
            "quarter": 2,
            "eps": -1.71,
            "eps_growth_year": null,
            "eps_4q": -9.1,
            "eps_4q_growth_year": null,
            "roe": -29.92,
            "roe_4q": -105.86,
            "gross_profit": -496317,
            "gross_margin": -40.57,
            "gross_margin_4q_avg": -33.04,
            "net_income": -855375,
            "net_income_4q": null,
            "revenue": 1223356,
            "revenue_4q": null,
            "common_shares": 5067764,
            "book_valuer_per_share": 4.79,
            "book_valuer_per_share_4q_avg": 7.67,
            "equity": 2426512,
            "current_ratio": 78.21,
            "debt_ratio": 84.23,
            "inventory_turnover_ratio": 1.34,
            "account_receivable_turnover_ratio": 0.98,
            "reinvestment_rate": null,
            "research_to_sale_ratio": null,
            "price_fair": 0,
            "eps_avg_yearly": 0,
            "eps_latest_yearly": 0,
            "eps_growth_yearly": 0
        },
        "20093": {
            "year_quarter": 20093,
            "year": 2009,
            "quarter": 3,
            "eps": -0.89,
            "eps_growth_year": null,
            "eps_4q": -7.01,
            "eps_4q_growth_year": null,
            "roe": -20.07,
            "roe_4q": -102.01,
            "gross_profit": 50202,
            "gross_margin": 3.9,
            "gross_margin_4q_avg": -29.42,
            "net_income": -442198,
            "net_income_4q": null,
            "revenue": 1286687,
            "revenue_4q": null,
            "common_shares": 5067764,
            "book_valuer_per_share": 3.91,
            "book_valuer_per_share_4q_avg": 5.92,
            "equity": 1980441,
            "current_ratio": 93.71,
            "debt_ratio": 86.72,
            "inventory_turnover_ratio": 1,
            "account_receivable_turnover_ratio": 1.12,
            "reinvestment_rate": null,
            "research_to_sale_ratio": null,
            "price_fair": 0,
            "eps_avg_yearly": 0,
            "eps_latest_yearly": 0,
            "eps_growth_yearly": 0
        },
        "20094": {
            "year_quarter": 20094,
            "year": 2009,
            "quarter": 4,
            "eps": 1.44,
            "eps_growth_year": null,
            "eps_4q": -3.2,
            "eps_4q_growth_year": null,
            "roe": 30.69,
            "roe_4q": -46.09,
            "gross_profit": -26506,
            "gross_margin": -2.07,
            "gross_margin_4q_avg": -27.7,
            "net_income": 717843,
            "net_income_4q": null,
            "revenue": 1280030,
            "revenue_4q": null,
            "common_shares": 5067764,
            "book_valuer_per_share": 5.41,
            "book_valuer_per_share_4q_avg": 5.15,
            "equity": 2697456,
            "current_ratio": 82.19,
            "debt_ratio": 82.11,
            "inventory_turnover_ratio": 0.97,
            "account_receivable_turnover_ratio": 3.32,
            "reinvestment_rate": null,
            "research_to_sale_ratio": null,
            "price_fair": 0,
            "eps_avg_yearly": 0,
            "eps_latest_yearly": 0,
            "eps_growth_yearly": 0
        },
        "20101": {
            "year_quarter": 20101,
            "year": 2010,
            "quarter": 1,
            "eps": -0.3,
            "eps_growth_year": null,
            "eps_4q": -1.47,
            "eps_4q_growth_year": null,
            "roe": -5.79,
            "roe_4q": -25.09,
            "gross_profit": 125781,
            "gross_margin": 7.92,
            "gross_margin_4q_avg": -7.71,
            "net_income": -151742,
            "net_income_4q": null,
            "revenue": 1587356,
            "revenue_4q": null,
            "common_shares": 5067764,
            "book_valuer_per_share": 5.1,
            "book_valuer_per_share_4q_avg": 4.8,
            "equity": 2544977,
            "current_ratio": 99.92,
            "debt_ratio": 83.2,
            "inventory_turnover_ratio": 0.99,
            "account_receivable_turnover_ratio": 1.52,
            "reinvestment_rate": null,
            "research_to_sale_ratio": 3.28,
            "price_fair": 0,
            "eps_avg_yearly": 0,
            "eps_latest_yearly": 0,
            "eps_growth_yearly": 0
        },
        "20102": {
            "year_quarter": 20102,
            "year": 2010,
            "quarter": 2,
            "eps": -1.84,
            "eps_growth_year": null,
            "eps_4q": -1.37,
            "eps_4q_growth_year": null,
            "roe": -21.34,
            "roe_4q": -16.509999999999998,
            "gross_profit": 131519,
            "gross_margin": 7.98,
            "gross_margin_4q_avg": 4.43,
            "net_income": -491330,
            "net_income_4q": null,
            "revenue": 1648611,
            "revenue_4q": null,
            "common_shares": 2713662,
            "book_valuer_per_share": 7.71,
            "book_valuer_per_share_4q_avg": 5.53,
            "equity": 2059426,
            "current_ratio": 87.73,
            "debt_ratio": 85.63,
            "inventory_turnover_ratio": 0.96,
            "account_receivable_turnover_ratio": 1.21,
            "reinvestment_rate": null,
            "research_to_sale_ratio": 2.73,
            "price_fair": 0,
            "eps_avg_yearly": 0,
            "eps_latest_yearly": 0,
            "eps_growth_yearly": 0
        },
        "20103": {
            "year_quarter": 20103,
            "year": 2010,
            "quarter": 3,
            "eps": -1.08,
            "eps_growth_year": null,
            "eps_4q": -0.8,
            "eps_4q_growth_year": null,
            "roe": -15.03,
            "roe_4q": -11.469999999999995,
            "gross_profit": 39550,
            "gross_margin": 2.54,
            "gross_margin_4q_avg": 4.09,
            "net_income": -287706,
            "net_income_4q": null,
            "revenue": 1558981,
            "revenue_4q": null,
            "common_shares": 2713662,
            "book_valuer_per_share": 6.62,
            "book_valuer_per_share_4q_avg": 6.21,
            "equity": 1768224,
            "current_ratio": 103.63,
            "debt_ratio": 87.16,
            "inventory_turnover_ratio": 0.93,
            "account_receivable_turnover_ratio": 1.17,
            "reinvestment_rate": null,
            "research_to_sale_ratio": 2.87,
            "price_fair": 0,
            "eps_avg_yearly": 0,
            "eps_latest_yearly": 0,
            "eps_growth_yearly": 0
        },
        "20104": {
            "year_quarter": 20104,
            "year": 2010,
            "quarter": 4,
            "eps": -1.97,
            "eps_growth_year": -236.67,
            "eps_4q": -5.45,
            "eps_4q_growth_year": null,
            "roe": -35.09,
            "roe_4q": -77.25000000000001,
            "gross_profit": -10748,
            "gross_margin": -0.97,
            "gross_margin_4q_avg": 4.37,
            "net_income": -525918,
            "net_income_4q": null,
            "revenue": 1113319,
            "revenue_4q": null,
            "common_shares": 2713662,
            "book_valuer_per_share": 4.6,
            "book_valuer_per_share_4q_avg": 6.01,
            "equity": 1229044,
            "current_ratio": 94.36,
            "debt_ratio": 90.57,
            "inventory_turnover_ratio": 0.65,
            "account_receivable_turnover_ratio": 0.96,
            "reinvestment_rate": null,
            "research_to_sale_ratio": 4.42,
            "price_fair": 0,
            "eps_avg_yearly": 0,
            "eps_latest_yearly": 0,
            "eps_growth_yearly": 0
        },
        "20111": {
            "year_quarter": 20111,
            "year": 2011,
            "quarter": 1,
            "eps": -1.3,
            "eps_growth_year": null,
            "eps_4q": -6.18,
            "eps_4q_growth_year": null,
            "roe": -32.83,
            "roe_4q": -104.29,
            "gross_profit": -91580,
            "gross_margin": -7.84,
            "gross_margin_4q_avg": 0.43,
            "net_income": -347377,
            "net_income_4q": null,
            "revenue": 1168784,
            "revenue_4q": null,
            "common_shares": 2672243,
            "book_valuer_per_share": 3.32,
            "book_valuer_per_share_4q_avg": 5.56,
            "equity": 887137,
            "current_ratio": 84.86,
            "debt_ratio": 92.92,
            "inventory_turnover_ratio": 0.77,
            "account_receivable_turnover_ratio": 1.15,
            "reinvestment_rate": null,
            "research_to_sale_ratio": 4.39,
            "price_fair": 0,
            "eps_avg_yearly": 0,
            "eps_latest_yearly": 0,
            "eps_growth_yearly": 0
        },
        "20112": {
            "year_quarter": 20112,
            "year": 2011,
            "quarter": 2,
            "eps": -1.31,
            "eps_growth_year": null,
            "eps_4q": -5.66,
            "eps_4q_growth_year": null,
            "roe": -49.46,
            "roe_4q": -132.41,
            "gross_profit": -52746,
            "gross_margin": -5.52,
            "gross_margin_4q_avg": -2.95,
            "net_income": -351061,
            "net_income_4q": null,
            "revenue": 956097,
            "revenue_4q": null,
            "common_shares": 2672243,
            "book_valuer_per_share": 1.99,
            "book_valuer_per_share_4q_avg": 4.13,
            "equity": 532383,
            "current_ratio": 75.36,
            "debt_ratio": 95.53,
            "inventory_turnover_ratio": 0.73,
            "account_receivable_turnover_ratio": 0.98,
            "reinvestment_rate": null,
            "research_to_sale_ratio": 4.76,
            "price_fair": 0,
            "eps_avg_yearly": 0,
            "eps_latest_yearly": 0,
            "eps_growth_yearly": 0
        },
        "20113": {
            "year_quarter": 20113,
            "year": 2011,
            "quarter": 3,
            "eps": -1.18,
            "eps_growth_year": null,
            "eps_4q": -5.76,
            "eps_4q_growth_year": null,
            "roe": -81.26,
            "roe_4q": -198.64000000000001,
            "gross_profit": 29521,
            "gross_margin": 3.36,
            "gross_margin_4q_avg": -2.74,
            "net_income": -315407,
            "net_income_4q": null,
            "revenue": 879743,
            "revenue_4q": null,
            "common_shares": 2672243,
            "book_valuer_per_share": 0.91,
            "book_valuer_per_share_4q_avg": 2.71,
            "equity": 243886,
            "current_ratio": 71.14,
            "debt_ratio": 97.95,
            "inventory_turnover_ratio": 0.69,
            "account_receivable_turnover_ratio": 0.9,
            "reinvestment_rate": null,
            "research_to_sale_ratio": 4.55,
            "price_fair": 0,
            "eps_avg_yearly": 0,
            "eps_latest_yearly": 0,
            "eps_growth_yearly": 0
        },
        "20114": {
            "year_quarter": 20114,
            "year": 2011,
            "quarter": 4,
            "eps": -0.17,
            "eps_growth_year": null,
            "eps_4q": -3.29,
            "eps_4q_growth_year": null,
            "roe": -22.5,
            "roe_4q": -186.05,
            "gross_profit": 140820,
            "gross_margin": 13.92,
            "gross_margin_4q_avg": 0.98,
            "net_income": -56480,
            "net_income_4q": null,
            "revenue": 1011880,
            "revenue_4q": null,
            "common_shares": 3253324,
            "book_valuer_per_share": 0.79,
            "book_valuer_per_share_4q_avg": 1.75,
            "equity": 258235,
            "current_ratio": 93.81,
            "debt_ratio": 97.82,
            "inventory_turnover_ratio": 0.67,
            "account_receivable_turnover_ratio": 0.92,
            "reinvestment_rate": null,
            "research_to_sale_ratio": 3.2,
            "price_fair": 0,
            "eps_avg_yearly": 0,
            "eps_latest_yearly": 0,
            "eps_growth_yearly": 0
        },
        "20121": {
            "year_quarter": 20121,
            "year": 2012,
            "quarter": 1,
            "eps": -0.01,
            "eps_growth_year": null,
            "eps_4q": -2.23,
            "eps_4q_growth_year": null,
            "roe": -0.77,
            "roe_4q": -153.99,
            "gross_profit": 88757,
            "gross_margin": 9.3,
            "gross_margin_4q_avg": 5.27,
            "net_income": -3100,
            "net_income_4q": null,
            "revenue": 954026,
            "revenue_4q": null,
            "common_shares": 3253324,
            "book_valuer_per_share": 1.67,
            "book_valuer_per_share_4q_avg": 1.34,
            "equity": 541848,
            "current_ratio": 93.06,
            "debt_ratio": 95.44,
            "inventory_turnover_ratio": 0.64,
            "account_receivable_turnover_ratio": 0.82,
            "reinvestment_rate": null,
            "research_to_sale_ratio": 2.8,
            "price_fair": 0,
            "eps_avg_yearly": 0,
            "eps_latest_yearly": 0,
            "eps_growth_yearly": 0
        },
        "20122": {
            "year_quarter": 20122,
            "year": 2012,
            "quarter": 2,
            "eps": 0.21,
            "eps_growth_year": null,
            "eps_4q": -0.94,
            "eps_4q_growth_year": null,
            "roe": 12.13,
            "roe_4q": -92.4,
            "gross_profit": 148048,
            "gross_margin": 15.32,
            "gross_margin_4q_avg": 10.48,
            "net_income": 69052,
            "net_income_4q": null,
            "revenue": 966492,
            "revenue_4q": null,
            "common_shares": 3253324,
            "book_valuer_per_share": 1.83,
            "book_valuer_per_share_4q_avg": 1.3,
            "equity": 596964,
            "current_ratio": 81.09,
            "debt_ratio": 94.91,
            "inventory_turnover_ratio": 0.62,
            "account_receivable_turnover_ratio": 0.84,
            "reinvestment_rate": null,
            "research_to_sale_ratio": 1.96,
            "price_fair": 0,
            "eps_avg_yearly": 0,
            "eps_latest_yearly": 0,
            "eps_growth_yearly": 0
        },
        "20123": {
            "year_quarter": 20123,
            "year": 2012,
            "quarter": 3,
            "eps": 0.06,
            "eps_growth_year": null,
            "eps_4q": 0.09,
            "eps_4q_growth_year": null,
            "roe": 3.46,
            "roe_4q": -7.68,
            "gross_profit": 202413,
            "gross_margin": 17.91,
            "gross_margin_4q_avg": 14.11,
            "net_income": 20976,
            "net_income_4q": null,
            "revenue": 1130316,
            "revenue_4q": null,
            "common_shares": 3253324,
            "book_valuer_per_share": 1.89,
            "book_valuer_per_share_4q_avg": 1.55,
            "equity": 614032,
            "current_ratio": 91.36,
            "debt_ratio": 94.76,
            "inventory_turnover_ratio": 0.76,
            "account_receivable_turnover_ratio": 0.86,
            "reinvestment_rate": null,
            "research_to_sale_ratio": 1.82,
            "price_fair": 0.72,
            "eps_avg_yearly": 0.24,
            "eps_latest_yearly": 0.24,
            "eps_growth_yearly": -285.71
        },
        "20124": {
            "year_quarter": 20124,
            "year": 2012,
            "quarter": 4,
            "eps": 0.06,
            "eps_growth_year": null,
            "eps_4q": 0.33,
            "eps_4q_growth_year": null,
            "roe": 3.05,
            "roe_4q": 17.87,
            "gross_profit": 27590,
            "gross_margin": 2.8,
            "gross_margin_4q_avg": 11.33,
            "net_income": 18969,
            "net_income_4q": null,
            "revenue": 985682,
            "revenue_4q": null,
            "common_shares": 3253324,
            "book_valuer_per_share": 1.94,
            "book_valuer_per_share_4q_avg": 1.83,
            "equity": 631339,
            "current_ratio": 110.83,
            "debt_ratio": 94.51,
            "inventory_turnover_ratio": 0.83,
            "account_receivable_turnover_ratio": 0.71,
            "reinvestment_rate": null,
            "research_to_sale_ratio": 2.33,
            "price_fair": 0.72,
            "eps_avg_yearly": 0.24,
            "eps_latest_yearly": 0.24,
            "eps_growth_yearly": -142.86
        },
        "20131": {
            "year_quarter": 20131,
            "year": 2013,
            "quarter": 1,
            "eps": 0.63,
            "eps_growth_year": null,
            "eps_4q": 0.97,
            "eps_4q_growth_year": null,
            "roe": 27.88,
            "roe_4q": 46.52,
            "gross_profit": 169138,
            "gross_margin": 15.66,
            "gross_margin_4q_avg": 12.92,
            "net_income": 205777,
            "net_income_4q": null,
            "revenue": 1080256,
            "revenue_4q": null,
            "common_shares": 3253324,
            "book_valuer_per_share": 2.6,
            "book_valuer_per_share_4q_avg": 2.07,
            "equity": 844639,
            "current_ratio": 108.05,
            "debt_ratio": 92.73,
            "inventory_turnover_ratio": 0.81,
            "account_receivable_turnover_ratio": 0.82,
            "reinvestment_rate": null,
            "research_to_sale_ratio": 1.87,
            "price_fair": 35,
            "eps_avg_yearly": 1,
            "eps_latest_yearly": 2.52,
            "eps_growth_yearly": 1171.43
        },
        "20132": {
            "year_quarter": 20132,
            "year": 2013,
            "quarter": 2,
            "eps": 0.65,
            "eps_growth_year": 206.24,
            "eps_4q": 1.4,
            "eps_4q_growth_year": null,
            "roe": 22.2,
            "roe_4q": 56.589999999999996,
            "gross_profit": 263175,
            "gross_margin": 22.9,
            "gross_margin_4q_avg": 14.82,
            "net_income": 211275,
            "net_income_4q": null,
            "revenue": 1149388,
            "revenue_4q": null,
            "common_shares": 3253324,
            "book_valuer_per_share": 3.25,
            "book_valuer_per_share_4q_avg": 2.42,
            "equity": 1058984,
            "current_ratio": 98.43,
            "debt_ratio": 90.8,
            "inventory_turnover_ratio": 0.81,
            "account_receivable_turnover_ratio": 0.86,
            "reinvestment_rate": null,
            "research_to_sale_ratio": 2.23,
            "price_fair": 49,
            "eps_avg_yearly": 1.4,
            "eps_latest_yearly": 2.6,
            "eps_growth_yearly": 881.75
        },
        "20133": {
            "year_quarter": 20133,
            "year": 2013,
            "quarter": 3,
            "eps": 0.18,
            "eps_growth_year": 179.17,
            "eps_4q": 1.52,
            "eps_4q_growth_year": 1527.44,
            "roe": 5.46,
            "roe_4q": 58.589999999999996,
            "gross_profit": 193240,
            "gross_margin": 21.9,
            "gross_margin_4q_avg": 15.82,
            "net_income": 59404,
            "net_income_4q": null,
            "revenue": 882479,
            "revenue_4q": null,
            "common_shares": 3253324,
            "book_valuer_per_share": 3.43,
            "book_valuer_per_share_4q_avg": 2.81,
            "equity": 1116271,
            "current_ratio": 92.04,
            "debt_ratio": 89.87,
            "inventory_turnover_ratio": 0.66,
            "account_receivable_turnover_ratio": 0.73,
            "reinvestment_rate": null,
            "research_to_sale_ratio": 3.27,
            "price_fair": 44.24,
            "eps_avg_yearly": 1.26,
            "eps_latest_yearly": 0.72,
            "eps_growth_yearly": 647.55
        },
        "20134": {
            "year_quarter": 20134,
            "year": 2013,
            "quarter": 4,
            "eps": 0.18,
            "eps_growth_year": 217.18,
            "eps_4q": 1.65,
            "eps_4q_growth_year": 406.74,
            "roe": 5.24,
            "roe_4q": 60.78,
            "gross_profit": 174268,
            "gross_margin": 19.07,
            "gross_margin_4q_avg": 19.88,
            "net_income": 60166,
            "net_income_4q": null,
            "revenue": 913697,
            "revenue_4q": null,
            "common_shares": 3253324,
            "book_valuer_per_share": 3.63,
            "book_valuer_per_share_4q_avg": 3.23,
            "equity": 1179603,
            "current_ratio": 136.57,
            "debt_ratio": 89.35,
            "inventory_turnover_ratio": 0.77,
            "account_receivable_turnover_ratio": 0.88,
            "reinvestment_rate": null,
            "research_to_sale_ratio": 3.13,
            "price_fair": 41.07,
            "eps_avg_yearly": 1.17,
            "eps_latest_yearly": 0.72,
            "eps_growth_yearly": 539.63
        },
        "20141": {
            "year_quarter": 20141,
            "year": 2014,
            "quarter": 1,
            "eps": -0.01,
            "eps_growth_year": -101.59,
            "eps_4q": 1.01,
            "eps_4q_growth_year": 3.98,
            "roe": -0.3,
            "roe_4q": 32.6,
            "gross_profit": 137096,
            "gross_margin": 21.82,
            "gross_margin_4q_avg": 21.42,
            "net_income": -3547,
            "net_income_4q": null,
            "revenue": 628330,
            "revenue_4q": null,
            "common_shares": 3253324,
            "book_valuer_per_share": 3.61,
            "book_valuer_per_share_4q_avg": 3.48,
            "equity": 1175323,
            "current_ratio": 122.83,
            "debt_ratio": 89.3,
            "inventory_turnover_ratio": 0.52,
            "account_receivable_turnover_ratio": 0.69,
            "reinvestment_rate": null,
            "research_to_sale_ratio": 3.67,
            "price_fair": 41.07,
            "eps_avg_yearly": 1.17,
            "eps_latest_yearly": 0.72,
            "eps_growth_yearly": 539.63
        },
        "20142": {
            "year_quarter": 20142,
            "year": 2014,
            "quarter": 2,
            "eps": 0.03,
            "eps_growth_year": -95.38,
            "eps_4q": 0.39,
            "eps_4q_growth_year": -72.54,
            "roe": 0.8,
            "roe_4q": 11.2,
            "gross_profit": 169047,
            "gross_margin": 18.04,
            "gross_margin_4q_avg": 20.21,
            "net_income": 9471,
            "net_income_4q": null,
            "revenue": 937289,
            "revenue_4q": null,
            "common_shares": 3253324,
            "book_valuer_per_share": 3.63,
            "book_valuer_per_share_4q_avg": 3.58,
            "equity": 1182631,
            "current_ratio": 102.12,
            "debt_ratio": 89.18,
            "inventory_turnover_ratio": 0.78,
            "account_receivable_turnover_ratio": 1,
            "reinvestment_rate": null,
            "research_to_sale_ratio": 2.64,
            "price_fair": 41.07,
            "eps_avg_yearly": 1.17,
            "eps_latest_yearly": 0.72,
            "eps_growth_yearly": 539.63
        },
        "20143": {
            "year_quarter": 20143,
            "year": 2014,
            "quarter": 3,
            "eps": 0.66,
            "eps_growth_year": 266.67,
            "eps_4q": 0.86,
            "eps_4q_growth_year": -43.31,
            "roe": 16.63,
            "roe_4q": 22.369999999999997,
            "gross_profit": 245348,
            "gross_margin": 21.65,
            "gross_margin_4q_avg": 20.15,
            "net_income": 214754,
            "net_income_4q": null,
            "revenue": 1133382,
            "revenue_4q": null,
            "common_shares": 3253324,
            "book_valuer_per_share": 4.3,
            "book_valuer_per_share_4q_avg": 3.79,
            "equity": 1399570,
            "current_ratio": 103.48,
            "debt_ratio": 87.51,
            "inventory_turnover_ratio": 0.85,
            "account_receivable_turnover_ratio": 0.91,
            "reinvestment_rate": null,
            "research_to_sale_ratio": 2.28,
            "price_fair": 48.4,
            "eps_avg_yearly": 1.38,
            "eps_latest_yearly": 2.64,
            "eps_growth_yearly": 1662.54
        },
        "20144": {
            "year_quarter": 20144,
            "year": 2014,
            "quarter": 4,
            "eps": 0.97,
            "eps_growth_year": 425.43,
            "eps_4q": 1.65,
            "eps_4q_growth_year": 0.04,
            "roe": 20.29,
            "roe_4q": 37.42,
            "gross_profit": 328588,
            "gross_margin": 23.37,
            "gross_margin_4q_avg": 21.22,
            "net_income": 316162,
            "net_income_4q": null,
            "revenue": 1406006,
            "revenue_4q": null,
            "common_shares": 3253324,
            "book_valuer_per_share": 5.28,
            "book_valuer_per_share_4q_avg": 4.21,
            "equity": 1717426,
            "current_ratio": 159.54,
            "debt_ratio": 85.11,
            "inventory_turnover_ratio": 0.96,
            "account_receivable_turnover_ratio": 0.93,
            "reinvestment_rate": -1332.19,
            "research_to_sale_ratio": 1.83,
            "price_fair": 59.33,
            "eps_avg_yearly": 1.7,
            "eps_latest_yearly": 3.88,
            "eps_growth_yearly": 1478.2
        },
        "20151": {
            "year_quarter": 20151,
            "year": 2015,
            "quarter": 1,
            "eps": 0.47,
            "eps_growth_year": null,
            "eps_4q": 2.13,
            "eps_4q_growth_year": 111.62,
            "roe": 8.49,
            "roe_4q": 46.209999999999994,
            "gross_profit": 254844,
            "gross_margin": 25.3,
            "gross_margin_4q_avg": 22.09,
            "net_income": 152235,
            "net_income_4q": null,
            "revenue": 1007130,
            "revenue_4q": null,
            "common_shares": 3253324,
            "book_valuer_per_share": 5.75,
            "book_valuer_per_share_4q_avg": 4.74,
            "equity": 1869387,
            "current_ratio": 162.9,
            "debt_ratio": 83.68,
            "inventory_turnover_ratio": 0.62,
            "account_receivable_turnover_ratio": 0.64,
            "reinvestment_rate": -239.08,
            "research_to_sale_ratio": 2.76,
            "price_fair": 60.04,
            "eps_avg_yearly": 1.72,
            "eps_latest_yearly": 1.88,
            "eps_growth_yearly": 1291.05
        },
        "20152": {
            "year_quarter": 20152,
            "year": 2015,
            "quarter": 2,
            "eps": 0.08,
            "eps_growth_year": 166.67,
            "eps_4q": 2.17,
            "eps_4q_growth_year": 463.83,
            "roe": 1.3,
            "roe_4q": 46.709999999999994,
            "gross_profit": 152960,
            "gross_margin": 18.92,
            "gross_margin_4q_avg": 22.31,
            "net_income": 24419,
            "net_income_4q": null,
            "revenue": 808341,
            "revenue_4q": null,
            "common_shares": 3253324,
            "book_valuer_per_share": 5.82,
            "book_valuer_per_share_4q_avg": 5.29,
            "equity": 1892928,
            "current_ratio": 139.11,
            "debt_ratio": 83.22,
            "inventory_turnover_ratio": 0.57,
            "account_receivable_turnover_ratio": 0.56,
            "reinvestment_rate": -144.24,
            "research_to_sale_ratio": 3.38,
            "price_fair": 55.16,
            "eps_avg_yearly": 1.58,
            "eps_latest_yearly": 0.32,
            "eps_growth_yearly": 1128.75
        },
        "20153": {
            "year_quarter": 20153,
            "year": 2015,
            "quarter": 3,
            "eps": 0.41,
            "eps_growth_year": -37.88,
            "eps_4q": 1.93,
            "eps_4q_growth_year": 123.14,
            "roe": 6.84,
            "roe_4q": 36.92,
            "gross_profit": 171264,
            "gross_margin": 19.33,
            "gross_margin_4q_avg": 21.73,
            "net_income": 133978,
            "net_income_4q": null,
            "revenue": 886037,
            "revenue_4q": null,
            "common_shares": 3253324,
            "book_valuer_per_share": 6.22,
            "book_valuer_per_share_4q_avg": 5.77,
            "equity": 2025190,
            "current_ratio": 128.84,
            "debt_ratio": 82.21,
            "inventory_turnover_ratio": 0.68,
            "account_receivable_turnover_ratio": 0.68,
            "reinvestment_rate": -96.49,
            "research_to_sale_ratio": 3.29,
            "price_fair": 55.36,
            "eps_avg_yearly": 1.58,
            "eps_latest_yearly": 1.64,
            "eps_growth_yearly": 1176.14
        },
        "20154": {
            "year_quarter": 20154,
            "year": 2015,
            "quarter": 4,
            "eps": -0.01,
            "eps_growth_year": -101.05,
            "eps_4q": 0.94,
            "eps_4q_growth_year": -42.76,
            "roe": -0.16,
            "roe_4q": 16.47,
            "gross_profit": 124274,
            "gross_margin": 16.73,
            "gross_margin_4q_avg": 20.07,
            "net_income": -3327,
            "net_income_4q": null,
            "revenue": 742840,
            "revenue_4q": null,
            "common_shares": 3253324,
            "book_valuer_per_share": 6.19,
            "book_valuer_per_share_4q_avg": 6,
            "equity": 2014270,
            "current_ratio": 181.55,
            "debt_ratio": 81.89,
            "inventory_turnover_ratio": 0.59,
            "account_receivable_turnover_ratio": 0.6,
            "reinvestment_rate": -73.32,
            "research_to_sale_ratio": 4.59,
            "price_fair": 55.36,
            "eps_avg_yearly": 1.58,
            "eps_latest_yearly": 1.64,
            "eps_growth_yearly": 1176.14
        },
        "20161": {
            "year_quarter": 20161,
            "year": 2016,
            "quarter": 1,
            "eps": -0.42,
            "eps_growth_year": -189.36,
            "eps_4q": 0.06,
            "eps_4q_growth_year": -97.1,
            "roe": -6.93,
            "roe_4q": 1.05,
            "gross_profit": 111808,
            "gross_margin": 14.37,
            "gross_margin_4q_avg": 17.34,
            "net_income": -135013,
            "net_income_4q": null,
            "revenue": 778034,
            "revenue_4q": null,
            "common_shares": 3253324,
            "book_valuer_per_share": 5.78,
            "book_valuer_per_share_4q_avg": 6,
            "equity": 1880993,
            "current_ratio": 161.1,
            "debt_ratio": 82.42,
            "inventory_turnover_ratio": 0.69,
            "account_receivable_turnover_ratio": 0.7,
            "reinvestment_rate": -92.9,
            "research_to_sale_ratio": 2.39,
            "price_fair": 55.36,
            "eps_avg_yearly": 1.58,
            "eps_latest_yearly": 1.64,
            "eps_growth_yearly": 1176.14
        },
        "20162": {
            "year_quarter": 20162,
            "year": 2016,
            "quarter": 2,
            "eps": -0.23,
            "eps_growth_year": -387.5,
            "eps_4q": -0.25,
            "eps_4q_growth_year": -111.32,
            "roe": -4.11,
            "roe_4q": -4.359999999999999,
            "gross_profit": 91495,
            "gross_margin": 14.4,
            "gross_margin_4q_avg": 16.21,
            "net_income": -75707,
            "net_income_4q": null,
            "revenue": 635310,
            "revenue_4q": null,
            "common_shares": 3253324,
            "book_valuer_per_share": 5.54,
            "book_valuer_per_share_4q_avg": 5.93,
            "equity": 1802928,
            "current_ratio": 136.13,
            "debt_ratio": 82.97,
            "inventory_turnover_ratio": 0.68,
            "account_receivable_turnover_ratio": 0.65,
            "reinvestment_rate": -99.55,
            "research_to_sale_ratio": 3.27,
            "price_fair": 55.36,
            "eps_avg_yearly": 1.58,
            "eps_latest_yearly": 1.64,
            "eps_growth_yearly": 1176.14
        },
        "20163": {
            "year_quarter": 20163,
            "year": 2016,
            "quarter": 3,
            "eps": -0.53,
            "eps_growth_year": -229.27,
            "eps_4q": -1.19,
            "eps_4q_growth_year": -161.58,
            "roe": -10.01,
            "roe_4q": -21.21,
            "gross_profit": 92702,
            "gross_margin": 15.48,
            "gross_margin_4q_avg": 15.25,
            "net_income": -171915,
            "net_income_4q": null,
            "revenue": 598742,
            "revenue_4q": null,
            "common_shares": 3253324,
            "book_valuer_per_share": 5.02,
            "book_valuer_per_share_4q_avg": 5.63,
            "equity": 1632150,
            "current_ratio": 116.75,
            "debt_ratio": 83.95,
            "inventory_turnover_ratio": 0.7,
            "account_receivable_turnover_ratio": 0.7,
            "reinvestment_rate": -64.3,
            "research_to_sale_ratio": 4.44,
            "price_fair": 60.06,
            "eps_avg_yearly": 1.72,
            "eps_latest_yearly": 1.64,
            "eps_growth_yearly": 1322.32
        },
        "20164": {
            "year_quarter": 20164,
            "year": 2016,
            "quarter": 4,
            "eps": 0.33,
            "eps_growth_year": null,
            "eps_4q": -0.84,
            "eps_4q_growth_year": -189.25,
            "roe": 6.44,
            "roe_4q": -14.61,
            "gross_profit": 134047,
            "gross_margin": 20.69,
            "gross_margin_4q_avg": 16.24,
            "net_income": 108361,
            "net_income_4q": null,
            "revenue": 648018,
            "revenue_4q": null,
            "common_shares": 3253324,
            "book_valuer_per_share": 5.33,
            "book_valuer_per_share_4q_avg": 5.42,
            "equity": 1733179,
            "current_ratio": 124.77,
            "debt_ratio": 82.82,
            "inventory_turnover_ratio": 0.73,
            "account_receivable_turnover_ratio": 0.79,
            "reinvestment_rate": -56.97,
            "research_to_sale_ratio": 3.76,
            "price_fair": 65.8,
            "eps_avg_yearly": 1.88,
            "eps_latest_yearly": 1.64,
            "eps_growth_yearly": 1469.25
        },
        "20171": {
            "year_quarter": 20171,
            "year": 2017,
            "quarter": 1,
            "eps": -0.27,
            "eps_growth_year": null,
            "eps_4q": -0.7,
            "eps_4q_growth_year": -1237.43,
            "roe": -5.26,
            "roe_4q": -12.939999999999998,
            "gross_profit": 147616,
            "gross_margin": 27.23,
            "gross_margin_4q_avg": 19.45,
            "net_income": -88873,
            "net_income_4q": null,
            "revenue": 542034,
            "revenue_4q": null,
            "common_shares": 3253324,
            "book_valuer_per_share": 5.07,
            "book_valuer_per_share_4q_avg": 5.24,
            "equity": 1648457,
            "current_ratio": 166.52,
            "debt_ratio": 83.21,
            "inventory_turnover_ratio": 0.5,
            "account_receivable_turnover_ratio": 0.74,
            "reinvestment_rate": -84.55,
            "research_to_sale_ratio": 3.24,
            "price_fair": 63,
            "eps_avg_yearly": 1.8,
            "eps_latest_yearly": 1.64,
            "eps_growth_yearly": 1177.91
        },
        "20172": {
            "year_quarter": 20172,
            "year": 2017,
            "quarter": 2,
            "eps": -0.05,
            "eps_growth_year": null,
            "eps_4q": -0.52,
            "eps_4q_growth_year": null,
            "roe": -0.96,
            "roe_4q": -9.79,
            "gross_profit": 130843,
            "gross_margin": 23.18,
            "gross_margin_4q_avg": 21.65,
            "net_income": -15674,
            "net_income_4q": null,
            "revenue": 564387,
            "revenue_4q": null,
            "common_shares": 3253324,
            "book_valuer_per_share": 5.02,
            "book_valuer_per_share_4q_avg": 5.11,
            "equity": 1633329,
            "current_ratio": 134.54,
            "debt_ratio": 82.84,
            "inventory_turnover_ratio": 0.5,
            "account_receivable_turnover_ratio": 0.89,
            "reinvestment_rate": -112.58,
            "research_to_sale_ratio": 2.65,
            "price_fair": 59,
            "eps_avg_yearly": 1.69,
            "eps_latest_yearly": 1.64,
            "eps_growth_yearly": 1344.36
        },
        "20173": {
            "year_quarter": 20173,
            "year": 2017,
            "quarter": 3,
            "eps": 0.04,
            "eps_growth_year": null,
            "eps_4q": 0.05,
            "eps_4q_growth_year": null,
            "roe": 0.84,
            "roe_4q": 1.0600000000000005,
            "gross_profit": 164052,
            "gross_margin": 26.66,
            "gross_margin_4q_avg": 24.44,
            "net_income": 13851,
            "net_income_4q": null,
            "revenue": 615352,
            "revenue_4q": null,
            "common_shares": 3253324,
            "book_valuer_per_share": 5.07,
            "book_valuer_per_share_4q_avg": 5.12,
            "equity": 1648457,
            "current_ratio": 121.3,
            "debt_ratio": 82.38,
            "inventory_turnover_ratio": 0.52,
            "account_receivable_turnover_ratio": 1.01,
            "reinvestment_rate": -119.06,
            "research_to_sale_ratio": 2.48,
            "price_fair": 64.63,
            "eps_avg_yearly": 1.85,
            "eps_latest_yearly": 1.64,
            "eps_growth_yearly": 1616.63
        },
        "20174": {
            "year_quarter": 20174,
            "year": 2017,
            "quarter": 4,
            "eps": -0.38,
            "eps_growth_year": -213.27,
            "eps_4q": -0.66,
            "eps_4q_growth_year": null,
            "roe": -7.74,
            "roe_4q": -13.120000000000001,
            "gross_profit": 137018,
            "gross_margin": 22.42,
            "gross_margin_4q_avg": 24.87,
            "net_income": -122743,
            "net_income_4q": null,
            "revenue": 611032,
            "revenue_4q": null,
            "common_shares": 3253324,
            "book_valuer_per_share": 4.68,
            "book_valuer_per_share_4q_avg": 4.96,
            "equity": 1522565,
            "current_ratio": 201.7,
            "debt_ratio": 83.36,
            "inventory_turnover_ratio": 0.52,
            "account_receivable_turnover_ratio": 1.02,
            "reinvestment_rate": -193.67,
            "research_to_sale_ratio": 2.49,
            "price_fair": 72.52,
            "eps_avg_yearly": 2.07,
            "eps_latest_yearly": 1.64,
            "eps_growth_yearly": 1939.96
        },
        "20181": {
            "year_quarter": 20181,
            "year": 2018,
            "quarter": 1,
            "eps": -0.08,
            "eps_growth_year": null,
            "eps_4q": -0.46,
            "eps_4q_growth_year": null,
            "roe": -1.66,
            "roe_4q": -9.52,
            "gross_profit": 99940,
            "gross_margin": 18.03,
            "gross_margin_4q_avg": 22.57,
            "net_income": -25164,
            "net_income_4q": null,
            "revenue": 554151,
            "revenue_4q": null,
            "common_shares": 3253324,
            "book_valuer_per_share": 4.61,
            "book_valuer_per_share_4q_avg": 4.85,
            "equity": 1500334,
            "current_ratio": 164.7,
            "debt_ratio": 83.2,
            "inventory_turnover_ratio": 0.49,
            "account_receivable_turnover_ratio": 0.94,
            "reinvestment_rate": -200.51,
            "research_to_sale_ratio": 2.69,
            "price_fair": 72.52,
            "eps_avg_yearly": 2.07,
            "eps_latest_yearly": 1.64,
            "eps_growth_yearly": 1939.96
        },
        "20182": {
            "year_quarter": 20182,
            "year": 2018,
            "quarter": 2,
            "eps": 0.03,
            "eps_growth_year": null,
            "eps_4q": -0.38,
            "eps_4q_growth_year": null,
            "roe": 0.72,
            "roe_4q": -7.84,
            "gross_profit": 127874,
            "gross_margin": 22.59,
            "gross_margin_4q_avg": 22.43,
            "net_income": 10822,
            "net_income_4q": null,
            "revenue": 565960,
            "revenue_4q": null,
            "common_shares": 3253324,
            "book_valuer_per_share": 4.63,
            "book_valuer_per_share_4q_avg": 4.75,
            "equity": 1506304,
            "current_ratio": 127.37,
            "debt_ratio": 83.06,
            "inventory_turnover_ratio": 0.46,
            "account_receivable_turnover_ratio": 0.93,
            "reinvestment_rate": -192.34,
            "research_to_sale_ratio": 2.35,
            "price_fair": 72.52,
            "eps_avg_yearly": 2.07,
            "eps_latest_yearly": 1.64,
            "eps_growth_yearly": 1939.96
        },
        "20183": {
            "year_quarter": 20183,
            "year": 2018,
            "quarter": 3,
            "eps": 0.02,
            "eps_growth_year": -50,
            "eps_4q": -0.41,
            "eps_4q_growth_year": -846.3,
            "roe": 0.35,
            "roe_4q": -8.33,
            "gross_profit": 161907,
            "gross_margin": 23.29,
            "gross_margin_4q_avg": 21.58,
            "net_income": 5252,
            "net_income_4q": null,
            "revenue": 695262,
            "revenue_4q": null,
            "common_shares": 3253324,
            "book_valuer_per_share": 4.64,
            "book_valuer_per_share_4q_avg": 4.64,
            "equity": 1510059,
            "current_ratio": 131.07,
            "debt_ratio": 82.71,
            "inventory_turnover_ratio": 0.54,
            "account_receivable_turnover_ratio": 1.02,
            "reinvestment_rate": -502.93,
            "research_to_sale_ratio": 2.04,
            "price_fair": 54.6,
            "eps_avg_yearly": 1.56,
            "eps_latest_yearly": 0.08,
            "eps_growth_yearly": 233.29
        },
        "20184": {
            "year_quarter": 20184,
            "year": 2018,
            "quarter": 4,
            "eps": -0.29,
            "eps_growth_year": null,
            "eps_4q": -0.32,
            "eps_4q_growth_year": null,
            "roe": -6.51,
            "roe_4q": -7.1000000000000005,
            "gross_profit": 90200,
            "gross_margin": 14.13,
            "gross_margin_4q_avg": 19.51,
            "net_income": -95043,
            "net_income_4q": null,
            "revenue": 638464,
            "revenue_4q": null,
            "common_shares": 3253324,
            "book_valuer_per_share": 4.33,
            "book_valuer_per_share_4q_avg": 4.55,
            "equity": 1409321,
            "current_ratio": 111.89,
            "debt_ratio": 83.67,
            "inventory_turnover_ratio": 0.57,
            "account_receivable_turnover_ratio": 0.92,
            "reinvestment_rate": null,
            "research_to_sale_ratio": 2.53,
            "price_fair": 34.3,
            "eps_avg_yearly": 0.98,
            "eps_latest_yearly": 0.08,
            "eps_growth_yearly": 244.64
        },
        "20191": {
            "year_quarter": 20191,
            "year": 2019,
            "quarter": 1,
            "eps": -0.2,
            "eps_growth_year": null,
            "eps_4q": -0.45,
            "eps_4q_growth_year": null,
            "roe": -4.78,
            "roe_4q": -10.219999999999999,
            "gross_profit": 75235,
            "gross_margin": 13.04,
            "gross_margin_4q_avg": 18.26,
            "net_income": -65805,
            "net_income_4q": null,
            "revenue": 576893,
            "revenue_4q": null,
            "common_shares": 3253324,
            "book_valuer_per_share": 4.13,
            "book_valuer_per_share_4q_avg": 4.43,
            "equity": 1343994,
            "current_ratio": 160.34,
            "debt_ratio": 85.21,
            "inventory_turnover_ratio": 0.53,
            "account_receivable_turnover_ratio": 0.88,
            "reinvestment_rate": null,
            "research_to_sale_ratio": 2.67,
            "price_fair": 23.8,
            "eps_avg_yearly": 0.68,
            "eps_latest_yearly": 0.08,
            "eps_growth_yearly": 394.92
        },
        "20192": {
            "year_quarter": 20192,
            "year": 2019,
            "quarter": 2,
            "eps": -0.18,
            "eps_growth_year": -700,
            "eps_4q": -0.66,
            "eps_4q_growth_year": null,
            "roe": -4.5,
            "roe_4q": -15.440000000000001,
            "gross_profit": 110137,
            "gross_margin": 18.33,
            "gross_margin_4q_avg": 17.2,
            "net_income": -59134,
            "net_income_4q": null,
            "revenue": 600969,
            "revenue_4q": null,
            "common_shares": 3253324,
            "book_valuer_per_share": 3.95,
            "book_valuer_per_share_4q_avg": 4.26,
            "equity": 1283716,
            "current_ratio": 126.26,
            "debt_ratio": 85.87,
            "inventory_turnover_ratio": 0.54,
            "account_receivable_turnover_ratio": 0.94,
            "reinvestment_rate": null,
            "research_to_sale_ratio": 3.03,
            "price_fair": 30.1,
            "eps_avg_yearly": 0.86,
            "eps_latest_yearly": 0.08,
            "eps_growth_yearly": 758.33
        },
        "20193": {
            "year_quarter": 20193,
            "year": 2019,
            "quarter": 3,
            "eps": -0.1,
            "eps_growth_year": -600,
            "eps_4q": -0.77,
            "eps_4q_growth_year": null,
            "roe": -2.44,
            "roe_4q": -18.229999999999997,
            "gross_profit": 131970,
            "gross_margin": 19.91,
            "gross_margin_4q_avg": 16.35,
            "net_income": -30953,
            "net_income_4q": null,
            "revenue": 662987,
            "revenue_4q": null,
            "common_shares": 3253324,
            "book_valuer_per_share": 3.85,
            "book_valuer_per_share_4q_avg": 4.07,
            "equity": 1252141,
            "current_ratio": 133.09,
            "debt_ratio": 85.95,
            "inventory_turnover_ratio": 0.58,
            "account_receivable_turnover_ratio": 0.91,
            "reinvestment_rate": null,
            "research_to_sale_ratio": 2.34,
            "price_fair": 0.24,
            "eps_avg_yearly": 0.08,
            "eps_latest_yearly": 0.08,
            "eps_growth_yearly": -133.33
        },
        "20194": {
            "year_quarter": 20194,
            "year": 2019,
            "quarter": 4,
            "eps": -0.04,
            "eps_growth_year": null,
            "eps_4q": -0.52,
            "eps_4q_growth_year": null,
            "roe": -1.08,
            "roe_4q": -12.8,
            "gross_profit": 171566,
            "gross_margin": 25.46,
            "gross_margin_4q_avg": 19.19,
            "net_income": -13421,
            "net_income_4q": null,
            "revenue": 673875,
            "revenue_4q": null,
            "common_shares": 3253324,
            "book_valuer_per_share": 3.79,
            "book_valuer_per_share_4q_avg": 3.93,
            "equity": 1234605,
            "current_ratio": 111.41,
            "debt_ratio": 86.23,
            "inventory_turnover_ratio": 0.53,
            "account_receivable_turnover_ratio": 0.88,
            "reinvestment_rate": null,
            "research_to_sale_ratio": 3.18,
            "price_fair": 0.24,
            "eps_avg_yearly": 0.08,
            "eps_latest_yearly": 0.08,
            "eps_growth_yearly": -133.33
        },
        "20201": {
            "year_quarter": 20201,
            "year": 2020,
            "quarter": 1,
            "eps": 0.04,
            "eps_growth_year": null,
            "eps_4q": -0.27,
            "eps_4q_growth_year": null,
            "roe": 1.14,
            "roe_4q": -6.88,
            "gross_profit": 94258,
            "gross_margin": 17.31,
            "gross_margin_4q_avg": 20.25,
            "net_income": 14176,
            "net_income_4q": null,
            "revenue": 544546,
            "revenue_4q": null,
            "common_shares": 3253324,
            "book_valuer_per_share": 3.83,
            "book_valuer_per_share_4q_avg": 3.86,
            "equity": 1245048,
            "current_ratio": 185.15,
            "debt_ratio": 85.66,
            "inventory_turnover_ratio": 0.47,
            "account_receivable_turnover_ratio": 0.74,
            "reinvestment_rate": null,
            "research_to_sale_ratio": 2.98,
            "price_fair": 0.24,
            "eps_avg_yearly": 0.08,
            "eps_latest_yearly": 0.08,
            "eps_growth_yearly": -133.33
        },
        "20202": {
            "year_quarter": 20202,
            "year": 2020,
            "quarter": 2,
            "eps": -0.15,
            "eps_growth_year": null,
            "eps_4q": -0.25,
            "eps_4q_growth_year": null,
            "roe": -4.12,
            "roe_4q": -6.5,
            "gross_profit": 87123,
            "gross_margin": 16.09,
            "gross_margin_4q_avg": 19.69,
            "net_income": -50182,
            "net_income_4q": null,
            "revenue": 541509,
            "revenue_4q": null,
            "common_shares": 3253324,
            "book_valuer_per_share": 3.67,
            "book_valuer_per_share_4q_avg": 3.79,
            "equity": 1193831,
            "current_ratio": 146.58,
            "debt_ratio": 86.25,
            "inventory_turnover_ratio": 0.48,
            "account_receivable_turnover_ratio": 0.82,
            "reinvestment_rate": null,
            "research_to_sale_ratio": 2.53,
            "price_fair": 0.24,
            "eps_avg_yearly": 0.08,
            "eps_latest_yearly": 0.08,
            "eps_growth_yearly": -133.33
        },
        "20203": {
            "year_quarter": 20203,
            "year": 2020,
            "quarter": 3,
            "eps": 0.04,
            "eps_growth_year": null,
            "eps_4q": -0.11,
            "eps_4q_growth_year": null,
            "roe": 1.01,
            "roe_4q": -3.0500000000000007,
            "gross_profit": 114347,
            "gross_margin": 18.62,
            "gross_margin_4q_avg": 19.37,
            "net_income": 12084,
            "net_income_4q": null,
            "revenue": 614179,
            "revenue_4q": null,
            "common_shares": 3253324,
            "book_valuer_per_share": 3.71,
            "book_valuer_per_share_4q_avg": 3.75,
            "equity": 1207180,
            "current_ratio": 332.66,
            "debt_ratio": 85.95,
            "inventory_turnover_ratio": 0.52,
            "account_receivable_turnover_ratio": 1,
            "reinvestment_rate": null,
            "research_to_sale_ratio": 3.15,
            "price_fair": 0.24,
            "eps_avg_yearly": 0.08,
            "eps_latest_yearly": 0.08,
            "eps_growth_yearly": -133.33
        },
        "20204": {
            "year_quarter": 20204,
            "year": 2020,
            "quarter": 4,
            "eps": 0.12,
            "eps_growth_year": null,
            "eps_4q": 0.05,
            "eps_4q_growth_year": null,
            "roe": 3.29,
            "roe_4q": 1.3199999999999996,
            "gross_profit": 149894,
            "gross_margin": 20.89,
            "gross_margin_4q_avg": 18.23,
            "net_income": 40386,
            "net_income_4q": null,
            "revenue": 717602,
            "revenue_4q": null,
            "common_shares": 3253324,
            "book_valuer_per_share": 3.83,
            "book_valuer_per_share_4q_avg": 3.76,
            "equity": 1245363,
            "current_ratio": 362.59,
            "debt_ratio": 85.86,
            "inventory_turnover_ratio": 0.6,
            "account_receivable_turnover_ratio": 1.01,
            "reinvestment_rate": null,
            "research_to_sale_ratio": 0.35,
            "price_fair": 9.8,
            "eps_avg_yearly": 0.28,
            "eps_latest_yearly": 0.48,
            "eps_growth_yearly": 333.33
        },
        "20211": {
            "year_quarter": 20211,
            "year": 2021,
            "quarter": 1,
            "eps": 1.84,
            "eps_growth_year": 4500,
            "eps_4q": 1.85,
            "eps_4q_growth_year": null,
            "roe": 38.74,
            "roe_4q": 38.92,
            "gross_profit": 183609,
            "gross_margin": 24.41,
            "gross_margin_4q_avg": 20,
            "net_income": 598110,
            "net_income_4q": null,
            "revenue": 752257,
            "revenue_4q": null,
            "common_shares": 3253324,
            "book_valuer_per_share": 5.66,
            "book_valuer_per_share_4q_avg": 4.22,
            "equity": 1842835,
            "current_ratio": 182.36,
            "debt_ratio": 62.31,
            "inventory_turnover_ratio": 0.58,
            "account_receivable_turnover_ratio": 0.92,
            "reinvestment_rate": -253.49,
            "research_to_sale_ratio": 1.65,
            "price_fair": 92.4,
            "eps_avg_yearly": 2.64,
            "eps_latest_yearly": 7.36,
            "eps_growth_yearly": 2133.33
        },
        "20212": {
            "year_quarter": 20212,
            "year": 2021,
            "quarter": 2,
            "eps": 0.32,
            "eps_growth_year": null,
            "eps_4q": 2.32,
            "eps_4q_growth_year": null,
            "roe": 5.49,
            "roe_4q": 48.53,
            "gross_profit": 206018,
            "gross_margin": 22.5,
            "gross_margin_4q_avg": 21.61,
            "net_income": 103952,
            "net_income_4q": null,
            "revenue": 915633,
            "revenue_4q": null,
            "common_shares": 3253324,
            "book_valuer_per_share": 5.98,
            "book_valuer_per_share_4q_avg": 4.8,
            "equity": 1945080,
            "current_ratio": 78.93,
            "debt_ratio": 61.56,
            "inventory_turnover_ratio": 0.71,
            "account_receivable_turnover_ratio": 1.05,
            "reinvestment_rate": -162.22,
            "research_to_sale_ratio": 1.56,
            "price_fair": 80.5,
            "eps_avg_yearly": 2.3,
            "eps_latest_yearly": 1.28,
            "eps_growth_yearly": 1517.39
        },
        "20213": {
            "year_quarter": 20213,
            "year": 2021,
            "quarter": 3,
            "eps": 0.27,
            "eps_growth_year": 575,
            "eps_4q": 2.56,
            "eps_4q_growth_year": null,
            "roe": 4.47,
            "roe_4q": 51.99,
            "gross_profit": 206616,
            "gross_margin": 26.24,
            "gross_margin_4q_avg": 23.51,
            "net_income": 88968,
            "net_income_4q": null,
            "revenue": 787527,
            "revenue_4q": null,
            "common_shares": 3253324,
            "book_valuer_per_share": 6.25,
            "book_valuer_per_share_4q_avg": 5.43,
            "equity": 2032013,
            "current_ratio": 81.24,
            "debt_ratio": 59.3,
            "inventory_turnover_ratio": 0.53,
            "account_receivable_turnover_ratio": 0.92,
            "reinvestment_rate": -118.9,
            "research_to_sale_ratio": 1.83,
            "price_fair": 71.96,
            "eps_avg_yearly": 2.06,
            "eps_latest_yearly": 1.08,
            "eps_growth_yearly": 1201.41
        },
        "20214": {
            "year_quarter": 20214,
            "year": 2021,
            "quarter": 4,
            "eps": 0.11,
            "eps_growth_year": -10.4,
            "eps_4q": 4.76,
            "eps_4q_growth_year": 9314.39,
            "roe": 0.93,
            "roe_4q": 49.63,
            "gross_profit": 184595,
            "gross_margin": 25.07,
            "gross_margin_4q_avg": 24.56,
            "net_income": 18908,
            "net_income_4q": null,
            "revenue": 736414,
            "revenue_4q": null,
            "common_shares": 1700000,
            "book_valuer_per_share": 11.96,
            "book_valuer_per_share_4q_avg": 7.46,
            "equity": 2033997,
            "current_ratio": 232.73,
            "debt_ratio": 57.7,
            "inventory_turnover_ratio": 0.47,
            "account_receivable_turnover_ratio": 0.94,
            "reinvestment_rate": -78.81,
            "research_to_sale_ratio": 1.89,
            "price_fair": 62.53,
            "eps_avg_yearly": 1.79,
            "eps_latest_yearly": 0.44,
            "eps_growth_yearly": 961.67
        },
        "20221": {
            "year_quarter": 20221,
            "year": 2022,
            "quarter": 1,
            "eps": 0.65,
            "eps_growth_year": -64.67,
            "eps_4q": 1.9,
            "eps_4q_growth_year": 2.98,
            "roe": 5.33,
            "roe_4q": 16.22,
            "gross_profit": 171531,
            "gross_margin": 22.16,
            "gross_margin_4q_avg": 23.99,
            "net_income": 111269,
            "net_income_4q": null,
            "revenue": 773882,
            "revenue_4q": null,
            "common_shares": 1700000,
            "book_valuer_per_share": 12.59,
            "book_valuer_per_share_4q_avg": 9.2,
            "equity": 2140950,
            "current_ratio": 245.26,
            "debt_ratio": 56.57,
            "inventory_turnover_ratio": 0.52,
            "account_receivable_turnover_ratio": 0.98,
            "reinvestment_rate": -135.57,
            "research_to_sale_ratio": 1.75,
            "price_fair": 66.6,
            "eps_avg_yearly": 1.9,
            "eps_latest_yearly": 2.6,
            "eps_growth_yearly": 1104.81
        },
        "20222": {
            "year_quarter": 20222,
            "year": 2022,
            "quarter": 2,
            "eps": 1.07,
            "eps_growth_year": 234.38,
            "eps_4q": 2.36,
            "eps_4q_growth_year": 1.69,
            "roe": 8.15,
            "roe_4q": 18.88,
            "gross_profit": 237446,
            "gross_margin": 28.63,
            "gross_margin_4q_avg": 25.53,
            "net_income": 181787,
            "net_income_4q": null,
            "revenue": 829317,
            "revenue_4q": null,
            "common_shares": 1700000,
            "book_valuer_per_share": 13.63,
            "book_valuer_per_share_4q_avg": 11.11,
            "equity": 2317707,
            "current_ratio": 90.57,
            "debt_ratio": 54.59,
            "inventory_turnover_ratio": 0.49,
            "account_receivable_turnover_ratio": 0.96,
            "reinvestment_rate": -106,
            "research_to_sale_ratio": 1.64,
            "price_fair": 77,
            "eps_avg_yearly": 2.2,
            "eps_latest_yearly": 4.28,
            "eps_growth_yearly": 999.02
        },
        "20223": {
            "year_quarter": 20223,
            "year": 2022,
            "quarter": 3,
            "eps": 0.9,
            "eps_growth_year": 233.33,
            "eps_4q": 2.77,
            "eps_4q_growth_year": 8.28,
            "roe": 6.44,
            "roe_4q": 20.85,
            "gross_profit": 200192,
            "gross_margin": 27.72,
            "gross_margin_4q_avg": 25.9,
            "net_income": 152924,
            "net_income_4q": null,
            "revenue": 722313,
            "revenue_4q": null,
            "common_shares": 1700000,
            "book_valuer_per_share": 14.46,
            "book_valuer_per_share_4q_avg": 13.16,
            "equity": 2428638,
            "current_ratio": 95.57,
            "debt_ratio": 49.96,
            "inventory_turnover_ratio": 0.43,
            "account_receivable_turnover_ratio": 0.83,
            "reinvestment_rate": -88.55,
            "research_to_sale_ratio": 1.8,
            "price_fair": 92.4,
            "eps_avg_yearly": 2.64,
            "eps_latest_yearly": 3.6,
            "eps_growth_yearly": 1007.74
        },
        "20224": {
            "year_quarter": 20224,
            "year": 2022,
            "quarter": 4,
            "eps": -0.01,
            "eps_growth_year": -112.89,
            "eps_4q": 2.64,
            "eps_4q_growth_year": -44.58,
            "roe": -0.1,
            "roe_4q": 19.82,
            "gross_profit": 135452,
            "gross_margin": 21.78,
            "gross_margin_4q_avg": 25.07,
            "net_income": -2408,
            "net_income_4q": null,
            "revenue": 621934,
            "revenue_4q": null,
            "common_shares": 1700000,
            "book_valuer_per_share": 14.5,
            "book_valuer_per_share_4q_avg": 13.8,
            "equity": 2435529,
            "current_ratio": 95.1,
            "debt_ratio": 44.87,
            "inventory_turnover_ratio": 0.45,
            "account_receivable_turnover_ratio": 0.81,
            "reinvestment_rate": -80.06,
            "research_to_sale_ratio": 2.78,
            "price_fair": 92.4,
            "eps_avg_yearly": 2.64,
            "eps_latest_yearly": 3.6,
            "eps_growth_yearly": 1007.74
        },
        "20231": {
            "year_quarter": 20231,
            "year": 2023,
            "quarter": 1,
            "eps": -0.08,
            "eps_growth_year": -112.31,
            "eps_4q": 1.9,
            "eps_4q_growth_year": 0,
            "roe": -0.53,
            "roe_4q": 13.96,
            "gross_profit": 70202,
            "gross_margin": 14.77,
            "gross_margin_4q_avg": 23.23,
            "net_income": -12994,
            "net_income_4q": null,
            "revenue": 475417,
            "revenue_4q": null,
            "common_shares": 1700000,
            "book_valuer_per_share": 14.67,
            "book_valuer_per_share_4q_avg": 14.32,
            "equity": 2464181,
            "current_ratio": 98.64,
            "debt_ratio": 42.61,
            "inventory_turnover_ratio": 0.47,
            "account_receivable_turnover_ratio": 0.75,
            "reinvestment_rate": -74.35,
            "research_to_sale_ratio": 2.81,
            "price_fair": 92.4,
            "eps_avg_yearly": 2.64,
            "eps_latest_yearly": 3.6,
            "eps_growth_yearly": 1007.74
        },
        "20232": {
            "year_quarter": 20232,
            "year": 2023,
            "quarter": 2,
            "eps": 0.2,
            "eps_growth_year": -81.31,
            "eps_4q": 1.02,
            "eps_4q_growth_year": -56.67,
            "roe": 1.44,
            "roe_4q": 7.25,
            "gross_profit": 105044,
            "gross_margin": 20.3,
            "gross_margin_4q_avg": 21.14,
            "net_income": 34176,
            "net_income_4q": null,
            "revenue": 517417,
            "revenue_4q": null,
            "common_shares": 1700000,
            "book_valuer_per_share": 13.66,
            "book_valuer_per_share_4q_avg": 14.32,
            "equity": 2295040,
            "current_ratio": 293.19,
            "debt_ratio": 44.92,
            "inventory_turnover_ratio": 0.6,
            "account_receivable_turnover_ratio": 0.91,
            "reinvestment_rate": -56.36,
            "research_to_sale_ratio": 2.5,
            "price_fair": 92.4,
            "eps_avg_yearly": 2.64,
            "eps_latest_yearly": 3.6,
            "eps_growth_yearly": 1007.74
        },
        "20233": {
            "year_quarter": 20233,
            "year": 2023,
            "quarter": 3,
            "eps": 0.46,
            "eps_growth_year": -48.89,
            "eps_4q": 0.58,
            "eps_4q_growth_year": -79.18,
            "roe": 3.34,
            "roe_4q": 4.1499999999999995,
            "gross_profit": 130262,
            "gross_margin": 24.26,
            "gross_margin_4q_avg": 20.28,
            "net_income": 77998,
            "net_income_4q": null,
            "revenue": 537019,
            "revenue_4q": null,
            "common_shares": 1700000,
            "book_valuer_per_share": 14.13,
            "book_valuer_per_share_4q_avg": 14.24,
            "equity": 2374661,
            "current_ratio": 342.5,
            "debt_ratio": 42.26,
            "inventory_turnover_ratio": 0.73,
            "account_receivable_turnover_ratio": 0.93,
            "reinvestment_rate": -49.53,
            "research_to_sale_ratio": 2.17,
            "price_fair": 89.29,
            "eps_avg_yearly": 2.55,
            "eps_latest_yearly": 1.84,
            "eps_growth_yearly": 953.55
        },
        "20234": {
            "year_quarter": 20234,
            "year": 2023,
            "quarter": 4,
            "eps": 0.44,
            "eps_growth_year": null,
            "eps_4q": 1.03,
            "eps_4q_growth_year": -61.1,
            "roe": 3.04,
            "roe_4q": 7.29,
            "gross_profit": 227675,
            "gross_margin": 47.95,
            "gross_margin_4q_avg": 26.82,
            "net_income": 73352,
            "net_income_4q": null,
            "revenue": 474811,
            "revenue_4q": null,
            "common_shares": 1700000,
            "book_valuer_per_share": 14.56,
            "book_valuer_per_share_4q_avg": 14.26,
            "equity": 2445686,
            "current_ratio": 352.29,
            "debt_ratio": 40.95,
            "inventory_turnover_ratio": 0.41,
            "account_receivable_turnover_ratio": 0.83,
            "reinvestment_rate": -45.95,
            "research_to_sale_ratio": 3.14,
            "price_fair": 86.52,
            "eps_avg_yearly": 2.47,
            "eps_latest_yearly": 1.76,
            "eps_growth_yearly": 856.45
        }
    },
    "months": {
        "2002-10": {
            "month": "2002-10",
            "price": "41.92",
            "revenue": 440334
        },
        "2002-11": {
            "month": "2002-11",
            "price": "51.31",
            "revenue": 480274
        },
        "2002-12": {
            "month": "2002-12",
            "price": "48.22",
            "revenue": 494255
        },
        "2003-01": {
            "month": "2003-01",
            "price": "46.99",
            "revenue": 500154
        },
        "2003-02": {
            "month": "2003-02",
            "price": "44.42",
            "revenue": 531255
        },
        "2003-03": {
            "month": "2003-03",
            "price": "39.56",
            "revenue": 621805
        },
        "2003-04": {
            "month": "2003-04",
            "price": "40.43",
            "revenue": 716306
        },
        "2003-05": {
            "month": "2003-05",
            "price": "44.78",
            "revenue": 755444
        },
        "2003-06": {
            "month": "2003-06",
            "price": "56.78",
            "revenue": 765783
        },
        "2003-07": {
            "month": "2003-07",
            "price": "70.22",
            "revenue": 785575
        },
        "2003-08": {
            "month": "2003-08",
            "price": "84.17",
            "revenue": 910494
        },
        "2003-09": {
            "month": "2003-09",
            "price": "93.36",
            "revenue": 990037
        },
        "2003-10": {
            "month": "2003-10",
            "price": "105.48",
            "revenue": 1080007
        },
        "2003-11": {
            "month": "2003-11",
            "price": "99.75",
            "revenue": 1112732
        },
        "2003-12": {
            "month": "2003-12",
            "price": "98.54",
            "revenue": 1248855
        },
        "2004-01": {
            "month": "2004-01",
            "price": "105.87",
            "revenue": 1196632
        },
        "2004-02": {
            "month": "2004-02",
            "price": "120.25",
            "revenue": 1345035
        },
        "2004-03": {
            "month": "2004-03",
            "price": "120.96",
            "revenue": 1421227
        },
        "2004-04": {
            "month": "2004-04",
            "price": "133.91",
            "revenue": 1666844
        },
        "2004-05": {
            "month": "2004-05",
            "price": "133.67",
            "revenue": 1750106
        },
        "2004-06": {
            "month": "2004-06",
            "price": "112.79",
            "revenue": 1703505
        },
        "2004-07": {
            "month": "2004-07",
            "price": "86.14",
            "revenue": 1465661
        },
        "2004-08": {
            "month": "2004-08",
            "price": "76.18",
            "revenue": 1222097
        },
        "2004-09": {
            "month": "2004-09",
            "price": "80.10",
            "revenue": 1292034
        },
        "2004-10": {
            "month": "2004-10",
            "price": "69.50",
            "revenue": 1351039
        },
        "2004-11": {
            "month": "2004-11",
            "price": "69.18",
            "revenue": 1361080
        },
        "2004-12": {
            "month": "2004-12",
            "price": "76.15",
            "revenue": 1237579
        },
        "2005-01": {
            "month": "2005-01",
            "price": "70.69",
            "revenue": 1550324
        },
        "2005-02": {
            "month": "2005-02",
            "price": "85.50",
            "revenue": 1732817
        },
        "2005-03": {
            "month": "2005-03",
            "price": "83.88",
            "revenue": 1807475
        },
        "2005-04": {
            "month": "2005-04",
            "price": "89.98",
            "revenue": 1817308
        },
        "2005-05": {
            "month": "2005-05",
            "price": "82.02",
            "revenue": 1801521
        },
        "2005-06": {
            "month": "2005-06",
            "price": "78.67",
            "revenue": 1603642
        },
        "2005-07": {
            "month": "2005-07",
            "price": "72.22",
            "revenue": 1660273
        },
        "2005-08": {
            "month": "2005-08",
            "price": "63.59",
            "revenue": 1803142
        },
        "2005-09": {
            "month": "2005-09",
            "price": "55.33",
            "revenue": 1910741
        },
        "2005-10": {
            "month": "2005-10",
            "price": "47.10",
            "revenue": 1976710
        },
        "2005-11": {
            "month": "2005-11",
            "price": "52.45",
            "revenue": 2084581
        },
        "2005-12": {
            "month": "2005-12",
            "price": "57.26",
            "revenue": 2013588
        },
        "2006-01": {
            "month": "2006-01",
            "price": "55.81",
            "revenue": 2210266
        },
        "2006-02": {
            "month": "2006-02",
            "price": "44.83",
            "revenue": 2195151
        },
        "2006-03": {
            "month": "2006-03",
            "price": "36.61",
            "revenue": 2019504
        },
        "2006-04": {
            "month": "2006-04",
            "price": "37.68",
            "revenue": 1974080
        },
        "2006-05": {
            "month": "2006-05",
            "price": "37.53",
            "revenue": 1851397
        },
        "2006-06": {
            "month": "2006-06",
            "price": "28.38",
            "revenue": 1313254
        },
        "2006-07": {
            "month": "2006-07",
            "price": "27.91",
            "revenue": 1414781
        },
        "2006-08": {
            "month": "2006-08",
            "price": "28.98",
            "revenue": 1448371
        },
        "2006-09": {
            "month": "2006-09",
            "price": "23.66",
            "revenue": 1575671
        },
        "2006-10": {
            "month": "2006-10",
            "price": "22.94",
            "revenue": 1907666
        },
        "2006-11": {
            "month": "2006-11",
            "price": "22.80",
            "revenue": 1925450
        },
        "2006-12": {
            "month": "2006-12",
            "price": "22.61",
            "revenue": 1491199
        },
        "2007-01": {
            "month": "2007-01",
            "price": "22.07",
            "revenue": 1454122
        },
        "2007-02": {
            "month": "2007-02",
            "price": "21.29",
            "revenue": 1320922
        },
        "2007-03": {
            "month": "2007-03",
            "price": "16.56",
            "revenue": 1679547
        },
        "2007-04": {
            "month": "2007-04",
            "price": "18.30",
            "revenue": 1697732
        },
        "2007-05": {
            "month": "2007-05",
            "price": "18.24",
            "revenue": 1800351
        },
        "2007-06": {
            "month": "2007-06",
            "price": "17.87",
            "revenue": 1858739
        },
        "2007-07": {
            "month": "2007-07",
            "price": "21.37",
            "revenue": 1663250
        },
        "2007-08": {
            "month": "2007-08",
            "price": "16.76",
            "revenue": 1581493
        },
        "2007-09": {
            "month": "2007-09",
            "price": "14.60",
            "revenue": 1404744
        },
        "2007-10": {
            "month": "2007-10",
            "price": "14.94",
            "revenue": 1557395
        },
        "2007-11": {
            "month": "2007-11",
            "price": "15.71",
            "revenue": 1385642
        },
        "2007-12": {
            "month": "2007-12",
            "price": "12.19",
            "revenue": 1247740
        },
        "2008-01": {
            "month": "2008-01",
            "price": "9.91",
            "revenue": 1265918
        },
        "2008-02": {
            "month": "2008-02",
            "price": "8.61",
            "revenue": 1083707
        },
        "2008-03": {
            "month": "2008-03",
            "price": "9.31",
            "revenue": 1116604
        },
        "2008-04": {
            "month": "2008-04",
            "price": "9.91",
            "revenue": 1240507
        },
        "2008-05": {
            "month": "2008-05",
            "price": "11.93",
            "revenue": 1121835
        },
        "2008-06": {
            "month": "2008-06",
            "price": "9.54",
            "revenue": 1143307
        },
        "2008-07": {
            "month": "2008-07",
            "price": "6.30",
            "revenue": 1116271
        },
        "2008-08": {
            "month": "2008-08",
            "price": "4.85",
            "revenue": 871263
        },
        "2008-09": {
            "month": "2008-09",
            "price": "3.02",
            "revenue": 808550
        },
        "2008-10": {
            "month": "2008-10",
            "price": "2.58",
            "revenue": 658228
        },
        "2008-11": {
            "month": "2008-11",
            "price": "1.29",
            "revenue": 357031
        },
        "2008-12": {
            "month": "2008-12",
            "price": "0.95",
            "revenue": 280228
        },
        "2009-01": {
            "month": "2009-01",
            "price": "0.83",
            "revenue": 339563
        },
        "2009-02": {
            "month": "2009-02",
            "price": "0.85",
            "revenue": 439813
        },
        "2009-03": {
            "month": "2009-03",
            "price": "1.25",
            "revenue": 446515
        },
        "2009-04": {
            "month": "2009-04",
            "price": "1.76",
            "revenue": 364652
        },
        "2009-05": {
            "month": "2009-05",
            "price": "1.42",
            "revenue": 438593
        },
        "2009-06": {
            "month": "2009-06",
            "price": "1.25",
            "revenue": 473545
        },
        "2009-07": {
            "month": "2009-07",
            "price": "1.31",
            "revenue": 468097
        },
        "2009-08": {
            "month": "2009-08",
            "price": "1.31",
            "revenue": 379199
        },
        "2009-09": {
            "month": "2009-09",
            "price": "1.24",
            "revenue": 437157
        },
        "2009-10": {
            "month": "2009-10",
            "price": "1.54",
            "revenue": 451867
        },
        "2009-11": {
            "month": "2009-11",
            "price": "1.65",
            "revenue": 431790
        },
        "2009-12": {
            "month": "2009-12",
            "price": "1.75",
            "revenue": 433150
        },
        "2010-01": {
            "month": "2010-01",
            "price": "3.28",
            "revenue": 508388
        },
        "2010-02": {
            "month": "2010-02",
            "price": "2.88",
            "revenue": 447236
        },
        "2010-03": {
            "month": "2010-03",
            "price": "2.89",
            "revenue": 623977
        },
        "2010-04": {
            "month": "2010-04",
            "price": "3.07",
            "revenue": 572098
        },
        "2010-05": {
            "month": "2010-05",
            "price": "4.98",
            "revenue": 519062
        },
        "2010-06": {
            "month": "2010-06",
            "price": "4.93",
            "revenue": 562383
        },
        "2010-07": {
            "month": "2010-07",
            "price": "4.76",
            "revenue": 573251
        },
        "2010-08": {
            "month": "2010-08",
            "price": "8.93",
            "revenue": 510868
        },
        "2010-09": {
            "month": "2010-09",
            "price": "7.05",
            "revenue": 440648
        },
        "2010-10": {
            "month": "2010-10",
            "price": "6.25",
            "revenue": 376094
        },
        "2010-11": {
            "month": "2010-11",
            "price": "5.28",
            "revenue": 373084
        },
        "2010-12": {
            "month": "2010-12",
            "price": "5.58",
            "revenue": 367649
        },
        "2011-01": {
            "month": "2011-01",
            "price": "5.44",
            "revenue": 467896
        },
        "2011-02": {
            "month": "2011-02",
            "price": "4.95",
            "revenue": 310800
        },
        "2011-03": {
            "month": "2011-03",
            "price": "4.54",
            "revenue": 389309
        },
        "2011-04": {
            "month": "2011-04",
            "price": "3.98",
            "revenue": 338569
        },
        "2011-05": {
            "month": "2011-05",
            "price": "2.25",
            "revenue": 344070
        },
        "2011-06": {
            "month": "2011-06",
            "price": "2.08",
            "revenue": 273655
        },
        "2011-07": {
            "month": "2011-07",
            "price": "1.68",
            "revenue": 339822
        },
        "2011-08": {
            "month": "2011-08",
            "price": "1.53",
            "revenue": 277330
        },
        "2011-09": {
            "month": "2011-09",
            "price": "1.47",
            "revenue": 258725
        },
        "2011-10": {
            "month": "2011-10",
            "price": "1.40",
            "revenue": 335543
        },
        "2011-11": {
            "month": "2011-11",
            "price": "1.98",
            "revenue": 339003
        },
        "2011-12": {
            "month": "2011-12",
            "price": "1.71",
            "revenue": 330719
        },
        "2012-01": {
            "month": "2012-01",
            "price": "1.71",
            "revenue": 301371
        },
        "2012-02": {
            "month": "2012-02",
            "price": "1.95",
            "revenue": 327554
        },
        "2012-03": {
            "month": "2012-03",
            "price": "1.89",
            "revenue": 325070
        },
        "2012-04": {
            "month": "2012-04",
            "price": "1.77",
            "revenue": 364844
        },
        "2012-05": {
            "month": "2012-05",
            "price": "1.66",
            "revenue": 351881
        },
        "2012-06": {
            "month": "2012-06",
            "price": "1.69",
            "revenue": 249491
        },
        "2012-07": {
            "month": "2012-07",
            "price": "1.66",
            "revenue": 422024
        },
        "2012-08": {
            "month": "2012-08",
            "price": "1.66",
            "revenue": 398993
        },
        "2012-09": {
            "month": "2012-09",
            "price": "2.69",
            "revenue": 303971
        },
        "2012-10": {
            "month": "2012-10",
            "price": "2.79",
            "revenue": 303832
        },
        "2012-11": {
            "month": "2012-11",
            "price": "2.52",
            "revenue": 348724
        },
        "2012-12": {
            "month": "2012-12",
            "price": "2.20",
            "revenue": 333633
        },
        "2013-01": {
            "month": "2013-01",
            "price": "2.09",
            "revenue": 374185
        },
        "2013-02": {
            "month": "2013-02",
            "price": "2.07",
            "revenue": 313448
        },
        "2013-03": {
            "month": "2013-03",
            "price": "1.98",
            "revenue": 395923
        },
        "2013-04": {
            "month": "2013-04",
            "price": "2.84",
            "revenue": 370210
        },
        "2013-05": {
            "month": "2013-05",
            "price": "5.08",
            "revenue": 405401
        },
        "2013-06": {
            "month": "2013-06",
            "price": "7.07",
            "revenue": 371329
        },
        "2013-07": {
            "month": "2013-07",
            "price": "6.55",
            "revenue": 350236
        },
        "2013-08": {
            "month": "2013-08",
            "price": "6.12",
            "revenue": 300113
        },
        "2013-09": {
            "month": "2013-09",
            "price": "5.57",
            "revenue": 232360
        },
        "2013-10": {
            "month": "2013-10",
            "price": "4.99",
            "revenue": 300440
        },
        "2013-11": {
            "month": "2013-11",
            "price": "4.62",
            "revenue": 326132
        },
        "2013-12": {
            "month": "2013-12",
            "price": "4.76",
            "revenue": 286873
        },
        "2014-01": {
            "month": "2014-01",
            "price": "6.50",
            "revenue": 243119
        },
        "2014-02": {
            "month": "2014-02",
            "price": "6.16",
            "revenue": 183018
        },
        "2014-03": {
            "month": "2014-03",
            "price": "5.70",
            "revenue": 201637
        },
        "2014-04": {
            "month": "2014-04",
            "price": "5.39",
            "revenue": 277902
        },
        "2014-05": {
            "month": "2014-05",
            "price": "4.95",
            "revenue": 335045
        },
        "2014-06": {
            "month": "2014-06",
            "price": "5.75",
            "revenue": 324594
        },
        "2014-07": {
            "month": "2014-07",
            "price": "5.98",
            "revenue": 366170
        },
        "2014-08": {
            "month": "2014-08",
            "price": "5.59",
            "revenue": 376723
        },
        "2014-09": {
            "month": "2014-09",
            "price": "5.61",
            "revenue": 390721
        },
        "2014-10": {
            "month": "2014-10",
            "price": "5.01",
            "revenue": 475390
        },
        "2014-11": {
            "month": "2014-11",
            "price": "5.46",
            "revenue": 470623
        },
        "2014-12": {
            "month": "2014-12",
            "price": "6.00",
            "revenue": 458128
        },
        "2015-01": {
            "month": "2015-01",
            "price": "10.50",
            "revenue": 420223
        },
        "2015-02": {
            "month": "2015-02",
            "price": "14.51",
            "revenue": 280680
        },
        "2015-03": {
            "month": "2015-03",
            "price": "13.72",
            "revenue": 305169
        },
        "2015-04": {
            "month": "2015-04",
            "price": "12.31",
            "revenue": 292591
        },
        "2015-05": {
            "month": "2015-05",
            "price": "13.06",
            "revenue": 216470
        },
        "2015-06": {
            "month": "2015-06",
            "price": "10.70",
            "revenue": 300056
        },
        "2015-07": {
            "month": "2015-07",
            "price": "9.16",
            "revenue": 274052
        },
        "2015-08": {
            "month": "2015-08",
            "price": "5.80",
            "revenue": 306587
        },
        "2015-09": {
            "month": "2015-09",
            "price": "6.60",
            "revenue": 305520
        },
        "2015-10": {
            "month": "2015-10",
            "price": "6.74",
            "revenue": 256428
        },
        "2015-11": {
            "month": "2015-11",
            "price": "7.30",
            "revenue": 212207
        },
        "2015-12": {
            "month": "2015-12",
            "price": "6.36",
            "revenue": 271810
        },
        "2016-01": {
            "month": "2016-01",
            "price": "5.26",
            "revenue": 296599
        },
        "2016-02": {
            "month": "2016-02",
            "price": "5.77",
            "revenue": 226658
        },
        "2016-03": {
            "month": "2016-03",
            "price": "6.22",
            "revenue": 261297
        },
        "2016-04": {
            "month": "2016-04",
            "price": "5.32",
            "revenue": 240337
        },
        "2016-05": {
            "month": "2016-05",
            "price": "4.57",
            "revenue": 219726
        },
        "2016-06": {
            "month": "2016-06",
            "price": "4.28",
            "revenue": 175902
        },
        "2016-07": {
            "month": "2016-07",
            "price": "4.10",
            "revenue": 211165
        },
        "2016-08": {
            "month": "2016-08",
            "price": "4.04",
            "revenue": 202225
        },
        "2016-09": {
            "month": "2016-09",
            "price": "4.18",
            "revenue": 185124
        },
        "2016-10": {
            "month": "2016-10",
            "price": "3.94",
            "revenue": 192084
        },
        "2016-11": {
            "month": "2016-11",
            "price": "3.44",
            "revenue": 229087
        },
        "2016-12": {
            "month": "2016-12",
            "price": "4.01",
            "revenue": 223317
        },
        "2017-01": {
            "month": "2017-01",
            "price": "4.41",
            "revenue": 190412
        },
        "2017-02": {
            "month": "2017-02",
            "price": "4.34",
            "revenue": 170902
        },
        "2017-03": {
            "month": "2017-03",
            "price": "4.12",
            "revenue": 181238
        },
        "2017-04": {
            "month": "2017-04",
            "price": "4.39",
            "revenue": 195562
        },
        "2017-05": {
            "month": "2017-05",
            "price": "4.08",
            "revenue": 192208
        },
        "2017-06": {
            "month": "2017-06",
            "price": "4.11",
            "revenue": 177265
        },
        "2017-07": {
            "month": "2017-07",
            "price": "3.94",
            "revenue": 206394
        },
        "2017-08": {
            "month": "2017-08",
            "price": "3.84",
            "revenue": 206623
        },
        "2017-09": {
            "month": "2017-09",
            "price": "4.37",
            "revenue": 202927
        },
        "2017-10": {
            "month": "2017-10",
            "price": "4.49",
            "revenue": 207646
        },
        "2017-11": {
            "month": "2017-11",
            "price": "4.95",
            "revenue": 213322
        },
        "2017-12": {
            "month": "2017-12",
            "price": "5.49",
            "revenue": 190446
        },
        "2018-01": {
            "month": "2018-01",
            "price": "5.43",
            "revenue": 200855
        },
        "2018-02": {
            "month": "2018-02",
            "price": "4.79",
            "revenue": 165019
        },
        "2018-03": {
            "month": "2018-03",
            "price": "4.75",
            "revenue": 188323
        },
        "2018-04": {
            "month": "2018-04",
            "price": "3.37",
            "revenue": 178301
        },
        "2018-05": {
            "month": "2018-05",
            "price": "3.28",
            "revenue": 196663
        },
        "2018-06": {
            "month": "2018-06",
            "price": "3.81",
            "revenue": 190860
        },
        "2018-07": {
            "month": "2018-07",
            "price": "3.48",
            "revenue": 242691
        },
        "2018-08": {
            "month": "2018-08",
            "price": "3.66",
            "revenue": 229262
        },
        "2018-09": {
            "month": "2018-09",
            "price": "3.49",
            "revenue": 223380
        },
        "2018-10": {
            "month": "2018-10",
            "price": "3.13",
            "revenue": 221315
        },
        "2018-11": {
            "month": "2018-11",
            "price": "3.09",
            "revenue": 225448
        },
        "2018-12": {
            "month": "2018-12",
            "price": "3.14",
            "revenue": 192085
        },
        "2019-01": {
            "month": "2019-01",
            "price": "3.11",
            "revenue": 204095
        },
        "2019-02": {
            "month": "2019-02",
            "price": "3.42",
            "revenue": 171201
        },
        "2019-03": {
            "month": "2019-03",
            "price": "3.78",
            "revenue": 201547
        },
        "2019-04": {
            "month": "2019-04",
            "price": "3.59",
            "revenue": 223366
        },
        "2019-05": {
            "month": "2019-05",
            "price": "3.38",
            "revenue": 204455
        },
        "2019-06": {
            "month": "2019-06",
            "price": "3.20",
            "revenue": 173291
        },
        "2019-07": {
            "month": "2019-07",
            "price": "3.16",
            "revenue": 220173
        },
        "2019-08": {
            "month": "2019-08",
            "price": "3.02",
            "revenue": 239339
        },
        "2019-09": {
            "month": "2019-09",
            "price": "2.96",
            "revenue": 203613
        },
        "2019-10": {
            "month": "2019-10",
            "price": "2.97",
            "revenue": 236948
        },
        "2019-11": {
            "month": "2019-11",
            "price": "2.97",
            "revenue": 247020
        },
        "2019-12": {
            "month": "2019-12",
            "price": "3.02",
            "revenue": 203738
        },
        "2020-01": {
            "month": "2020-01",
            "price": "3.17",
            "revenue": 180558
        },
        "2020-02": {
            "month": "2020-02",
            "price": "3.46",
            "revenue": 179155
        },
        "2020-03": {
            "month": "2020-03",
            "price": "3.27",
            "revenue": 184823
        },
        "2020-04": {
            "month": "2020-04",
            "price": "3.04",
            "revenue": 224498
        },
        "2020-05": {
            "month": "2020-05",
            "price": "3.32",
            "revenue": 153254
        },
        "2020-06": {
            "month": "2020-06",
            "price": "3.85",
            "revenue": 163757
        },
        "2020-07": {
            "month": "2020-07",
            "price": "3.74",
            "revenue": 214844
        },
        "2020-08": {
            "month": "2020-08",
            "price": "4.62",
            "revenue": 195243
        },
        "2020-09": {
            "month": "2020-09",
            "price": "4.89",
            "revenue": 204092
        },
        "2020-10": {
            "month": "2020-10",
            "price": "4.60",
            "revenue": 245185
        },
        "2020-11": {
            "month": "2020-11",
            "price": "4.79",
            "revenue": 223164
        },
        "2020-12": {
            "month": "2020-12",
            "price": "5.77",
            "revenue": 249252
        },
        "2021-01": {
            "month": "2021-01",
            "price": "6.05",
            "revenue": 270850
        },
        "2021-02": {
            "month": "2021-02",
            "price": "6.37",
            "revenue": 215547
        },
        "2021-03": {
            "month": "2021-03",
            "price": "6.90",
            "revenue": 265861
        },
        "2021-04": {
            "month": "2021-04",
            "price": "8.47",
            "revenue": 312577
        },
        "2021-05": {
            "month": "2021-05",
            "price": "8.02",
            "revenue": 303619
        },
        "2021-06": {
            "month": "2021-06",
            "price": "9.47",
            "revenue": 299435
        },
        "2021-07": {
            "month": "2021-07",
            "price": "11.71",
            "revenue": 317833
        },
        "2021-08": {
            "month": "2021-08",
            "price": "10.99",
            "revenue": 262526
        },
        "2021-09": {
            "month": "2021-09",
            "price": "9.48",
            "revenue": 207168
        },
        "2021-10": {
            "month": "2021-10",
            "price": "9.03",
            "revenue": 274567
        },
        "2021-11": {
            "month": "2021-11",
            "price": "10.84",
            "revenue": 247313
        },
        "2021-12": {
            "month": "2021-12",
            "price": "20.02",
            "revenue": 214534
        },
        "2022-01": {
            "month": "2022-01",
            "price": "29.75",
            "revenue": 282092
        },
        "2022-02": {
            "month": "2022-02",
            "price": "27.16",
            "revenue": 226709
        },
        "2022-03": {
            "month": "2022-03",
            "price": "23.40",
            "revenue": 265081
        },
        "2022-04": {
            "month": "2022-04",
            "price": "22.84",
            "revenue": 298011
        },
        "2022-05": {
            "month": "2022-05",
            "price": "19.52",
            "revenue": 280220
        },
        "2022-06": {
            "month": "2022-06",
            "price": "18.28",
            "revenue": 251086
        },
        "2022-07": {
            "month": "2022-07",
            "price": "15.76",
            "revenue": 257108
        },
        "2022-08": {
            "month": "2022-08",
            "price": "18.96",
            "revenue": 217777
        },
        "2022-09": {
            "month": "2022-09",
            "price": "19.42",
            "revenue": 247428
        },
        "2022-10": {
            "month": "2022-10",
            "price": "16.86",
            "revenue": 231690
        },
        "2022-11": {
            "month": "2022-11",
            "price": "19.30",
            "revenue": 200893
        },
        "2022-12": {
            "month": "2022-12",
            "price": "18.56",
            "revenue": 189352
        },
        "2023-01": {
            "month": "2023-01",
            "price": "17.48",
            "revenue": 141370
        },
        "2023-02": {
            "month": "2023-02",
            "price": "19.10",
            "revenue": 152644
        },
        "2023-03": {
            "month": "2023-03",
            "price": "18.93",
            "revenue": 181403
        },
        "2023-04": {
            "month": "2023-04",
            "price": "18.87",
            "revenue": 181775
        },
        "2023-05": {
            "month": "2023-05",
            "price": "17.88",
            "revenue": 181328
        },
        "2023-06": {
            "month": "2023-06",
            "price": "19.30",
            "revenue": 154314
        },
        "2023-07": {
            "month": "2023-07",
            "price": "22.42",
            "revenue": 184992
        },
        "2023-08": {
            "month": "2023-08",
            "price": "27.78",
            "revenue": 175383
        },
        "2023-09": {
            "month": "2023-09",
            "price": "29.52",
            "revenue": 176645
        },
        "2023-10": {
            "month": "2023-10",
            "price": "31.48",
            "revenue": 181113
        },
        "2023-11": {
            "month": "2023-11",
            "price": "32.33",
            "revenue": 170502
        },
        "2023-12": {
            "month": "2023-12",
            "price": "38.68",
            "revenue": 123196
        },
        "2024-01": {
            "month": "2024-01",
            "price": "33.65",
            "revenue": 131523
        },
        "2024-02": {
            "month": "2024-02",
            "price": "36.18",
            "revenue": 105126
        }
    }
}
