{
    "summary": {
        "stock_name": "夆典",
        "stock_id": "3052",
        "category": "建材營造",
        "main_business": "營建工程<br>機電、儀電工程<br>電子零組件之銷售、光電產品之製造及銷售",
        "website_url": "http://www.apexgrp.com.tw",
        "ceo": "郭國華",
        "pe_ratio": 12,
        "report_year_from": 2001,
        "report_year_to": 2023,
        "age": 23,
        "eps_negative_percentage": 17,
        "eps_growth_avg": {
            "last_all": 1.34,
            "last_2y": 1.59,
            "last_4y": 21.37,
            "last_8y": -1.48,
            "last_12y": -0.58,
            "last_16y": 14.01,
            "last_20y": 1.34,
            "at_2006_last_3y": -100,
            "at_2007_last_3y": 0,
            "at_2008_last_3y": 31.03,
            "at_2009_last_3y": 97.7,
            "at_2010_last_3y": 57.78,
            "at_2011_last_3y": 30.63,
            "at_2012_last_3y": 7.12,
            "at_2013_last_3y": 7.12,
            "at_2014_last_3y": 1.22,
            "at_2015_last_3y": -4.05,
            "at_2016_last_3y": -20.72,
            "at_2017_last_3y": -20.72,
            "at_2018_last_3y": -24.33,
            "at_2019_last_3y": -22.54,
            "at_2020_last_3y": 26.89,
            "at_2021_last_3y": -28.66,
            "at_2022_last_3y": 37.38,
            "at_2023_last_3y": 21.37,
            "at_2024_last_3y": 21.37,
            "at_2006_last_all": -100,
            "at_2007_last_all": -33.33,
            "at_2008_last_all": -1.72,
            "at_2009_last_all": 18.62,
            "at_2010_last_all": 5.19,
            "at_2011_last_all": 3.22,
            "at_2012_last_all": 2.7,
            "at_2013_last_all": 13.51,
            "at_2014_last_all": 3.6,
            "at_2015_last_all": 0.57,
            "at_2016_last_all": -5.11,
            "at_2017_last_all": 2.98,
            "at_2018_last_all": -4.38,
            "at_2019_last_all": -4.38,
            "at_2020_last_all": 1.29,
            "at_2021_last_all": -2.96,
            "at_2022_last_all": 2.99,
            "at_2023_last_all": 1.34,
            "at_2024_last_all": 1.34
        },
        "latest_eps": 1.07,
        "latest_price": 12.85,
        "latest_roe": 6.68,
        "latest_gross_margin": 10.48,
        "latest_equity": 3301775,
        "latest_revenue": 789500,
        "latest_gross_profit": 82730,
        "latest_net_income": 43000,
        "latest_debt_ratio": 65.2,
        "latest_current_ratio": 158.19,
        "latest_account_receivable_turnover_ratio": 3.75,
        "latest_inventory_turnover_ratio": 1.23,
        "latest_reinvestment_rate": -0.26,
        "latest_research_to_sale_ratio": 0.08
    },
    "eps_dividends": {
        "1994": {
            "cash": 1.4,
            "stock": 0,
            "eps": 0
        },
        "1995": {
            "cash": 0,
            "stock": 1.76,
            "eps": 0
        },
        "1996": {
            "cash": 0,
            "stock": 1.8,
            "eps": 0
        },
        "1998": {
            "cash": 0,
            "stock": 1,
            "eps": 0
        },
        "1999": {
            "cash": 0,
            "stock": 0.5,
            "eps": 0
        },
        "2000": {
            "cash": 0,
            "stock": 0.5,
            "eps": 0
        },
        "2001": {
            "cash": 0,
            "stock": 0,
            "eps": -0.74
        },
        "2002": {
            "cash": 0,
            "stock": 0,
            "eps": 0.02
        },
        "2003": {
            "cash": 0,
            "stock": 0,
            "eps": -1.25
        },
        "2004": {
            "cash": 0,
            "stock": 0,
            "eps": 0.07
        },
        "2005": {
            "cash": 0,
            "stock": 0,
            "eps": -3.64
        },
        "2006": {
            "cash": 0,
            "stock": 0,
            "eps": 0.02
        },
        "2007": {
            "cash": 0,
            "stock": 0,
            "eps": 0.58
        },
        "2008": {
            "cash": 0,
            "stock": 0,
            "eps": 1.12
        },
        "2009": {
            "cash": 0,
            "stock": 0,
            "eps": 3.05
        },
        "2010": {
            "cash": 0.8,
            "stock": 0.4,
            "eps": 1.16
        },
        "2011": {
            "cash": 1.4,
            "stock": 0.4,
            "eps": 1.06
        },
        "2012": {
            "cash": 0,
            "stock": 0,
            "eps": 1.05
        },
        "2013": {
            "cash": 0.4,
            "stock": 0.5,
            "eps": 7
        },
        "2014": {
            "cash": 1,
            "stock": 1,
            "eps": 1.01
        },
        "2015": {
            "cash": 0.4,
            "stock": 0.4,
            "eps": 0.71
        },
        "2016": {
            "cash": 0.5,
            "stock": 0,
            "eps": 0.23
        },
        "2017": {
            "cash": 0.3,
            "stock": 0,
            "eps": 1
        },
        "2018": {
            "cash": 0.7,
            "stock": 0,
            "eps": -0.68
        },
        "2019": {
            "cash": 0,
            "stock": 0,
            "eps": 0.88
        },
        "2020": {
            "cash": 0.5,
            "stock": 0,
            "eps": 1.59
        },
        "2021": {
            "cash": 0.8,
            "stock": 0,
            "eps": 0.53
        },
        "2022": {
            "cash": 0.25,
            "stock": 0,
            "eps": 1.05
        },
        "2023": {
            "cash": 0.4,
            "stock": 0.2,
            "eps": 0.77
        }
    },
    "dividends": {
        "1994-04-23": {
            "cash": 1.4,
            "stock": 0
        },
        "1995-03-29": {
            "cash": 0,
            "stock": 1.76
        },
        "1996-05-07": {
            "cash": 0,
            "stock": 1.8
        },
        "1998-04-28": {
            "cash": 0,
            "stock": 1
        },
        "1999-05-27": {
            "cash": 0,
            "stock": 0.5
        },
        "2000-06-09": {
            "cash": 0,
            "stock": 0.5
        },
        "2010-04-12": {
            "cash": 0.8,
            "stock": 0.4
        },
        "2011-01-01": {
            "cash": 0.8,
            "stock": 0
        },
        "2011-04-27": {
            "cash": 0.6,
            "stock": 0.4
        },
        "2013-03-27": {
            "cash": 0.4,
            "stock": 0.5
        },
        "2014-10-17": {
            "cash": 1,
            "stock": 1
        },
        "2015-10-15": {
            "cash": 0.4,
            "stock": 0.4
        },
        "2016-10-20": {
            "cash": 0.5,
            "stock": 0
        },
        "2017-09-15": {
            "cash": 0.3,
            "stock": 0
        },
        "2018-10-05": {
            "cash": 0.7,
            "stock": 0
        },
        "2020-09-25": {
            "cash": 0.5,
            "stock": 0
        },
        "2021-09-17": {
            "cash": 0.8,
            "stock": 0
        },
        "2022-10-21": {
            "cash": 0.25,
            "stock": 0
        },
        "2023-09-20": {
            "cash": 0.4,
            "stock": 0.2
        }
    },
    "prices": {
        "200101": "無",
        "200102": "無",
        "200103": "無",
        "200104": "無",
        "200105": "無",
        "200106": "無",
        "200107": "無",
        "200108": "無",
        "200109": "無",
        "200110": "無",
        "200111": "無",
        "200112": "無",
        "200201": "無",
        "200202": "無",
        "200203": "無",
        "200204": "無",
        "200205": "無",
        "200206": "無",
        "200207": "無",
        "200208": "無",
        "200209": "無",
        "200210": "無",
        "200211": "無",
        "200212": "無",
        "200301": "10.09",
        "200302": "9.83",
        "200303": "9.51",
        "200304": "8.65",
        "200305": "7.17",
        "200306": "8.59",
        "200307": "10.35",
        "200308": "9.59",
        "200309": "8.83",
        "200310": "8.65",
        "200311": "8.46",
        "200312": "8.52",
        "200401": "9.19",
        "200402": "10.06",
        "200403": "8.84",
        "200404": "8.44",
        "200405": "6.98",
        "200406": "6.94",
        "200407": "6.08",
        "200408": "5.52",
        "200409": "5.34",
        "200410": "5.14",
        "200411": "4.95",
        "200412": "5.32",
        "200501": "5.50",
        "200502": "5.28",
        "200503": "5.36",
        "200504": "5.45",
        "200505": "4.68",
        "200506": "4.90",
        "200507": "4.95",
        "200508": "4.51",
        "200509": "4.47",
        "200510": "4.72",
        "200511": "4.84",
        "200512": "4.76",
        "200601": "4.48",
        "200602": "3.88",
        "200603": "3.58",
        "200604": "4.05",
        "200605": "4.23",
        "200606": "3.98",
        "200607": "3.35",
        "200608": "3.06",
        "200609": "2.81",
        "200610": "2.96",
        "200611": "3.68",
        "200612": "5.10",
        "200701": "5.51",
        "200702": "5.50",
        "200703": "6.75",
        "200704": "7.84",
        "200705": "7.42",
        "200706": "7.52",
        "200707": "8.91",
        "200708": "9.12",
        "200709": "8.60",
        "200710": "8.33",
        "200711": "7.39",
        "200712": "6.93",
        "200801": "7.02",
        "200802": "7.07",
        "200803": "7.95",
        "200804": "9.42",
        "200805": "9.35",
        "200806": "8.16",
        "200807": "6.51",
        "200808": "6.54",
        "200809": "5.70",
        "200810": "4.95",
        "200811": "4.92",
        "200812": "5.14",
        "200901": "5.18",
        "200902": "5.16",
        "200903": "6.81",
        "200904": "9.07",
        "200905": "11.38",
        "200906": "11.12",
        "200907": "12.26",
        "200908": "12.15",
        "200909": "13.81",
        "200910": "14.44",
        "200911": "15.45",
        "200912": "17.21",
        "201001": "17.42",
        "201002": "15.44",
        "201003": "17.11",
        "201004": "17.89",
        "201005": "16.69",
        "201006": "15.24",
        "201007": "15.53",
        "201008": "16.27",
        "201009": "14.53",
        "201010": "13.57",
        "201011": "13.36",
        "201012": "13.77",
        "201101": "13.38",
        "201102": "13.01",
        "201103": "11.68",
        "201104": "11.26",
        "201105": "11.75",
        "201106": "11.62",
        "201107": "11.14",
        "201108": "9.88",
        "201109": "8.45",
        "201110": "8.60",
        "201111": "8.54",
        "201112": "7.98",
        "201201": "8.38",
        "201202": "9.72",
        "201203": "10.63",
        "201204": "10.78",
        "201205": "11.37",
        "201206": "10.50",
        "201207": "10.83",
        "201208": "11.05",
        "201209": "10.56",
        "201210": "9.79",
        "201211": "9.18",
        "201212": "9.61",
        "201301": "9.83",
        "201302": "9.96",
        "201303": "9.98",
        "201304": "10.44",
        "201305": "12.28",
        "201306": "13.54",
        "201307": "15.44",
        "201308": "16.69",
        "201309": "16.15",
        "201310": "16.39",
        "201311": "17.35",
        "201312": "18.79",
        "201401": "18.81",
        "201402": "18.78",
        "201403": "20.12",
        "201404": "20.22",
        "201405": "18.28",
        "201406": "17.60",
        "201407": "17.41",
        "201408": "16.51",
        "201409": "13.52",
        "201410": "11.79",
        "201411": "10.80",
        "201412": "11.82",
        "201501": "12.10",
        "201502": "12.12",
        "201503": "12.02",
        "201504": "13.06",
        "201505": "14.14",
        "201506": "12.45",
        "201507": "11.13",
        "201508": "10.33",
        "201509": "9.67",
        "201510": "9.58",
        "201511": "9.95",
        "201512": "10.21",
        "201601": "9.60",
        "201602": "9.38",
        "201603": "9.45",
        "201604": "9.20",
        "201605": "8.77",
        "201606": "8.54",
        "201607": "8.41",
        "201608": "8.46",
        "201609": "8.50",
        "201610": "8.07",
        "201611": "7.91",
        "201612": "8.18",
        "201701": "8.10",
        "201702": "8.31",
        "201703": "8.69",
        "201704": "8.65",
        "201705": "8.67",
        "201706": "9.15",
        "201707": "8.93",
        "201708": "8.74",
        "201709": "8.53",
        "201710": "8.46",
        "201711": "8.35",
        "201712": "8.55",
        "201801": "8.57",
        "201802": "8.09",
        "201803": "8.22",
        "201804": "9.38",
        "201805": "9.13",
        "201806": "9.22",
        "201807": "9.15",
        "201808": "9.37",
        "201809": "9.48",
        "201810": "9.09",
        "201811": "8.84",
        "201812": "8.56",
        "201901": "8.54",
        "201902": "8.66",
        "201903": "8.52",
        "201904": "8.34",
        "201905": "8.14",
        "201906": "8.24",
        "201907": "8.47",
        "201908": "9.21",
        "201909": "12.06",
        "201910": "12.77",
        "201911": "12.48",
        "201912": "12.28",
        "202001": "12.39",
        "202002": "12.45",
        "202003": "9.97",
        "202004": "10.15",
        "202005": "10.78",
        "202006": "11.76",
        "202007": "12.26",
        "202008": "12.39",
        "202009": "11.71",
        "202010": "11.13",
        "202011": "11.67",
        "202012": "13.15",
        "202101": "12.38",
        "202102": "12.69",
        "202103": "13.50",
        "202104": "13.94",
        "202105": "12.22",
        "202106": "12.50",
        "202107": "12.01",
        "202108": "11.80",
        "202109": "10.79",
        "202110": "10.54",
        "202111": "10.77",
        "202112": "10.61",
        "202201": "10.53",
        "202202": "10.44",
        "202203": "10.31",
        "202204": "10.25",
        "202205": "10.14",
        "202206": "10.22",
        "202207": "10.07",
        "202208": "10.40",
        "202209": "10.22",
        "202210": "9.87",
        "202211": "10.06",
        "202212": "10.36",
        "202301": "10.39",
        "202302": "10.50",
        "202303": "11.10",
        "202304": "11.14",
        "202305": "11.77",
        "202306": "12.22",
        "202307": "12.69",
        "202308": "12.47",
        "202309": "11.55",
        "202310": "11.23",
        "202311": "11.26",
        "202312": "11.79"
    },
    "quarters": {
        "20011": {
            "year_quarter": 20011,
            "year": 2001,
            "quarter": 1,
            "eps": 0.21,
            "eps_growth_year": null,
            "eps_4q": 0.45,
            "eps_4q_growth_year": 70.11,
            "roe": 1.57,
            "roe_4q": 1.57,
            "gross_profit": 27112,
            "gross_margin": 4,
            "gross_margin_4q_avg": 4,
            "net_income": 37002,
            "net_income_4q": null,
            "revenue": 677904,
            "revenue_4q": null,
            "common_shares": 1847422,
            "book_valuer_per_share": 12.83,
            "book_valuer_per_share_4q_avg": 12.83,
            "equity": 2369955,
            "current_ratio": 204.89,
            "debt_ratio": 26.68,
            "inventory_turnover_ratio": 0.95,
            "account_receivable_turnover_ratio": null,
            "reinvestment_rate": null,
            "research_to_sale_ratio": null,
            "price_fair": 0,
            "eps_avg_yearly": 0,
            "eps_latest_yearly": 0,
            "eps_growth_yearly": 0
        },
        "20012": {
            "year_quarter": 20012,
            "year": 2001,
            "quarter": 2,
            "eps": -0.41,
            "eps_growth_year": null,
            "eps_4q": 0.11,
            "eps_4q_growth_year": null,
            "roe": -3.27,
            "roe_4q": -1.7,
            "gross_profit": 33800,
            "gross_margin": 5.73,
            "gross_margin_4q_avg": 4.87,
            "net_income": -74216,
            "net_income_4q": null,
            "revenue": 589794,
            "revenue_4q": null,
            "common_shares": 1847422,
            "book_valuer_per_share": 11.75,
            "book_valuer_per_share_4q_avg": 12.29,
            "equity": 2170516,
            "current_ratio": 176.61,
            "debt_ratio": 31.68,
            "inventory_turnover_ratio": 0.85,
            "account_receivable_turnover_ratio": null,
            "reinvestment_rate": null,
            "research_to_sale_ratio": null,
            "price_fair": 0,
            "eps_avg_yearly": 0,
            "eps_latest_yearly": 0,
            "eps_growth_yearly": 0
        },
        "20013": {
            "year_quarter": 20013,
            "year": 2001,
            "quarter": 3,
            "eps": 0.08,
            "eps_growth_year": -42.86,
            "eps_4q": 0.04,
            "eps_4q_growth_year": null,
            "roe": 0.71,
            "roe_4q": -0.99,
            "gross_profit": 58255,
            "gross_margin": 7.49,
            "gross_margin_4q_avg": 5.74,
            "net_income": 15234,
            "net_income_4q": null,
            "revenue": 777735,
            "revenue_4q": null,
            "common_shares": 1847421,
            "book_valuer_per_share": 11.34,
            "book_valuer_per_share_4q_avg": 11.97,
            "equity": 2095587,
            "current_ratio": 165.48,
            "debt_ratio": 33.49,
            "inventory_turnover_ratio": 0.84,
            "account_receivable_turnover_ratio": null,
            "reinvestment_rate": null,
            "research_to_sale_ratio": null,
            "price_fair": 0,
            "eps_avg_yearly": 0,
            "eps_latest_yearly": 0,
            "eps_growth_yearly": 0
        },
        "20014": {
            "year_quarter": 20014,
            "year": 2001,
            "quarter": 4,
            "eps": -0.62,
            "eps_growth_year": -513.33,
            "eps_4q": -0.58,
            "eps_4q_growth_year": -409.55,
            "roe": -5.4,
            "roe_4q": -6.390000000000001,
            "gross_profit": 30880,
            "gross_margin": 3.71,
            "gross_margin_4q_avg": 5.23,
            "net_income": -111856,
            "net_income_4q": null,
            "revenue": 831341,
            "revenue_4q": null,
            "common_shares": 1847422,
            "book_valuer_per_share": 9.91,
            "book_valuer_per_share_4q_avg": 11.46,
            "equity": 2048795,
            "current_ratio": 144.63,
            "debt_ratio": 43.25,
            "inventory_turnover_ratio": 0.91,
            "account_receivable_turnover_ratio": null,
            "reinvestment_rate": null,
            "research_to_sale_ratio": null,
            "price_fair": 0,
            "eps_avg_yearly": 0,
            "eps_latest_yearly": 0,
            "eps_growth_yearly": 0
        },
        "20021": {
            "year_quarter": 20021,
            "year": 2002,
            "quarter": 1,
            "eps": -0.26,
            "eps_growth_year": -223.81,
            "eps_4q": -1.42,
            "eps_4q_growth_year": -417.19,
            "roe": -1.99,
            "roe_4q": -9.950000000000001,
            "gross_profit": 10907,
            "gross_margin": 1.95,
            "gross_margin_4q_avg": 4.72,
            "net_income": -38205,
            "net_income_4q": null,
            "revenue": 559631,
            "revenue_4q": null,
            "common_shares": 1847422,
            "book_valuer_per_share": 9.65,
            "book_valuer_per_share_4q_avg": 10.66,
            "equity": 1782847,
            "current_ratio": 152.24,
            "debt_ratio": 35.92,
            "inventory_turnover_ratio": 0.75,
            "account_receivable_turnover_ratio": null,
            "reinvestment_rate": null,
            "research_to_sale_ratio": null,
            "price_fair": 0,
            "eps_avg_yearly": 0,
            "eps_latest_yearly": 0,
            "eps_growth_yearly": 0
        },
        "20022": {
            "year_quarter": 20022,
            "year": 2002,
            "quarter": 2,
            "eps": -0.1,
            "eps_growth_year": null,
            "eps_4q": -0.81,
            "eps_4q_growth_year": -834.35,
            "roe": -0.86,
            "roe_4q": -7.54,
            "gross_profit": 51329,
            "gross_margin": 7.62,
            "gross_margin_4q_avg": 5.19,
            "net_income": -15230,
            "net_income_4q": null,
            "revenue": 673848,
            "revenue_4q": null,
            "common_shares": 1847422,
            "book_valuer_per_share": 9.59,
            "book_valuer_per_share_4q_avg": 10.12,
            "equity": 1771350,
            "current_ratio": 141.72,
            "debt_ratio": 35,
            "inventory_turnover_ratio": 1.18,
            "account_receivable_turnover_ratio": null,
            "reinvestment_rate": null,
            "research_to_sale_ratio": null,
            "price_fair": 0,
            "eps_avg_yearly": 0,
            "eps_latest_yearly": 0,
            "eps_growth_yearly": 0
        },
        "20023": {
            "year_quarter": 20023,
            "year": 2002,
            "quarter": 3,
            "eps": 0.23,
            "eps_growth_year": 187.5,
            "eps_4q": -0.91,
            "eps_4q_growth_year": -2454.36,
            "roe": 1.87,
            "roe_4q": -6.38,
            "gross_profit": 71118,
            "gross_margin": 8.25,
            "gross_margin_4q_avg": 5.38,
            "net_income": 33487,
            "net_income_4q": null,
            "revenue": 862454,
            "revenue_4q": null,
            "common_shares": 1847422,
            "book_valuer_per_share": 9.78,
            "book_valuer_per_share_4q_avg": 9.73,
            "equity": 1807209,
            "current_ratio": 147.28,
            "debt_ratio": 36.24,
            "inventory_turnover_ratio": 1.72,
            "account_receivable_turnover_ratio": null,
            "reinvestment_rate": null,
            "research_to_sale_ratio": null,
            "price_fair": 0,
            "eps_avg_yearly": 0,
            "eps_latest_yearly": 0,
            "eps_growth_yearly": 0
        },
        "20024": {
            "year_quarter": 20024,
            "year": 2002,
            "quarter": 4,
            "eps": 0.15,
            "eps_growth_year": null,
            "eps_4q": 0.02,
            "eps_4q_growth_year": null,
            "roe": 1.18,
            "roe_4q": 0.19999999999999996,
            "gross_profit": 109073,
            "gross_margin": 10.5,
            "gross_margin_4q_avg": 7.08,
            "net_income": 22718,
            "net_income_4q": null,
            "revenue": 1038532,
            "revenue_4q": null,
            "common_shares": 1847422,
            "book_valuer_per_share": 9.88,
            "book_valuer_per_share_4q_avg": 9.73,
            "equity": 2058843,
            "current_ratio": 146.71,
            "debt_ratio": 42.38,
            "inventory_turnover_ratio": 1.75,
            "account_receivable_turnover_ratio": null,
            "reinvestment_rate": null,
            "research_to_sale_ratio": null,
            "price_fair": 1.8,
            "eps_avg_yearly": 0.6,
            "eps_latest_yearly": 0.6,
            "eps_growth_yearly": -139.13
        },
        "20031": {
            "year_quarter": 20031,
            "year": 2003,
            "quarter": 1,
            "eps": -0.08,
            "eps_growth_year": null,
            "eps_4q": 0.21,
            "eps_4q_growth_year": null,
            "roe": -0.58,
            "roe_4q": 1.6100000000000003,
            "gross_profit": 37847,
            "gross_margin": 5.99,
            "gross_margin_4q_avg": 8.09,
            "net_income": -11145,
            "net_income_4q": null,
            "revenue": 631586,
            "revenue_4q": null,
            "common_shares": 1847422,
            "book_valuer_per_share": 9.82,
            "book_valuer_per_share_4q_avg": 9.77,
            "equity": 1813556,
            "current_ratio": 169.46,
            "debt_ratio": 33.8,
            "inventory_turnover_ratio": 1.04,
            "account_receivable_turnover_ratio": null,
            "reinvestment_rate": null,
            "research_to_sale_ratio": null,
            "price_fair": 1.8,
            "eps_avg_yearly": 0.6,
            "eps_latest_yearly": 0.6,
            "eps_growth_yearly": -139.13
        },
        "20032": {
            "year_quarter": 20032,
            "year": 2003,
            "quarter": 2,
            "eps": 0.29,
            "eps_growth_year": null,
            "eps_4q": 0.6,
            "eps_4q_growth_year": null,
            "roe": 2.34,
            "roe_4q": 4.81,
            "gross_profit": 91781,
            "gross_margin": 13.09,
            "gross_margin_4q_avg": 9.46,
            "net_income": 42720,
            "net_income_4q": null,
            "revenue": 700956,
            "revenue_4q": null,
            "common_shares": 1847422,
            "book_valuer_per_share": 9.97,
            "book_valuer_per_share_4q_avg": 9.86,
            "equity": 1842565,
            "current_ratio": 166.69,
            "debt_ratio": 36.47,
            "inventory_turnover_ratio": 0.97,
            "account_receivable_turnover_ratio": null,
            "reinvestment_rate": null,
            "research_to_sale_ratio": null,
            "price_fair": 1.8,
            "eps_avg_yearly": 0.6,
            "eps_latest_yearly": 0.6,
            "eps_growth_yearly": -139.13
        },
        "20033": {
            "year_quarter": 20033,
            "year": 2003,
            "quarter": 3,
            "eps": -0.2,
            "eps_growth_year": -186.96,
            "eps_4q": 0.14,
            "eps_4q_growth_year": null,
            "roe": -1.6,
            "roe_4q": 1.3399999999999999,
            "gross_profit": 27274,
            "gross_margin": 3.7,
            "gross_margin_4q_avg": 8.32,
            "net_income": -29260,
            "net_income_4q": null,
            "revenue": 736829,
            "revenue_4q": null,
            "common_shares": 1847422,
            "book_valuer_per_share": 9.81,
            "book_valuer_per_share_4q_avg": 9.87,
            "equity": 1812522,
            "current_ratio": 159.15,
            "debt_ratio": 38.35,
            "inventory_turnover_ratio": 1.04,
            "account_receivable_turnover_ratio": null,
            "reinvestment_rate": null,
            "research_to_sale_ratio": null,
            "price_fair": 1.8,
            "eps_avg_yearly": 0.6,
            "eps_latest_yearly": 0.6,
            "eps_growth_yearly": -139.13
        },
        "20034": {
            "year_quarter": 20034,
            "year": 2003,
            "quarter": 4,
            "eps": -1.26,
            "eps_growth_year": -940,
            "eps_4q": -0.92,
            "eps_4q_growth_year": -5111.95,
            "roe": -10.2,
            "roe_4q": -10.04,
            "gross_profit": -142917,
            "gross_margin": -15.8,
            "gross_margin_4q_avg": 1.75,
            "net_income": -185449,
            "net_income_4q": null,
            "revenue": 904345,
            "revenue_4q": null,
            "common_shares": 1793422,
            "book_valuer_per_share": 9.17,
            "book_valuer_per_share_4q_avg": 9.69,
            "equity": 1822347,
            "current_ratio": 144.01,
            "debt_ratio": 42.83,
            "inventory_turnover_ratio": 1.73,
            "account_receivable_turnover_ratio": null,
            "reinvestment_rate": null,
            "research_to_sale_ratio": null,
            "price_fair": 1.8,
            "eps_avg_yearly": 0.6,
            "eps_latest_yearly": 0.6,
            "eps_growth_yearly": -139.13
        },
        "20041": {
            "year_quarter": 20041,
            "year": 2004,
            "quarter": 1,
            "eps": -0.17,
            "eps_growth_year": null,
            "eps_4q": -1.36,
            "eps_4q_growth_year": -735.73,
            "roe": -1.43,
            "roe_4q": -10.889999999999999,
            "gross_profit": 17053,
            "gross_margin": 3.6,
            "gross_margin_4q_avg": 1.15,
            "net_income": -24544,
            "net_income_4q": null,
            "revenue": 473761,
            "revenue_4q": null,
            "common_shares": 1793422,
            "book_valuer_per_share": 9.01,
            "book_valuer_per_share_4q_avg": 9.49,
            "equity": 1615181,
            "current_ratio": 143.34,
            "debt_ratio": 38.13,
            "inventory_turnover_ratio": 0.86,
            "account_receivable_turnover_ratio": null,
            "reinvestment_rate": null,
            "research_to_sale_ratio": null,
            "price_fair": 1.8,
            "eps_avg_yearly": 0.6,
            "eps_latest_yearly": 0.6,
            "eps_growth_yearly": -139.13
        },
        "20042": {
            "year_quarter": 20042,
            "year": 2004,
            "quarter": 2,
            "eps": -0.1,
            "eps_growth_year": -134.48,
            "eps_4q": -1.41,
            "eps_4q_growth_year": -337.41,
            "roe": -0.9,
            "roe_4q": -14.129999999999999,
            "gross_profit": 17148,
            "gross_margin": 2.2,
            "gross_margin_4q_avg": -1.58,
            "net_income": -14458,
            "net_income_4q": null,
            "revenue": 778790,
            "revenue_4q": null,
            "common_shares": 1793422,
            "book_valuer_per_share": 8.95,
            "book_valuer_per_share_4q_avg": 9.24,
            "equity": 1605175,
            "current_ratio": 131.34,
            "debt_ratio": 43.99,
            "inventory_turnover_ratio": 1.26,
            "account_receivable_turnover_ratio": null,
            "reinvestment_rate": null,
            "research_to_sale_ratio": null,
            "price_fair": 1.8,
            "eps_avg_yearly": 0.6,
            "eps_latest_yearly": 0.6,
            "eps_growth_yearly": -139.13
        },
        "20043": {
            "year_quarter": 20043,
            "year": 2004,
            "quarter": 3,
            "eps": -0.1,
            "eps_growth_year": null,
            "eps_4q": -1.34,
            "eps_4q_growth_year": -1085.53,
            "roe": -0.94,
            "roe_4q": -13.469999999999999,
            "gross_profit": 24487,
            "gross_margin": 2.97,
            "gross_margin_4q_avg": -1.76,
            "net_income": -15046,
            "net_income_4q": null,
            "revenue": 823210,
            "revenue_4q": null,
            "common_shares": 1793422,
            "book_valuer_per_share": 8.8,
            "book_valuer_per_share_4q_avg": 8.98,
            "equity": 1579091,
            "current_ratio": 131.73,
            "debt_ratio": 41.85,
            "inventory_turnover_ratio": 1.17,
            "account_receivable_turnover_ratio": null,
            "reinvestment_rate": null,
            "research_to_sale_ratio": null,
            "price_fair": 1.8,
            "eps_avg_yearly": 0.6,
            "eps_latest_yearly": 0.6,
            "eps_growth_yearly": -139.13
        },
        "20044": {
            "year_quarter": 20044,
            "year": 2004,
            "quarter": 4,
            "eps": 0.44,
            "eps_growth_year": null,
            "eps_4q": 0.07,
            "eps_4q_growth_year": null,
            "roe": 3.89,
            "roe_4q": 0.6200000000000003,
            "gross_profit": 137835,
            "gross_margin": 9.23,
            "gross_margin_4q_avg": 4.5,
            "net_income": 64974,
            "net_income_4q": null,
            "revenue": 1493731,
            "revenue_4q": null,
            "common_shares": 1793422,
            "book_valuer_per_share": 9.07,
            "book_valuer_per_share_4q_avg": 8.96,
            "equity": 1758464,
            "current_ratio": 136.71,
            "debt_ratio": 50.16,
            "inventory_turnover_ratio": 1.64,
            "account_receivable_turnover_ratio": null,
            "reinvestment_rate": null,
            "research_to_sale_ratio": null,
            "price_fair": 1.8,
            "eps_avg_yearly": 0.6,
            "eps_latest_yearly": 0.6,
            "eps_growth_yearly": -139.13
        },
        "20051": {
            "year_quarter": 20051,
            "year": 2005,
            "quarter": 1,
            "eps": -0.99,
            "eps_growth_year": null,
            "eps_4q": -0.75,
            "eps_4q_growth_year": null,
            "roe": -9.01,
            "roe_4q": -6.959999999999999,
            "gross_profit": 41000,
            "gross_margin": 4.38,
            "gross_margin_4q_avg": 4.7,
            "net_income": -145728,
            "net_income_4q": null,
            "revenue": 937145,
            "revenue_4q": null,
            "common_shares": 1793422,
            "book_valuer_per_share": 8.24,
            "book_valuer_per_share_4q_avg": 8.77,
            "equity": 1477851,
            "current_ratio": 142.95,
            "debt_ratio": 42.73,
            "inventory_turnover_ratio": 1.17,
            "account_receivable_turnover_ratio": null,
            "reinvestment_rate": null,
            "research_to_sale_ratio": null,
            "price_fair": 1.8,
            "eps_avg_yearly": 0.6,
            "eps_latest_yearly": 0.6,
            "eps_growth_yearly": -139.13
        },
        "20052": {
            "year_quarter": 20052,
            "year": 2005,
            "quarter": 2,
            "eps": -0.19,
            "eps_growth_year": null,
            "eps_4q": -0.69,
            "eps_4q_growth_year": null,
            "roe": -1.9,
            "roe_4q": -7.959999999999999,
            "gross_profit": 39654,
            "gross_margin": 4.22,
            "gross_margin_4q_avg": 5.2,
            "net_income": -27771,
            "net_income_4q": null,
            "revenue": 939656,
            "revenue_4q": null,
            "common_shares": 1793422,
            "book_valuer_per_share": 8.1,
            "book_valuer_per_share_4q_avg": 8.55,
            "equity": 1452360,
            "current_ratio": 141.81,
            "debt_ratio": 43.42,
            "inventory_turnover_ratio": 1.46,
            "account_receivable_turnover_ratio": null,
            "reinvestment_rate": null,
            "research_to_sale_ratio": null,
            "price_fair": 1.8,
            "eps_avg_yearly": 0.6,
            "eps_latest_yearly": 0.6,
            "eps_growth_yearly": -139.13
        },
        "20053": {
            "year_quarter": 20053,
            "year": 2005,
            "quarter": 3,
            "eps": -0.06,
            "eps_growth_year": null,
            "eps_4q": -0.65,
            "eps_4q_growth_year": null,
            "roe": -0.6,
            "roe_4q": -7.619999999999999,
            "gross_profit": 43152,
            "gross_margin": 8.49,
            "gross_margin_4q_avg": 6.58,
            "net_income": -8745,
            "net_income_4q": null,
            "revenue": 508181,
            "revenue_4q": null,
            "common_shares": 1793422,
            "book_valuer_per_share": 8.09,
            "book_valuer_per_share_4q_avg": 8.38,
            "equity": 1450344,
            "current_ratio": 143.13,
            "debt_ratio": 42.87,
            "inventory_turnover_ratio": 0.79,
            "account_receivable_turnover_ratio": null,
            "reinvestment_rate": null,
            "research_to_sale_ratio": null,
            "price_fair": 1.8,
            "eps_avg_yearly": 0.6,
            "eps_latest_yearly": 0.6,
            "eps_growth_yearly": -139.13
        },
        "20054": {
            "year_quarter": 20054,
            "year": 2005,
            "quarter": 4,
            "eps": -2.4,
            "eps_growth_year": -645.45,
            "eps_4q": -3.57,
            "eps_4q_growth_year": -4930.69,
            "roe": -26.37,
            "roe_4q": -37.88,
            "gross_profit": -55015,
            "gross_margin": -12.21,
            "gross_margin_4q_avg": 1.22,
            "net_income": -353751,
            "net_income_4q": null,
            "revenue": 450556,
            "revenue_4q": null,
            "common_shares": 1793422,
            "book_valuer_per_share": 6.22,
            "book_valuer_per_share_4q_avg": 7.66,
            "equity": 1232670,
            "current_ratio": 145.98,
            "debt_ratio": 45.57,
            "inventory_turnover_ratio": 1.17,
            "account_receivable_turnover_ratio": null,
            "reinvestment_rate": null,
            "research_to_sale_ratio": null,
            "price_fair": 1.8,
            "eps_avg_yearly": 0.6,
            "eps_latest_yearly": 0.6,
            "eps_growth_yearly": -139.13
        },
        "20061": {
            "year_quarter": 20061,
            "year": 2006,
            "quarter": 1,
            "eps": 0.2,
            "eps_growth_year": null,
            "eps_4q": -2.4,
            "eps_4q_growth_year": null,
            "roe": 2.53,
            "roe_4q": -26.34,
            "gross_profit": 74447,
            "gross_margin": 18.64,
            "gross_margin_4q_avg": 4.79,
            "net_income": 30016,
            "net_income_4q": null,
            "revenue": 399343,
            "revenue_4q": null,
            "common_shares": 1793422,
            "book_valuer_per_share": 6.38,
            "book_valuer_per_share_4q_avg": 7.2,
            "equity": 1143544,
            "current_ratio": 178.96,
            "debt_ratio": 38.64,
            "inventory_turnover_ratio": 0.89,
            "account_receivable_turnover_ratio": null,
            "reinvestment_rate": null,
            "research_to_sale_ratio": null,
            "price_fair": 1.8,
            "eps_avg_yearly": 0.6,
            "eps_latest_yearly": 0.6,
            "eps_growth_yearly": -139.13
        },
        "20062": {
            "year_quarter": 20062,
            "year": 2006,
            "quarter": 2,
            "eps": -0.16,
            "eps_growth_year": null,
            "eps_4q": -1.98,
            "eps_4q_growth_year": null,
            "roe": -2.07,
            "roe_4q": -26.51,
            "gross_profit": 34791,
            "gross_margin": 9.31,
            "gross_margin_4q_avg": 6.06,
            "net_income": -23452,
            "net_income_4q": null,
            "revenue": 373655,
            "revenue_4q": null,
            "common_shares": 1793422,
            "book_valuer_per_share": 6.27,
            "book_valuer_per_share_4q_avg": 6.74,
            "equity": 1124432,
            "current_ratio": 190.37,
            "debt_ratio": 36.74,
            "inventory_turnover_ratio": 0.9,
            "account_receivable_turnover_ratio": null,
            "reinvestment_rate": null,
            "research_to_sale_ratio": null,
            "price_fair": 1.8,
            "eps_avg_yearly": 0.6,
            "eps_latest_yearly": 0.6,
            "eps_growth_yearly": -139.13
        },
        "20063": {
            "year_quarter": 20063,
            "year": 2006,
            "quarter": 3,
            "eps": 0.01,
            "eps_growth_year": null,
            "eps_4q": -1.93,
            "eps_4q_growth_year": null,
            "roe": 0.16,
            "roe_4q": -25.75,
            "gross_profit": 33243,
            "gross_margin": 11.84,
            "gross_margin_4q_avg": 6.9,
            "net_income": 1812,
            "net_income_4q": null,
            "revenue": 280822,
            "revenue_4q": null,
            "common_shares": 1793422,
            "book_valuer_per_share": 6.28,
            "book_valuer_per_share_4q_avg": 6.29,
            "equity": 1125966,
            "current_ratio": 216.33,
            "debt_ratio": 38,
            "inventory_turnover_ratio": 0.57,
            "account_receivable_turnover_ratio": null,
            "reinvestment_rate": null,
            "research_to_sale_ratio": null,
            "price_fair": 1.8,
            "eps_avg_yearly": 0.6,
            "eps_latest_yearly": 0.6,
            "eps_growth_yearly": -139.13
        },
        "20064": {
            "year_quarter": 20064,
            "year": 2006,
            "quarter": 4,
            "eps": -0.03,
            "eps_growth_year": null,
            "eps_4q": 0.05,
            "eps_4q_growth_year": null,
            "roe": -0.37,
            "roe_4q": 0.25,
            "gross_profit": 47244,
            "gross_margin": 17.88,
            "gross_margin_4q_avg": 14.42,
            "net_income": -4419,
            "net_income_4q": null,
            "revenue": 264215,
            "revenue_4q": null,
            "common_shares": 1793422,
            "book_valuer_per_share": 6.37,
            "book_valuer_per_share_4q_avg": 6.33,
            "equity": 1247556,
            "current_ratio": 211.23,
            "debt_ratio": 39.57,
            "inventory_turnover_ratio": 0.37,
            "account_receivable_turnover_ratio": null,
            "reinvestment_rate": null,
            "research_to_sale_ratio": null,
            "price_fair": 0,
            "eps_avg_yearly": 0,
            "eps_latest_yearly": 0,
            "eps_growth_yearly": 0
        },
        "20071": {
            "year_quarter": 20071,
            "year": 2007,
            "quarter": 1,
            "eps": 0.04,
            "eps_growth_year": -80,
            "eps_4q": -0.12,
            "eps_4q_growth_year": null,
            "roe": 0.55,
            "roe_4q": -1.7299999999999998,
            "gross_profit": 27626,
            "gross_margin": 9,
            "gross_margin_4q_avg": 12.01,
            "net_income": 6559,
            "net_income_4q": null,
            "revenue": 306784,
            "revenue_4q": null,
            "common_shares": 1793422,
            "book_valuer_per_share": 6.42,
            "book_valuer_per_share_4q_avg": 6.34,
            "equity": 1150594,
            "current_ratio": 156.96,
            "debt_ratio": 49.04,
            "inventory_turnover_ratio": 0.3,
            "account_receivable_turnover_ratio": null,
            "reinvestment_rate": null,
            "research_to_sale_ratio": null,
            "price_fair": 0,
            "eps_avg_yearly": 0,
            "eps_latest_yearly": 0,
            "eps_growth_yearly": 0
        },
        "20072": {
            "year_quarter": 20072,
            "year": 2007,
            "quarter": 2,
            "eps": -0.12,
            "eps_growth_year": null,
            "eps_4q": -0.08,
            "eps_4q_growth_year": null,
            "roe": -1.61,
            "roe_4q": -1.2700000000000002,
            "gross_profit": -20740,
            "gross_margin": -9.13,
            "gross_margin_4q_avg": 7.4,
            "net_income": -18415,
            "net_income_4q": null,
            "revenue": 227115,
            "revenue_4q": null,
            "common_shares": 1793422,
            "book_valuer_per_share": 6.33,
            "book_valuer_per_share_4q_avg": 6.35,
            "equity": 1134571,
            "current_ratio": 137.08,
            "debt_ratio": 58.92,
            "inventory_turnover_ratio": 0.18,
            "account_receivable_turnover_ratio": null,
            "reinvestment_rate": null,
            "research_to_sale_ratio": null,
            "price_fair": 0,
            "eps_avg_yearly": 0,
            "eps_latest_yearly": 0,
            "eps_growth_yearly": 0
        },
        "20073": {
            "year_quarter": 20073,
            "year": 2007,
            "quarter": 3,
            "eps": 0.54,
            "eps_growth_year": 5300,
            "eps_4q": 0.43,
            "eps_4q_growth_year": null,
            "roe": 6.88,
            "roe_4q": 5.449999999999999,
            "gross_profit": 47984,
            "gross_margin": 14.95,
            "gross_margin_4q_avg": 8.18,
            "net_income": 80422,
            "net_income_4q": null,
            "revenue": 320907,
            "revenue_4q": null,
            "common_shares": 1793422,
            "book_valuer_per_share": 6.7,
            "book_valuer_per_share_4q_avg": 6.46,
            "equity": 1201889,
            "current_ratio": 138.33,
            "debt_ratio": 57.21,
            "inventory_turnover_ratio": 0.16,
            "account_receivable_turnover_ratio": null,
            "reinvestment_rate": null,
            "research_to_sale_ratio": null,
            "price_fair": 0,
            "eps_avg_yearly": 0,
            "eps_latest_yearly": 0,
            "eps_growth_yearly": 0
        },
        "20074": {
            "year_quarter": 20074,
            "year": 2007,
            "quarter": 4,
            "eps": 0.12,
            "eps_growth_year": null,
            "eps_4q": 0.57,
            "eps_4q_growth_year": 1167.4,
            "roe": 1.45,
            "roe_4q": 7.27,
            "gross_profit": 84264,
            "gross_margin": 16.57,
            "gross_margin_4q_avg": 7.85,
            "net_income": 18218,
            "net_income_4q": null,
            "revenue": 508633,
            "revenue_4q": null,
            "common_shares": 1793422,
            "book_valuer_per_share": 6.76,
            "book_valuer_per_share_4q_avg": 6.55,
            "equity": 1312960,
            "current_ratio": 141.92,
            "debt_ratio": 58.59,
            "inventory_turnover_ratio": 0.24,
            "account_receivable_turnover_ratio": null,
            "reinvestment_rate": null,
            "research_to_sale_ratio": null,
            "price_fair": 1.44,
            "eps_avg_yearly": 0.48,
            "eps_latest_yearly": 0.48,
            "eps_growth_yearly": -311.11
        },
        "20081": {
            "year_quarter": 20081,
            "year": 2008,
            "quarter": 1,
            "eps": 0.14,
            "eps_growth_year": 250,
            "eps_4q": 0.72,
            "eps_4q_growth_year": null,
            "roe": 1.49,
            "roe_4q": 8.21,
            "gross_profit": 70267,
            "gross_margin": 17.94,
            "gross_margin_4q_avg": 10.08,
            "net_income": 19630,
            "net_income_4q": null,
            "revenue": 391583,
            "revenue_4q": null,
            "common_shares": 1793422,
            "book_valuer_per_share": 6.85,
            "book_valuer_per_share_4q_avg": 6.66,
            "equity": 1327793,
            "current_ratio": 139.79,
            "debt_ratio": 60.4,
            "inventory_turnover_ratio": 0.16,
            "account_receivable_turnover_ratio": null,
            "reinvestment_rate": null,
            "research_to_sale_ratio": null,
            "price_fair": 1.56,
            "eps_avg_yearly": 0.52,
            "eps_latest_yearly": 0.56,
            "eps_growth_yearly": -122.22
        },
        "20082": {
            "year_quarter": 20082,
            "year": 2008,
            "quarter": 2,
            "eps": 0.04,
            "eps_growth_year": null,
            "eps_4q": 0.89,
            "eps_4q_growth_year": null,
            "roe": 0.42,
            "roe_4q": 10.24,
            "gross_profit": 40366,
            "gross_margin": 7.68,
            "gross_margin_4q_avg": 14.29,
            "net_income": 5622,
            "net_income_4q": null,
            "revenue": 525510,
            "revenue_4q": null,
            "common_shares": 1793422,
            "book_valuer_per_share": 6.91,
            "book_valuer_per_share_4q_avg": 6.81,
            "equity": 1344134,
            "current_ratio": 128.38,
            "debt_ratio": 66.61,
            "inventory_turnover_ratio": 0.22,
            "account_receivable_turnover_ratio": null,
            "reinvestment_rate": null,
            "research_to_sale_ratio": null,
            "price_fair": 1.2,
            "eps_avg_yearly": 0.4,
            "eps_latest_yearly": 0.16,
            "eps_growth_yearly": -176.72
        },
        "20083": {
            "year_quarter": 20083,
            "year": 2008,
            "quarter": 3,
            "eps": 0.57,
            "eps_growth_year": 5.56,
            "eps_4q": 0.88,
            "eps_4q_growth_year": 105.32,
            "roe": 5.98,
            "roe_4q": 9.34,
            "gross_profit": 155679,
            "gross_margin": 17.27,
            "gross_margin_4q_avg": 14.87,
            "net_income": 82954,
            "net_income_4q": null,
            "revenue": 901568,
            "revenue_4q": null,
            "common_shares": 1793422,
            "book_valuer_per_share": 7.41,
            "book_valuer_per_share_4q_avg": 6.98,
            "equity": 1430103,
            "current_ratio": 131.39,
            "debt_ratio": 65.59,
            "inventory_turnover_ratio": 0.32,
            "account_receivable_turnover_ratio": null,
            "reinvestment_rate": null,
            "research_to_sale_ratio": null,
            "price_fair": 30.45,
            "eps_avg_yearly": 0.87,
            "eps_latest_yearly": 2.28,
            "eps_growth_yearly": 1192.46
        },
        "20084": {
            "year_quarter": 20084,
            "year": 2008,
            "quarter": 4,
            "eps": 0.37,
            "eps_growth_year": 208.33,
            "eps_4q": 1.1,
            "eps_4q_growth_year": 92.87,
            "roe": 3.8,
            "roe_4q": 11.690000000000001,
            "gross_profit": 135376,
            "gross_margin": 14.31,
            "gross_margin_4q_avg": 14.3,
            "net_income": 55562,
            "net_income_4q": null,
            "revenue": 945944,
            "revenue_4q": null,
            "common_shares": 1793422,
            "book_valuer_per_share": 7.76,
            "book_valuer_per_share_4q_avg": 7.23,
            "equity": 1491421,
            "current_ratio": 130.07,
            "debt_ratio": 68.32,
            "inventory_turnover_ratio": 0.3,
            "account_receivable_turnover_ratio": 7.63,
            "reinvestment_rate": null,
            "research_to_sale_ratio": null,
            "price_fair": 34.72,
            "eps_avg_yearly": 0.99,
            "eps_latest_yearly": 1.48,
            "eps_growth_yearly": 925.9
        },
        "20091": {
            "year_quarter": 20091,
            "year": 2009,
            "quarter": 1,
            "eps": 0.6,
            "eps_growth_year": 328.57,
            "eps_4q": 1.6,
            "eps_4q_growth_year": 122.49,
            "roe": 5.69,
            "roe_4q": 15.89,
            "gross_profit": 149949,
            "gross_margin": 20.57,
            "gross_margin_4q_avg": 14.96,
            "net_income": 87508,
            "net_income_4q": null,
            "revenue": 728794,
            "revenue_4q": null,
            "common_shares": 1793422,
            "book_valuer_per_share": 8.28,
            "book_valuer_per_share_4q_avg": 7.59,
            "equity": 1583180,
            "current_ratio": 132.99,
            "debt_ratio": 66.99,
            "inventory_turnover_ratio": 0.19,
            "account_receivable_turnover_ratio": 3,
            "reinvestment_rate": null,
            "research_to_sale_ratio": null,
            "price_fair": 42.93,
            "eps_avg_yearly": 1.23,
            "eps_latest_yearly": 2.4,
            "eps_growth_yearly": 813.02
        },
        "20092": {
            "year_quarter": 20092,
            "year": 2009,
            "quarter": 2,
            "eps": 0.72,
            "eps_growth_year": 1700,
            "eps_4q": 2.27,
            "eps_4q_growth_year": 154.97,
            "roe": 6.49,
            "roe_4q": 21.96,
            "gross_profit": 174385,
            "gross_margin": 21.06,
            "gross_margin_4q_avg": 18.3,
            "net_income": 106196,
            "net_income_4q": null,
            "revenue": 827849,
            "revenue_4q": null,
            "common_shares": 1793422,
            "book_valuer_per_share": 8.87,
            "book_valuer_per_share_4q_avg": 8.08,
            "equity": 1687343,
            "current_ratio": 133.81,
            "debt_ratio": 67.67,
            "inventory_turnover_ratio": 0.19,
            "account_receivable_turnover_ratio": 4.49,
            "reinvestment_rate": 120.58,
            "research_to_sale_ratio": null,
            "price_fair": 51.2,
            "eps_avg_yearly": 1.46,
            "eps_latest_yearly": 2.88,
            "eps_growth_yearly": 708.31
        },
        "20093": {
            "year_quarter": 20093,
            "year": 2009,
            "quarter": 3,
            "eps": 0.84,
            "eps_growth_year": 47.37,
            "eps_4q": 2.56,
            "eps_4q_growth_year": 189.62,
            "roe": 7.03,
            "roe_4q": 23.01,
            "gross_profit": 196976,
            "gross_margin": 29.21,
            "gross_margin_4q_avg": 21.29,
            "net_income": 122868,
            "net_income_4q": null,
            "revenue": 674332,
            "revenue_4q": null,
            "common_shares": 1793422,
            "book_valuer_per_share": 9.56,
            "book_valuer_per_share_4q_avg": 8.62,
            "equity": 1809295,
            "current_ratio": 135.03,
            "debt_ratio": 67.12,
            "inventory_turnover_ratio": 0.13,
            "account_receivable_turnover_ratio": 4.23,
            "reinvestment_rate": 46.43,
            "research_to_sale_ratio": null,
            "price_fair": 59.5,
            "eps_avg_yearly": 1.7,
            "eps_latest_yearly": 3.36,
            "eps_growth_yearly": 628.1
        },
        "20094": {
            "year_quarter": 20094,
            "year": 2009,
            "quarter": 4,
            "eps": 0.89,
            "eps_growth_year": 140.54,
            "eps_4q": 3.06,
            "eps_4q_growth_year": 177.11,
            "roe": 6.42,
            "roe_4q": 25.63,
            "gross_profit": 202153,
            "gross_margin": 29.34,
            "gross_margin_4q_avg": 25.05,
            "net_income": 119432,
            "net_income_4q": null,
            "revenue": 688922,
            "revenue_4q": null,
            "common_shares": 1793422,
            "book_valuer_per_share": 12.37,
            "book_valuer_per_share_4q_avg": 9.77,
            "equity": 1912047,
            "current_ratio": 133.83,
            "debt_ratio": 67.71,
            "inventory_turnover_ratio": 0.12,
            "account_receivable_turnover_ratio": 6.4,
            "reinvestment_rate": 15.84,
            "research_to_sale_ratio": null,
            "price_fair": 66.73,
            "eps_avg_yearly": 1.91,
            "eps_latest_yearly": 3.56,
            "eps_growth_yearly": 560.96
        },
        "20101": {
            "year_quarter": 20101,
            "year": 2010,
            "quarter": 1,
            "eps": 0.73,
            "eps_growth_year": 21.67,
            "eps_4q": 3.09,
            "eps_4q_growth_year": 92.48,
            "roe": 5.38,
            "roe_4q": 25.32,
            "gross_profit": 215362,
            "gross_margin": 32.82,
            "gross_margin_4q_avg": 28.11,
            "net_income": 108949,
            "net_income_4q": null,
            "revenue": 656147,
            "revenue_4q": null,
            "common_shares": 1793422,
            "book_valuer_per_share": 13.43,
            "book_valuer_per_share_4q_avg": 11.06,
            "equity": 2134399,
            "current_ratio": 134.57,
            "debt_ratio": 67.66,
            "inventory_turnover_ratio": 0.1,
            "account_receivable_turnover_ratio": 3.32,
            "reinvestment_rate": 30.99,
            "research_to_sale_ratio": 0.26,
            "price_fair": 70.28,
            "eps_avg_yearly": 2.01,
            "eps_latest_yearly": 2.92,
            "eps_growth_yearly": 497.67
        },
        "20102": {
            "year_quarter": 20102,
            "year": 2010,
            "quarter": 2,
            "eps": 0.08,
            "eps_growth_year": -89.07,
            "eps_4q": 2.29,
            "eps_4q_growth_year": 0.7,
            "roe": 0.58,
            "roe_4q": 19.41,
            "gross_profit": 143545,
            "gross_margin": 18.24,
            "gross_margin_4q_avg": 27.4,
            "net_income": 12348,
            "net_income_4q": null,
            "revenue": 786800,
            "revenue_4q": null,
            "common_shares": 1793422,
            "book_valuer_per_share": 12.96,
            "book_valuer_per_share_4q_avg": 12.08,
            "equity": 2127165,
            "current_ratio": 129.45,
            "debt_ratio": 71.29,
            "inventory_turnover_ratio": 0.13,
            "account_receivable_turnover_ratio": 4.71,
            "reinvestment_rate": 30.6,
            "research_to_sale_ratio": 0.2,
            "price_fair": 64.91,
            "eps_avg_yearly": 1.85,
            "eps_latest_yearly": 0.32,
            "eps_growth_yearly": 420.05
        },
        "20103": {
            "year_quarter": 20103,
            "year": 2010,
            "quarter": 3,
            "eps": 0.44,
            "eps_growth_year": -47.67,
            "eps_4q": 1.99,
            "eps_4q_growth_year": -22.43,
            "roe": 3.32,
            "roe_4q": 15.7,
            "gross_profit": 125261,
            "gross_margin": 21.65,
            "gross_margin_4q_avg": 25.51,
            "net_income": 72003,
            "net_income_4q": null,
            "revenue": 578660,
            "revenue_4q": null,
            "common_shares": 1865159,
            "book_valuer_per_share": 12.99,
            "book_valuer_per_share_4q_avg": 12.94,
            "equity": 2213180,
            "current_ratio": 127,
            "debt_ratio": 73.79,
            "inventory_turnover_ratio": 0.09,
            "account_receivable_turnover_ratio": 3.41,
            "reinvestment_rate": 28.22,
            "research_to_sale_ratio": 0.26,
            "price_fair": 64.63,
            "eps_avg_yearly": 1.85,
            "eps_latest_yearly": 1.76,
            "eps_growth_yearly": 535.05
        },
        "20104": {
            "year_quarter": 20104,
            "year": 2010,
            "quarter": 4,
            "eps": -0.09,
            "eps_growth_year": -110.54,
            "eps_4q": 1.09,
            "eps_4q_growth_year": -64.32,
            "roe": -0.66,
            "roe_4q": 8.62,
            "gross_profit": 48596,
            "gross_margin": 8.4,
            "gross_margin_4q_avg": 20.28,
            "net_income": -14819,
            "net_income_4q": null,
            "revenue": 578561,
            "revenue_4q": null,
            "common_shares": 1865159,
            "book_valuer_per_share": 12.75,
            "book_valuer_per_share_4q_avg": 13.03,
            "equity": 2284930,
            "current_ratio": 143.76,
            "debt_ratio": 63.62,
            "inventory_turnover_ratio": 0.13,
            "account_receivable_turnover_ratio": 2.36,
            "reinvestment_rate": 23.74,
            "research_to_sale_ratio": 0.29,
            "price_fair": 64.63,
            "eps_avg_yearly": 1.85,
            "eps_latest_yearly": 1.76,
            "eps_growth_yearly": 535.05
        },
        "20111": {
            "year_quarter": 20111,
            "year": 2011,
            "quarter": 1,
            "eps": 0.13,
            "eps_growth_year": -82.19,
            "eps_4q": 0.56,
            "eps_4q_growth_year": -81.92,
            "roe": 1.02,
            "roe_4q": 4.26,
            "gross_profit": 55533,
            "gross_margin": 6.12,
            "gross_margin_4q_avg": 13.6,
            "net_income": 23498,
            "net_income_4q": null,
            "revenue": 907295,
            "revenue_4q": null,
            "common_shares": 1865159,
            "book_valuer_per_share": 12.89,
            "book_valuer_per_share_4q_avg": 12.9,
            "equity": 2309808,
            "current_ratio": 138.63,
            "debt_ratio": 66.69,
            "inventory_turnover_ratio": 0.26,
            "account_receivable_turnover_ratio": 2.37,
            "reinvestment_rate": 34.82,
            "research_to_sale_ratio": 0.17,
            "price_fair": 64.63,
            "eps_avg_yearly": 1.85,
            "eps_latest_yearly": 1.76,
            "eps_growth_yearly": 535.05
        },
        "20112": {
            "year_quarter": 20112,
            "year": 2011,
            "quarter": 2,
            "eps": 0.1,
            "eps_growth_year": 22.84,
            "eps_4q": 0.55,
            "eps_4q_growth_year": -75.74,
            "roe": 0.77,
            "roe_4q": 4.449999999999999,
            "gross_profit": 74999,
            "gross_margin": 6.51,
            "gross_margin_4q_avg": 10.67,
            "net_income": 17383,
            "net_income_4q": null,
            "revenue": 1152134,
            "revenue_4q": null,
            "common_shares": 1865159,
            "book_valuer_per_share": 12.31,
            "book_valuer_per_share_4q_avg": 12.74,
            "equity": 2210406,
            "current_ratio": 131.05,
            "debt_ratio": 71.66,
            "inventory_turnover_ratio": 0.29,
            "account_receivable_turnover_ratio": 2.24,
            "reinvestment_rate": 33.19,
            "research_to_sale_ratio": 0.17,
            "price_fair": 60.74,
            "eps_avg_yearly": 1.74,
            "eps_latest_yearly": 0.4,
            "eps_growth_yearly": 486.79
        },
        "20113": {
            "year_quarter": 20113,
            "year": 2011,
            "quarter": 3,
            "eps": 0.5,
            "eps_growth_year": 13.82,
            "eps_4q": 0.64,
            "eps_4q_growth_year": -68.01,
            "roe": 3.97,
            "roe_4q": 5.1,
            "gross_profit": 165679,
            "gross_margin": 10.72,
            "gross_margin_4q_avg": 7.94,
            "net_income": 89647,
            "net_income_4q": null,
            "revenue": 1545851,
            "revenue_4q": null,
            "common_shares": 1939765,
            "book_valuer_per_share": 12.44,
            "book_valuer_per_share_4q_avg": 12.6,
            "equity": 2307727,
            "current_ratio": 134.39,
            "debt_ratio": 69.77,
            "inventory_turnover_ratio": 0.36,
            "account_receivable_turnover_ratio": 2.78,
            "reinvestment_rate": 30.94,
            "research_to_sale_ratio": 0.12,
            "price_fair": 61.4,
            "eps_avg_yearly": 1.75,
            "eps_latest_yearly": 2,
            "eps_growth_yearly": 566.3
        },
        "20114": {
            "year_quarter": 20114,
            "year": 2011,
            "quarter": 4,
            "eps": 0.33,
            "eps_growth_year": null,
            "eps_4q": 1.05,
            "eps_4q_growth_year": -3.58,
            "roe": 2.45,
            "roe_4q": 8.209999999999999,
            "gross_profit": 141792,
            "gross_margin": 8.19,
            "gross_margin_4q_avg": 7.89,
            "net_income": 57347,
            "net_income_4q": null,
            "revenue": 1730903,
            "revenue_4q": null,
            "common_shares": 1939765,
            "book_valuer_per_share": 12.77,
            "book_valuer_per_share_4q_avg": 12.6,
            "equity": 2382221,
            "current_ratio": 132.68,
            "debt_ratio": 71.61,
            "inventory_turnover_ratio": 0.37,
            "account_receivable_turnover_ratio": 2.5,
            "reinvestment_rate": 16.03,
            "research_to_sale_ratio": 0.11,
            "price_fair": 63.5,
            "eps_avg_yearly": 1.81,
            "eps_latest_yearly": 1.32,
            "eps_growth_yearly": 578.81
        },
        "20121": {
            "year_quarter": 20121,
            "year": 2012,
            "quarter": 1,
            "eps": 0.53,
            "eps_growth_year": 307.69,
            "eps_4q": 1.45,
            "eps_4q_growth_year": 159.94,
            "roe": 3.78,
            "roe_4q": 10.97,
            "gross_profit": 154173,
            "gross_margin": 11.38,
            "gross_margin_4q_avg": 9.2,
            "net_income": 91699,
            "net_income_4q": null,
            "revenue": 1354361,
            "revenue_4q": null,
            "common_shares": 1939765,
            "book_valuer_per_share": 13.29,
            "book_valuer_per_share_4q_avg": 12.7,
            "equity": 2471421,
            "current_ratio": 138.6,
            "debt_ratio": 69.71,
            "inventory_turnover_ratio": 0.25,
            "account_receivable_turnover_ratio": 1.64,
            "reinvestment_rate": 14.73,
            "research_to_sale_ratio": 0.06,
            "price_fair": 67.4,
            "eps_avg_yearly": 1.93,
            "eps_latest_yearly": 2.12,
            "eps_growth_yearly": 591.36
        },
        "20122": {
            "year_quarter": 20122,
            "year": 2012,
            "quarter": 2,
            "eps": 0.21,
            "eps_growth_year": 118.31,
            "eps_4q": 1.56,
            "eps_4q_growth_year": 182,
            "roe": 1.51,
            "roe_4q": 11.71,
            "gross_profit": 100211,
            "gross_margin": 9.99,
            "gross_margin_4q_avg": 10.07,
            "net_income": 36387,
            "net_income_4q": null,
            "revenue": 1002872,
            "revenue_4q": null,
            "common_shares": 1939765,
            "book_valuer_per_share": 12.62,
            "book_valuer_per_share_4q_avg": 12.78,
            "equity": 2334375,
            "current_ratio": 136.34,
            "debt_ratio": 71.32,
            "inventory_turnover_ratio": 0.18,
            "account_receivable_turnover_ratio": 1.47,
            "reinvestment_rate": 14.47,
            "research_to_sale_ratio": 0.1,
            "price_fair": 69.1,
            "eps_avg_yearly": 1.97,
            "eps_latest_yearly": 0.84,
            "eps_growth_yearly": 594.52
        },
        "20123": {
            "year_quarter": 20123,
            "year": 2012,
            "quarter": 3,
            "eps": 0.16,
            "eps_growth_year": -67.22,
            "eps_4q": 1.23,
            "eps_4q_growth_year": 93.32,
            "roe": 1.28,
            "roe_4q": 9.02,
            "gross_profit": 78262,
            "gross_margin": 11.09,
            "gross_margin_4q_avg": 10.16,
            "net_income": 30220,
            "net_income_4q": null,
            "revenue": 705835,
            "revenue_4q": null,
            "common_shares": 1939765,
            "book_valuer_per_share": 12.86,
            "book_valuer_per_share_4q_avg": 12.89,
            "equity": 2378591,
            "current_ratio": 134.97,
            "debt_ratio": 70.79,
            "inventory_turnover_ratio": 0.12,
            "account_receivable_turnover_ratio": 1.41,
            "reinvestment_rate": 15.59,
            "research_to_sale_ratio": 0.15,
            "price_fair": 65,
            "eps_avg_yearly": 1.86,
            "eps_latest_yearly": 0.64,
            "eps_growth_yearly": 209.15
        },
        "20124": {
            "year_quarter": 20124,
            "year": 2012,
            "quarter": 4,
            "eps": 0.15,
            "eps_growth_year": -53.66,
            "eps_4q": 1.05,
            "eps_4q_growth_year": 0.29,
            "roe": 0.8,
            "roe_4q": 7.369999999999999,
            "gross_profit": 92919,
            "gross_margin": 12.12,
            "gross_margin_4q_avg": 11.15,
            "net_income": 19202,
            "net_income_4q": null,
            "revenue": 766934,
            "revenue_4q": null,
            "common_shares": 1939765,
            "book_valuer_per_share": 12.99,
            "book_valuer_per_share_4q_avg": 12.94,
            "equity": 2394332,
            "current_ratio": 134.3,
            "debt_ratio": 72.1,
            "inventory_turnover_ratio": 0.13,
            "account_receivable_turnover_ratio": 1.75,
            "reinvestment_rate": 14.58,
            "research_to_sale_ratio": 0.11,
            "price_fair": 62.8,
            "eps_avg_yearly": 1.79,
            "eps_latest_yearly": 0.6,
            "eps_growth_yearly": 217.39
        },
        "20131": {
            "year_quarter": 20131,
            "year": 2013,
            "quarter": 1,
            "eps": 0.02,
            "eps_growth_year": -96.23,
            "eps_4q": 0.54,
            "eps_4q_growth_year": -62.5,
            "roe": 0.16,
            "roe_4q": 3.75,
            "gross_profit": 35873,
            "gross_margin": 5.87,
            "gross_margin_4q_avg": 9.77,
            "net_income": 3497,
            "net_income_4q": null,
            "revenue": 611054,
            "revenue_4q": null,
            "common_shares": 1939765,
            "book_valuer_per_share": 10.02,
            "book_valuer_per_share_4q_avg": 12.12,
            "equity": 1881402,
            "current_ratio": 123.87,
            "debt_ratio": 77.09,
            "inventory_turnover_ratio": 0.11,
            "account_receivable_turnover_ratio": 1.53,
            "reinvestment_rate": 16.56,
            "research_to_sale_ratio": 0.13,
            "price_fair": 57,
            "eps_avg_yearly": 1.63,
            "eps_latest_yearly": 0.08,
            "eps_growth_yearly": 174.86
        },
        "20132": {
            "year_quarter": 20132,
            "year": 2013,
            "quarter": 2,
            "eps": 0.04,
            "eps_growth_year": -81.05,
            "eps_4q": 0.35,
            "eps_4q_growth_year": -77.42,
            "roe": 0.36,
            "roe_4q": 2.6,
            "gross_profit": 27043,
            "gross_margin": 3.5,
            "gross_margin_4q_avg": 8.15,
            "net_income": 6602,
            "net_income_4q": null,
            "revenue": 772014,
            "revenue_4q": null,
            "common_shares": 1939765,
            "book_valuer_per_share": 9.62,
            "book_valuer_per_share_4q_avg": 11.37,
            "equity": 1808146,
            "current_ratio": 120.36,
            "debt_ratio": 78.81,
            "inventory_turnover_ratio": 0.15,
            "account_receivable_turnover_ratio": 2.26,
            "reinvestment_rate": 17.08,
            "research_to_sale_ratio": 0.1,
            "price_fair": 50.2,
            "eps_avg_yearly": 1.43,
            "eps_latest_yearly": 0.16,
            "eps_growth_yearly": 197.72
        },
        "20133": {
            "year_quarter": 20133,
            "year": 2013,
            "quarter": 3,
            "eps": 1.05,
            "eps_growth_year": 540.07,
            "eps_4q": 1.25,
            "eps_4q_growth_year": 1.68,
            "roe": 10.1,
            "roe_4q": 11.42,
            "gross_profit": 292186,
            "gross_margin": 14.8,
            "gross_margin_4q_avg": 9.07,
            "net_income": 192602,
            "net_income_4q": null,
            "revenue": 1974737,
            "revenue_4q": null,
            "common_shares": 2036753,
            "book_valuer_per_share": 10.25,
            "book_valuer_per_share_4q_avg": 10.72,
            "equity": 2007476,
            "current_ratio": 127.05,
            "debt_ratio": 73.84,
            "inventory_turnover_ratio": 0.38,
            "account_receivable_turnover_ratio": 5.9,
            "reinvestment_rate": 16.61,
            "research_to_sale_ratio": 0.04,
            "price_fair": 52.3,
            "eps_avg_yearly": 1.49,
            "eps_latest_yearly": 4.2,
            "eps_growth_yearly": 914.39
        },
        "20134": {
            "year_quarter": 20134,
            "year": 2013,
            "quarter": 4,
            "eps": 5.89,
            "eps_growth_year": 3807.82,
            "eps_4q": 7,
            "eps_4q_growth_year": 563.73,
            "roe": 41.7,
            "roe_4q": 52.32,
            "gross_profit": 1392414,
            "gross_margin": 28.9,
            "gross_margin_4q_avg": 13.27,
            "net_income": 1058010,
            "net_income_4q": null,
            "revenue": 4818626,
            "revenue_4q": null,
            "common_shares": 2036753,
            "book_valuer_per_share": 16.14,
            "book_valuer_per_share_4q_avg": 11.51,
            "equity": 3066446,
            "current_ratio": 165.15,
            "debt_ratio": 56.35,
            "inventory_turnover_ratio": 1.22,
            "account_receivable_turnover_ratio": 3.93,
            "reinvestment_rate": 3,
            "research_to_sale_ratio": 0.02,
            "price_fair": 102.3,
            "eps_avg_yearly": 2.92,
            "eps_latest_yearly": 23.56,
            "eps_growth_yearly": 1044.39
        },
        "20141": {
            "year_quarter": 20141,
            "year": 2014,
            "quarter": 1,
            "eps": 0.87,
            "eps_growth_year": 4250,
            "eps_4q": 7.85,
            "eps_4q_growth_year": 1342.35,
            "roe": 4.93,
            "roe_4q": 57.09,
            "gross_profit": 235555,
            "gross_margin": 22.3,
            "gross_margin_4q_avg": 17.38,
            "net_income": 155130,
            "net_income_4q": null,
            "revenue": 1056222,
            "revenue_4q": null,
            "common_shares": 2036753,
            "book_valuer_per_share": 17.01,
            "book_valuer_per_share_4q_avg": 13.26,
            "equity": 3221079,
            "current_ratio": 195.75,
            "debt_ratio": 47.06,
            "inventory_turnover_ratio": 0.54,
            "account_receivable_turnover_ratio": 0.88,
            "reinvestment_rate": 2.3,
            "research_to_sale_ratio": 0.06,
            "price_fair": 103.7,
            "eps_avg_yearly": 2.96,
            "eps_latest_yearly": 3.48,
            "eps_growth_yearly": 1025.17
        },
        "20142": {
            "year_quarter": 20142,
            "year": 2014,
            "quarter": 2,
            "eps": -0.17,
            "eps_growth_year": -525,
            "eps_4q": 6.86,
            "eps_4q_growth_year": 1841.75,
            "roe": -1.02,
            "roe_4q": 55.71,
            "gross_profit": 36248,
            "gross_margin": 4.68,
            "gross_margin_4q_avg": 17.67,
            "net_income": -31412,
            "net_income_4q": null,
            "revenue": 774826,
            "revenue_4q": null,
            "common_shares": 2036753,
            "book_valuer_per_share": 15.69,
            "book_valuer_per_share_4q_avg": 14.77,
            "equity": 2945119,
            "current_ratio": 177.52,
            "debt_ratio": 52.36,
            "inventory_turnover_ratio": 0.51,
            "account_receivable_turnover_ratio": 2.2,
            "reinvestment_rate": -0.15,
            "research_to_sale_ratio": 0.08,
            "price_fair": 110.82,
            "eps_avg_yearly": 3.17,
            "eps_latest_yearly": 3.48,
            "eps_growth_yearly": 1131.43
        },
        "20143": {
            "year_quarter": 20143,
            "year": 2014,
            "quarter": 3,
            "eps": -0.19,
            "eps_growth_year": -118.1,
            "eps_4q": 5.8,
            "eps_4q_growth_year": 364.3,
            "roe": -1.25,
            "roe_4q": 44.36,
            "gross_profit": -12985,
            "gross_margin": -2.26,
            "gross_margin_4q_avg": 13.41,
            "net_income": -36726,
            "net_income_4q": null,
            "revenue": 574050,
            "revenue_4q": null,
            "common_shares": 2240428,
            "book_valuer_per_share": 14.2,
            "book_valuer_per_share_4q_avg": 15.76,
            "equity": 2932545,
            "current_ratio": 193.29,
            "debt_ratio": 47.68,
            "inventory_turnover_ratio": 0.4,
            "account_receivable_turnover_ratio": 1.89,
            "reinvestment_rate": 0.07,
            "research_to_sale_ratio": 0.09,
            "price_fair": 114.92,
            "eps_avg_yearly": 3.28,
            "eps_latest_yearly": 3.48,
            "eps_growth_yearly": 1075.72
        },
        "20144": {
            "year_quarter": 20144,
            "year": 2014,
            "quarter": 4,
            "eps": 0.5,
            "eps_growth_year": -91.56,
            "eps_4q": 0.94,
            "eps_4q_growth_year": -86.53,
            "roe": 3.09,
            "roe_4q": 5.75,
            "gross_profit": 180386,
            "gross_margin": 14.02,
            "gross_margin_4q_avg": 9.69,
            "net_income": 92084,
            "net_income_4q": null,
            "revenue": 1286514,
            "revenue_4q": null,
            "common_shares": 2240428,
            "book_valuer_per_share": 14.71,
            "book_valuer_per_share_4q_avg": 15.4,
            "equity": 3027671,
            "current_ratio": 162.91,
            "debt_ratio": 57.54,
            "inventory_turnover_ratio": 0.79,
            "account_receivable_turnover_ratio": 2.75,
            "reinvestment_rate": -3.14,
            "research_to_sale_ratio": 0.06,
            "price_fair": 114.92,
            "eps_avg_yearly": 3.28,
            "eps_latest_yearly": 3.48,
            "eps_growth_yearly": 1075.72
        },
        "20151": {
            "year_quarter": 20151,
            "year": 2015,
            "quarter": 1,
            "eps": 0.06,
            "eps_growth_year": -93.1,
            "eps_4q": 0.21,
            "eps_4q_growth_year": -97.33,
            "roe": 0.28,
            "roe_4q": 1.1,
            "gross_profit": 51135,
            "gross_margin": 10.01,
            "gross_margin_4q_avg": 6.61,
            "net_income": 8346,
            "net_income_4q": null,
            "revenue": 510645,
            "revenue_4q": null,
            "common_shares": 2240428,
            "book_valuer_per_share": 14.76,
            "book_valuer_per_share_4q_avg": 14.84,
            "equity": 3034801,
            "current_ratio": 158.64,
            "debt_ratio": 59.26,
            "inventory_turnover_ratio": 0.32,
            "account_receivable_turnover_ratio": 0.85,
            "reinvestment_rate": -3.23,
            "research_to_sale_ratio": 0.12,
            "price_fair": 106.72,
            "eps_avg_yearly": 3.05,
            "eps_latest_yearly": 0.24,
            "eps_growth_yearly": 965.89
        },
        "20152": {
            "year_quarter": 20152,
            "year": 2015,
            "quarter": 2,
            "eps": 0.25,
            "eps_growth_year": null,
            "eps_4q": 0.59,
            "eps_4q_growth_year": -91.41,
            "roe": 1.65,
            "roe_4q": 3.7699999999999996,
            "gross_profit": 100430,
            "gross_margin": 20.76,
            "gross_margin_4q_avg": 10.63,
            "net_income": 49633,
            "net_income_4q": null,
            "revenue": 483695,
            "revenue_4q": null,
            "common_shares": 2240428,
            "book_valuer_per_share": 14.55,
            "book_valuer_per_share_4q_avg": 14.56,
            "equity": 2988792,
            "current_ratio": 157.25,
            "debt_ratio": 59.94,
            "inventory_turnover_ratio": 0.24,
            "account_receivable_turnover_ratio": 1.46,
            "reinvestment_rate": -3.15,
            "research_to_sale_ratio": 0.13,
            "price_fair": 108.34,
            "eps_avg_yearly": 3.1,
            "eps_latest_yearly": 1,
            "eps_growth_yearly": 1070.43
        },
        "20153": {
            "year_quarter": 20153,
            "year": 2015,
            "quarter": 3,
            "eps": 0.16,
            "eps_growth_year": null,
            "eps_4q": 0.94,
            "eps_4q_growth_year": -83.82,
            "roe": 1.08,
            "roe_4q": 6.1,
            "gross_profit": 70135,
            "gross_margin": 8.58,
            "gross_margin_4q_avg": 13.34,
            "net_income": 32415,
            "net_income_4q": null,
            "revenue": 817746,
            "revenue_4q": null,
            "common_shares": 2330045,
            "book_valuer_per_share": 14.22,
            "book_valuer_per_share_4q_avg": 14.56,
            "equity": 3034936,
            "current_ratio": 149.61,
            "debt_ratio": 63.36,
            "inventory_turnover_ratio": 0.39,
            "account_receivable_turnover_ratio": 3.6,
            "reinvestment_rate": -3.39,
            "research_to_sale_ratio": 0.09,
            "price_fair": 104.68,
            "eps_avg_yearly": 2.99,
            "eps_latest_yearly": 0.64,
            "eps_growth_yearly": 936.27
        },
        "20154": {
            "year_quarter": 20154,
            "year": 2015,
            "quarter": 4,
            "eps": 0.24,
            "eps_growth_year": -51.66,
            "eps_4q": 0.71,
            "eps_4q_growth_year": -24.78,
            "roe": 1.56,
            "roe_4q": 4.57,
            "gross_profit": 79972,
            "gross_margin": 11.39,
            "gross_margin_4q_avg": 12.69,
            "net_income": 47478,
            "net_income_4q": null,
            "revenue": 702010,
            "revenue_4q": null,
            "common_shares": 2330045,
            "book_valuer_per_share": 14.53,
            "book_valuer_per_share_4q_avg": 14.52,
            "equity": 3045963,
            "current_ratio": 153.6,
            "debt_ratio": 62.81,
            "inventory_turnover_ratio": 0.3,
            "account_receivable_turnover_ratio": 2.44,
            "reinvestment_rate": -1.18,
            "research_to_sale_ratio": 0.12,
            "price_fair": 103.71,
            "eps_avg_yearly": 2.96,
            "eps_latest_yearly": 0.96,
            "eps_growth_yearly": 962.12
        },
        "20161": {
            "year_quarter": 20161,
            "year": 2016,
            "quarter": 1,
            "eps": 0.03,
            "eps_growth_year": -50,
            "eps_4q": 0.68,
            "eps_4q_growth_year": 224.61,
            "roe": 0.15,
            "roe_4q": 4.4399999999999995,
            "gross_profit": 41928,
            "gross_margin": 9.61,
            "gross_margin_4q_avg": 12.59,
            "net_income": 4557,
            "net_income_4q": null,
            "revenue": 436324,
            "revenue_4q": null,
            "common_shares": 2330045,
            "book_valuer_per_share": 14.56,
            "book_valuer_per_share_4q_avg": 14.47,
            "equity": 3039988,
            "current_ratio": 152.02,
            "debt_ratio": 62.97,
            "inventory_turnover_ratio": 0.2,
            "account_receivable_turnover_ratio": 1.68,
            "reinvestment_rate": -1.25,
            "research_to_sale_ratio": 0.18,
            "price_fair": 98.32,
            "eps_avg_yearly": 2.81,
            "eps_latest_yearly": 0.12,
            "eps_growth_yearly": 916.55
        },
        "20162": {
            "year_quarter": 20162,
            "year": 2016,
            "quarter": 2,
            "eps": 0.03,
            "eps_growth_year": -88,
            "eps_4q": 0.46,
            "eps_4q_growth_year": -21.94,
            "roe": 0.19,
            "roe_4q": 2.98,
            "gross_profit": 35530,
            "gross_margin": 10.1,
            "gross_margin_4q_avg": 9.92,
            "net_income": 5530,
            "net_income_4q": null,
            "revenue": 351713,
            "revenue_4q": null,
            "common_shares": 2330045,
            "book_valuer_per_share": 14,
            "book_valuer_per_share_4q_avg": 14.33,
            "equity": 2925712,
            "current_ratio": 143.78,
            "debt_ratio": 65.95,
            "inventory_turnover_ratio": 0.16,
            "account_receivable_turnover_ratio": 1.84,
            "reinvestment_rate": -1.84,
            "research_to_sale_ratio": 0.27,
            "price_fair": 96.38,
            "eps_avg_yearly": 2.75,
            "eps_latest_yearly": 0.12,
            "eps_growth_yearly": 935.13
        },
        "20163": {
            "year_quarter": 20163,
            "year": 2016,
            "quarter": 3,
            "eps": 0.01,
            "eps_growth_year": -93.75,
            "eps_4q": 0.3,
            "eps_4q_growth_year": -67.82,
            "roe": 0.23,
            "roe_4q": 2.13,
            "gross_profit": 32965,
            "gross_margin": 3.8,
            "gross_margin_4q_avg": 8.73,
            "net_income": 6870,
            "net_income_4q": null,
            "revenue": 866991,
            "revenue_4q": null,
            "common_shares": 2330045,
            "book_valuer_per_share": 14.05,
            "book_valuer_per_share_4q_avg": 14.29,
            "equity": 2940518,
            "current_ratio": 145.46,
            "debt_ratio": 65.2,
            "inventory_turnover_ratio": 0.42,
            "account_receivable_turnover_ratio": 4.76,
            "reinvestment_rate": -2.31,
            "research_to_sale_ratio": 0.1,
            "price_fair": 94.77,
            "eps_avg_yearly": 2.71,
            "eps_latest_yearly": 0.04,
            "eps_growth_yearly": 921.94
        },
        "20164": {
            "year_quarter": 20164,
            "year": 2016,
            "quarter": 4,
            "eps": 0.16,
            "eps_growth_year": -33.05,
            "eps_4q": 0.22,
            "eps_4q_growth_year": -68.73,
            "roe": 1.21,
            "roe_4q": 1.7799999999999998,
            "gross_profit": 55410,
            "gross_margin": 4.5,
            "gross_margin_4q_avg": 7,
            "net_income": 35843,
            "net_income_4q": null,
            "revenue": 1232575,
            "revenue_4q": null,
            "common_shares": 2330045,
            "book_valuer_per_share": 14.2,
            "book_valuer_per_share_4q_avg": 14.2,
            "equity": 2973722,
            "current_ratio": 153.69,
            "debt_ratio": 67.34,
            "inventory_turnover_ratio": 0.59,
            "account_receivable_turnover_ratio": 5.94,
            "reinvestment_rate": -0.8,
            "research_to_sale_ratio": 0.08,
            "price_fair": 94.88,
            "eps_avg_yearly": 2.71,
            "eps_latest_yearly": 0.64,
            "eps_growth_yearly": 1385.4
        },
        "20171": {
            "year_quarter": 20171,
            "year": 2017,
            "quarter": 1,
            "eps": 0.03,
            "eps_growth_year": 0,
            "eps_4q": 0.22,
            "eps_4q_growth_year": -67.22,
            "roe": 0.31,
            "roe_4q": 1.94,
            "gross_profit": 48701,
            "gross_margin": 4.17,
            "gross_margin_4q_avg": 5.64,
            "net_income": 9243,
            "net_income_4q": null,
            "revenue": 1167932,
            "revenue_4q": null,
            "common_shares": 2330045,
            "book_valuer_per_share": 14.19,
            "book_valuer_per_share_4q_avg": 14.11,
            "equity": 2976736,
            "current_ratio": 155.28,
            "debt_ratio": 66.81,
            "inventory_turnover_ratio": 0.56,
            "account_receivable_turnover_ratio": 4.32,
            "reinvestment_rate": -1.3,
            "research_to_sale_ratio": 0.07,
            "price_fair": 94.98,
            "eps_avg_yearly": 2.71,
            "eps_latest_yearly": 0.12,
            "eps_growth_yearly": 1387.07
        },
        "20172": {
            "year_quarter": 20172,
            "year": 2017,
            "quarter": 2,
            "eps": 0.01,
            "eps_growth_year": -66.67,
            "eps_4q": 0.21,
            "eps_4q_growth_year": -54.87,
            "roe": 0.13,
            "roe_4q": 1.88,
            "gross_profit": 47015,
            "gross_margin": 8.82,
            "gross_margin_4q_avg": 5.32,
            "net_income": 3684,
            "net_income_4q": null,
            "revenue": 533210,
            "revenue_4q": null,
            "common_shares": 2330045,
            "book_valuer_per_share": 13.88,
            "book_valuer_per_share_4q_avg": 14.08,
            "equity": 2911943,
            "current_ratio": 180.29,
            "debt_ratio": 59.06,
            "inventory_turnover_ratio": 0.24,
            "account_receivable_turnover_ratio": 1.72,
            "reinvestment_rate": -1.1,
            "research_to_sale_ratio": 0.17,
            "price_fair": 94.66,
            "eps_avg_yearly": 2.7,
            "eps_latest_yearly": 0.04,
            "eps_growth_yearly": 1335.79
        },
        "20173": {
            "year_quarter": 20173,
            "year": 2017,
            "quarter": 3,
            "eps": 0.02,
            "eps_growth_year": 100,
            "eps_4q": 0.22,
            "eps_4q_growth_year": -26.38,
            "roe": 0.23,
            "roe_4q": 1.88,
            "gross_profit": 56692,
            "gross_margin": 5.19,
            "gross_margin_4q_avg": 5.67,
            "net_income": 6594,
            "net_income_4q": null,
            "revenue": 1093350,
            "revenue_4q": null,
            "common_shares": 2330045,
            "book_valuer_per_share": 13.94,
            "book_valuer_per_share_4q_avg": 14.05,
            "equity": 2927356,
            "current_ratio": 153.3,
            "debt_ratio": 67.55,
            "inventory_turnover_ratio": 0.54,
            "account_receivable_turnover_ratio": 2.87,
            "reinvestment_rate": -1.33,
            "research_to_sale_ratio": 0.07,
            "price_fair": 83.57,
            "eps_avg_yearly": 2.39,
            "eps_latest_yearly": 0.08,
            "eps_growth_yearly": 589.63
        },
        "20174": {
            "year_quarter": 20174,
            "year": 2017,
            "quarter": 4,
            "eps": 0.94,
            "eps_growth_year": 483.7,
            "eps_4q": 1,
            "eps_4q_growth_year": 351.46,
            "roe": 6.26,
            "roe_4q": 6.93,
            "gross_profit": 290647,
            "gross_margin": 26.26,
            "gross_margin_4q_avg": 11.11,
            "net_income": 189041,
            "net_income_4q": null,
            "revenue": 1106980,
            "revenue_4q": null,
            "common_shares": 2330045,
            "book_valuer_per_share": 14.88,
            "book_valuer_per_share_4q_avg": 14.22,
            "equity": 3115524,
            "current_ratio": 157.46,
            "debt_ratio": 65.97,
            "inventory_turnover_ratio": 0.44,
            "account_receivable_turnover_ratio": 2.19,
            "reinvestment_rate": -6.98,
            "research_to_sale_ratio": 0.08,
            "price_fair": 30.26,
            "eps_avg_yearly": 0.86,
            "eps_latest_yearly": 3.76,
            "eps_growth_yearly": 1863.19
        },
        "20181": {
            "year_quarter": 20181,
            "year": 2018,
            "quarter": 1,
            "eps": -0.05,
            "eps_growth_year": -266.67,
            "eps_4q": 0.93,
            "eps_4q_growth_year": 315.76,
            "roe": -0.28,
            "roe_4q": 6.34,
            "gross_profit": 21460,
            "gross_margin": 5.47,
            "gross_margin_4q_avg": 11.44,
            "net_income": -8759,
            "net_income_4q": null,
            "revenue": 392539,
            "revenue_4q": null,
            "common_shares": 2330045,
            "book_valuer_per_share": 14.85,
            "book_valuer_per_share_4q_avg": 14.39,
            "equity": 3109792,
            "current_ratio": 161.09,
            "debt_ratio": 64.53,
            "inventory_turnover_ratio": 0.2,
            "account_receivable_turnover_ratio": 0.92,
            "reinvestment_rate": -13.43,
            "research_to_sale_ratio": 0.24,
            "price_fair": 22.63,
            "eps_avg_yearly": 0.65,
            "eps_latest_yearly": 3.76,
            "eps_growth_yearly": 2046.86
        },
        "20182": {
            "year_quarter": 20182,
            "year": 2018,
            "quarter": 2,
            "eps": -0.29,
            "eps_growth_year": -3000,
            "eps_4q": 0.62,
            "eps_4q_growth_year": 200.05,
            "roe": -1.97,
            "roe_4q": 4.24,
            "gross_profit": -38293,
            "gross_margin": -18.24,
            "gross_margin_4q_avg": 4.67,
            "net_income": -59190,
            "net_income_4q": null,
            "revenue": 209891,
            "revenue_4q": null,
            "common_shares": 2330045,
            "book_valuer_per_share": 13.76,
            "book_valuer_per_share_4q_avg": 14.36,
            "equity": 2888320,
            "current_ratio": 137.18,
            "debt_ratio": 74.21,
            "inventory_turnover_ratio": 0.07,
            "account_receivable_turnover_ratio": 0.64,
            "reinvestment_rate": -4.18,
            "research_to_sale_ratio": 0.39,
            "price_fair": 22.63,
            "eps_avg_yearly": 0.65,
            "eps_latest_yearly": 3.76,
            "eps_growth_yearly": 2046.86
        },
        "20183": {
            "year_quarter": 20183,
            "year": 2018,
            "quarter": 3,
            "eps": -0.16,
            "eps_growth_year": -900,
            "eps_4q": 0.44,
            "eps_4q_growth_year": 99.03,
            "roe": -1.15,
            "roe_4q": 2.8599999999999994,
            "gross_profit": 5064,
            "gross_margin": 1.63,
            "gross_margin_4q_avg": 3.78,
            "net_income": -32888,
            "net_income_4q": null,
            "revenue": 310813,
            "revenue_4q": null,
            "common_shares": 2330045,
            "book_valuer_per_share": 13.58,
            "book_valuer_per_share_4q_avg": 14.27,
            "equity": 2850144,
            "current_ratio": 136.71,
            "debt_ratio": 74.5,
            "inventory_turnover_ratio": 0.06,
            "account_receivable_turnover_ratio": 0.78,
            "reinvestment_rate": -9.26,
            "research_to_sale_ratio": 0.25,
            "price_fair": 22.63,
            "eps_avg_yearly": 0.65,
            "eps_latest_yearly": 3.76,
            "eps_growth_yearly": 2046.86
        },
        "20184": {
            "year_quarter": 20184,
            "year": 2018,
            "quarter": 4,
            "eps": -0.18,
            "eps_growth_year": -119.22,
            "eps_4q": -0.68,
            "eps_4q_growth_year": -167.69,
            "roe": -1.21,
            "roe_4q": -4.61,
            "gross_profit": -53656,
            "gross_margin": -34.07,
            "gross_margin_4q_avg": -11.3,
            "net_income": -34307,
            "net_income_4q": null,
            "revenue": 157494,
            "revenue_4q": null,
            "common_shares": 2330045,
            "book_valuer_per_share": 13.46,
            "book_valuer_per_share_4q_avg": 13.91,
            "equity": 2829561,
            "current_ratio": 138.25,
            "debt_ratio": 73.51,
            "inventory_turnover_ratio": 0.04,
            "account_receivable_turnover_ratio": 0.52,
            "reinvestment_rate": -10.11,
            "research_to_sale_ratio": 0.66,
            "price_fair": 22.63,
            "eps_avg_yearly": 0.65,
            "eps_latest_yearly": 3.76,
            "eps_growth_yearly": 2046.86
        },
        "20191": {
            "year_quarter": 20191,
            "year": 2019,
            "quarter": 1,
            "eps": -0.08,
            "eps_growth_year": null,
            "eps_4q": -0.72,
            "eps_4q_growth_year": -177.18,
            "roe": -0.59,
            "roe_4q": -4.92,
            "gross_profit": 14118,
            "gross_margin": 4.15,
            "gross_margin_4q_avg": -11.63,
            "net_income": -16564,
            "net_income_4q": null,
            "revenue": 339827,
            "revenue_4q": null,
            "common_shares": 2287135,
            "book_valuer_per_share": 13.39,
            "book_valuer_per_share_4q_avg": 13.55,
            "equity": 2815093,
            "current_ratio": 137.47,
            "debt_ratio": 73.84,
            "inventory_turnover_ratio": 0.06,
            "account_receivable_turnover_ratio": 2.03,
            "reinvestment_rate": -8.84,
            "research_to_sale_ratio": 0.25,
            "price_fair": 23.93,
            "eps_avg_yearly": 0.68,
            "eps_latest_yearly": 3.76,
            "eps_growth_yearly": 2264.94
        },
        "20192": {
            "year_quarter": 20192,
            "year": 2019,
            "quarter": 2,
            "eps": -0.12,
            "eps_growth_year": null,
            "eps_4q": -0.54,
            "eps_4q_growth_year": -187.39,
            "roe": -0.88,
            "roe_4q": -3.8299999999999996,
            "gross_profit": 6415,
            "gross_margin": 2.83,
            "gross_margin_4q_avg": -6.37,
            "net_income": -24579,
            "net_income_4q": null,
            "revenue": 226760,
            "revenue_4q": null,
            "common_shares": 2287135,
            "book_valuer_per_share": 13.27,
            "book_valuer_per_share_4q_avg": 13.43,
            "equity": 2790981,
            "current_ratio": 136.86,
            "debt_ratio": 74.1,
            "inventory_turnover_ratio": 0.04,
            "account_receivable_turnover_ratio": 1.54,
            "reinvestment_rate": -12.3,
            "research_to_sale_ratio": 0.38,
            "price_fair": 22.82,
            "eps_avg_yearly": 0.65,
            "eps_latest_yearly": 3.76,
            "eps_growth_yearly": 2364.77
        },
        "20193": {
            "year_quarter": 20193,
            "year": 2019,
            "quarter": 3,
            "eps": -0.07,
            "eps_growth_year": null,
            "eps_4q": -0.45,
            "eps_4q_growth_year": -202.07,
            "roe": -0.47,
            "roe_4q": -3.15,
            "gross_profit": 18409,
            "gross_margin": 4.83,
            "gross_margin_4q_avg": -5.57,
            "net_income": -13136,
            "net_income_4q": null,
            "revenue": 381296,
            "revenue_4q": null,
            "common_shares": 2287135,
            "book_valuer_per_share": 13.18,
            "book_valuer_per_share_4q_avg": 13.33,
            "equity": 2760477,
            "current_ratio": 133.18,
            "debt_ratio": 74.86,
            "inventory_turnover_ratio": 0.06,
            "account_receivable_turnover_ratio": 2.16,
            "reinvestment_rate": -22.97,
            "research_to_sale_ratio": 0.24,
            "price_fair": 22.87,
            "eps_avg_yearly": 0.65,
            "eps_latest_yearly": 3.76,
            "eps_growth_yearly": 2643.52
        },
        "20194": {
            "year_quarter": 20194,
            "year": 2019,
            "quarter": 4,
            "eps": 1.15,
            "eps_growth_year": null,
            "eps_4q": 0.87,
            "eps_4q_growth_year": null,
            "roe": 8.06,
            "roe_4q": 6.120000000000001,
            "gross_profit": 351608,
            "gross_margin": 7.52,
            "gross_margin_4q_avg": 4.83,
            "net_income": 231565,
            "net_income_4q": null,
            "revenue": 4675949,
            "revenue_4q": null,
            "common_shares": 2287135,
            "book_valuer_per_share": 14.28,
            "book_valuer_per_share_4q_avg": 13.53,
            "equity": 2982913,
            "current_ratio": 161.24,
            "debt_ratio": 63.37,
            "inventory_turnover_ratio": 1.06,
            "account_receivable_turnover_ratio": 14.52,
            "reinvestment_rate": -4.15,
            "research_to_sale_ratio": 0.02,
            "price_fair": 21.53,
            "eps_avg_yearly": 0.62,
            "eps_latest_yearly": 3.76,
            "eps_growth_yearly": 2948.96
        },
        "20201": {
            "year_quarter": 20201,
            "year": 2020,
            "quarter": 1,
            "eps": -0.07,
            "eps_growth_year": null,
            "eps_4q": 0.89,
            "eps_4q_growth_year": null,
            "roe": -0.47,
            "roe_4q": 6.240000000000001,
            "gross_profit": 18742,
            "gross_margin": 3.25,
            "gross_margin_4q_avg": 4.61,
            "net_income": -13913,
            "net_income_4q": null,
            "revenue": 575998,
            "revenue_4q": null,
            "common_shares": 2287135,
            "book_valuer_per_share": 14.18,
            "book_valuer_per_share_4q_avg": 13.73,
            "equity": 2954809,
            "current_ratio": 157.7,
            "debt_ratio": 64.64,
            "inventory_turnover_ratio": 0.23,
            "account_receivable_turnover_ratio": 1.23,
            "reinvestment_rate": -3.29,
            "research_to_sale_ratio": 0.11,
            "price_fair": 24,
            "eps_avg_yearly": 0.69,
            "eps_latest_yearly": 3.76,
            "eps_growth_yearly": 3420.24
        },
        "20202": {
            "year_quarter": 20202,
            "year": 2020,
            "quarter": 2,
            "eps": 0.84,
            "eps_growth_year": null,
            "eps_4q": 1.86,
            "eps_4q_growth_year": null,
            "roe": 5.75,
            "roe_4q": 12.87,
            "gross_profit": 243301,
            "gross_margin": 13.08,
            "gross_margin_4q_avg": 7.17,
            "net_income": 171182,
            "net_income_4q": null,
            "revenue": 1860046,
            "revenue_4q": null,
            "common_shares": 2287135,
            "book_valuer_per_share": 14.56,
            "book_valuer_per_share_4q_avg": 14.05,
            "equity": 2996365,
            "current_ratio": 172.98,
            "debt_ratio": 60.02,
            "inventory_turnover_ratio": 0.82,
            "account_receivable_turnover_ratio": 3.74,
            "reinvestment_rate": -1.44,
            "research_to_sale_ratio": 0.04,
            "price_fair": 27.3,
            "eps_avg_yearly": 0.78,
            "eps_latest_yearly": 3.76,
            "eps_growth_yearly": 3990.28
        },
        "20203": {
            "year_quarter": 20203,
            "year": 2020,
            "quarter": 3,
            "eps": 0.7,
            "eps_growth_year": null,
            "eps_4q": 2.63,
            "eps_4q_growth_year": null,
            "roe": 4.57,
            "roe_4q": 17.91,
            "gross_profit": 188837,
            "gross_margin": 11.35,
            "gross_margin_4q_avg": 8.8,
            "net_income": 140304,
            "net_income_4q": null,
            "revenue": 1664426,
            "revenue_4q": null,
            "common_shares": 2287135,
            "book_valuer_per_share": 15.29,
            "book_valuer_per_share_4q_avg": 14.58,
            "equity": 3143330,
            "current_ratio": 185,
            "debt_ratio": 56.9,
            "inventory_turnover_ratio": 1.19,
            "account_receivable_turnover_ratio": 3.71,
            "reinvestment_rate": -11.05,
            "research_to_sale_ratio": 0.04,
            "price_fair": 43.4,
            "eps_avg_yearly": 1.24,
            "eps_latest_yearly": 2.8,
            "eps_growth_yearly": 4023.61
        },
        "20204": {
            "year_quarter": 20204,
            "year": 2020,
            "quarter": 4,
            "eps": 0.12,
            "eps_growth_year": -89.42,
            "eps_4q": 1.59,
            "eps_4q_growth_year": 82.22,
            "roe": 0.79,
            "roe_4q": 10.639999999999999,
            "gross_profit": 34523,
            "gross_margin": 3.09,
            "gross_margin_4q_avg": 7.69,
            "net_income": 24882,
            "net_income_4q": null,
            "revenue": 1117121,
            "revenue_4q": null,
            "common_shares": 2287135,
            "book_valuer_per_share": 15.42,
            "book_valuer_per_share_4q_avg": 14.86,
            "equity": 3141092,
            "current_ratio": 161.12,
            "debt_ratio": 58.43,
            "inventory_turnover_ratio": 1.15,
            "account_receivable_turnover_ratio": 2.36,
            "reinvestment_rate": -5.91,
            "research_to_sale_ratio": 0.05,
            "price_fair": 42.47,
            "eps_avg_yearly": 1.21,
            "eps_latest_yearly": 0.48,
            "eps_growth_yearly": 2968.37
        },
        "20211": {
            "year_quarter": 20211,
            "year": 2021,
            "quarter": 1,
            "eps": 0.2,
            "eps_growth_year": null,
            "eps_4q": 1.87,
            "eps_4q_growth_year": 110.52,
            "roe": 1.28,
            "roe_4q": 12.39,
            "gross_profit": 81847,
            "gross_margin": 9.97,
            "gross_margin_4q_avg": 9.37,
            "net_income": 40465,
            "net_income_4q": null,
            "revenue": 821028,
            "revenue_4q": null,
            "common_shares": 2287135,
            "book_valuer_per_share": 15.61,
            "book_valuer_per_share_4q_avg": 15.22,
            "equity": 3180065,
            "current_ratio": 149.22,
            "debt_ratio": 63.64,
            "inventory_turnover_ratio": 0.84,
            "account_receivable_turnover_ratio": 1.59,
            "reinvestment_rate": -4.16,
            "research_to_sale_ratio": 0.06,
            "price_fair": 46.43,
            "eps_avg_yearly": 1.33,
            "eps_latest_yearly": 0.8,
            "eps_growth_yearly": 3066.98
        },
        "20212": {
            "year_quarter": 20212,
            "year": 2021,
            "quarter": 2,
            "eps": 0.16,
            "eps_growth_year": -80.95,
            "eps_4q": 1.18,
            "eps_4q_growth_year": -36.8,
            "roe": 1.02,
            "roe_4q": 7.66,
            "gross_profit": 67394,
            "gross_margin": 5.3,
            "gross_margin_4q_avg": 7.43,
            "net_income": 32594,
            "net_income_4q": null,
            "revenue": 1272486,
            "revenue_4q": null,
            "common_shares": 2287135,
            "book_valuer_per_share": 15.76,
            "book_valuer_per_share_4q_avg": 15.52,
            "equity": 3209679,
            "current_ratio": 145.23,
            "debt_ratio": 65.51,
            "inventory_turnover_ratio": 1.47,
            "account_receivable_turnover_ratio": 2.8,
            "reinvestment_rate": -4.22,
            "research_to_sale_ratio": 0.04,
            "price_fair": 49.93,
            "eps_avg_yearly": 1.43,
            "eps_latest_yearly": 0.64,
            "eps_growth_yearly": 3098.1
        },
        "20213": {
            "year_quarter": 20213,
            "year": 2021,
            "quarter": 3,
            "eps": 0.02,
            "eps_growth_year": -97.14,
            "eps_4q": 0.49,
            "eps_4q_growth_year": -81.24,
            "roe": 0.12,
            "roe_4q": 3.21,
            "gross_profit": 41912,
            "gross_margin": 5.48,
            "gross_margin_4q_avg": 5.96,
            "net_income": 3639,
            "net_income_4q": null,
            "revenue": 764326,
            "revenue_4q": null,
            "common_shares": 2287135,
            "book_valuer_per_share": 14.96,
            "book_valuer_per_share_4q_avg": 15.44,
            "equity": 3051522,
            "current_ratio": 138.76,
            "debt_ratio": 68.62,
            "inventory_turnover_ratio": 1.07,
            "account_receivable_turnover_ratio": 2.18,
            "reinvestment_rate": -4.37,
            "research_to_sale_ratio": 0.06,
            "price_fair": 49.93,
            "eps_avg_yearly": 1.43,
            "eps_latest_yearly": 0.08,
            "eps_growth_yearly": 2973.1
        },
        "20214": {
            "year_quarter": 20214,
            "year": 2021,
            "quarter": 4,
            "eps": 0.15,
            "eps_growth_year": 20.44,
            "eps_4q": 0.52,
            "eps_4q_growth_year": -67.45,
            "roe": 0.96,
            "roe_4q": 3.38,
            "gross_profit": 13757,
            "gross_margin": 1.82,
            "gross_margin_4q_avg": 5.64,
            "net_income": 29309,
            "net_income_4q": null,
            "revenue": 756904,
            "revenue_4q": null,
            "common_shares": 2287135,
            "book_valuer_per_share": 15.13,
            "book_valuer_per_share_4q_avg": 15.37,
            "equity": 3084330,
            "current_ratio": 164.94,
            "debt_ratio": 62.23,
            "inventory_turnover_ratio": 1.27,
            "account_receivable_turnover_ratio": 2.64,
            "reinvestment_rate": -5.71,
            "research_to_sale_ratio": 0.05,
            "price_fair": 31.5,
            "eps_avg_yearly": 0.9,
            "eps_latest_yearly": 0.6,
            "eps_growth_yearly": 339.76
        },
        "20221": {
            "year_quarter": 20221,
            "year": 2022,
            "quarter": 1,
            "eps": 0.24,
            "eps_growth_year": 20,
            "eps_4q": 0.56,
            "eps_4q_growth_year": -69.96,
            "roe": 1.54,
            "roe_4q": 3.64,
            "gross_profit": 92079,
            "gross_margin": 12.9,
            "gross_margin_4q_avg": 6.38,
            "net_income": 47992,
            "net_income_4q": null,
            "revenue": 713628,
            "revenue_4q": null,
            "common_shares": 2287135,
            "book_valuer_per_share": 15.41,
            "book_valuer_per_share_4q_avg": 15.32,
            "equity": 3140173,
            "current_ratio": 155.97,
            "debt_ratio": 65.28,
            "inventory_turnover_ratio": 1.06,
            "account_receivable_turnover_ratio": 3.03,
            "reinvestment_rate": -0.66,
            "research_to_sale_ratio": 0.07,
            "price_fair": 31.8,
            "eps_avg_yearly": 0.91,
            "eps_latest_yearly": 0.96,
            "eps_growth_yearly": 325.51
        },
        "20222": {
            "year_quarter": 20222,
            "year": 2022,
            "quarter": 2,
            "eps": 0.22,
            "eps_growth_year": 37.5,
            "eps_4q": 0.62,
            "eps_4q_growth_year": -47.17,
            "roe": 1.41,
            "roe_4q": 4.03,
            "gross_profit": 91903,
            "gross_margin": 13.89,
            "gross_margin_4q_avg": 8.52,
            "net_income": 44191,
            "net_income_4q": null,
            "revenue": 661432,
            "revenue_4q": null,
            "common_shares": 2287135,
            "book_valuer_per_share": 15.36,
            "book_valuer_per_share_4q_avg": 15.22,
            "equity": 3128158,
            "current_ratio": 141.42,
            "debt_ratio": 71.35,
            "inventory_turnover_ratio": 0.97,
            "account_receivable_turnover_ratio": 2.66,
            "reinvestment_rate": -0.73,
            "research_to_sale_ratio": 0.2,
            "price_fair": 31.68,
            "eps_avg_yearly": 0.91,
            "eps_latest_yearly": 0.88,
            "eps_growth_yearly": 280.65
        },
        "20223": {
            "year_quarter": 20223,
            "year": 2022,
            "quarter": 3,
            "eps": 0.27,
            "eps_growth_year": 1250,
            "eps_4q": 0.89,
            "eps_4q_growth_year": 79.4,
            "roe": 1.7,
            "roe_4q": 5.61,
            "gross_profit": 93261,
            "gross_margin": 14.39,
            "gross_margin_4q_avg": 10.75,
            "net_income": 53444,
            "net_income_4q": null,
            "revenue": 647925,
            "revenue_4q": null,
            "common_shares": 2287135,
            "book_valuer_per_share": 15.69,
            "book_valuer_per_share_4q_avg": 15.4,
            "equity": 3163113,
            "current_ratio": 139.34,
            "debt_ratio": 72.36,
            "inventory_turnover_ratio": 0.94,
            "account_receivable_turnover_ratio": 2.8,
            "reinvestment_rate": 2.73,
            "research_to_sale_ratio": 0.07,
            "price_fair": 32.36,
            "eps_avg_yearly": 0.92,
            "eps_latest_yearly": 1.08,
            "eps_growth_yearly": 259.57
        },
        "20224": {
            "year_quarter": 20224,
            "year": 2022,
            "quarter": 4,
            "eps": 0.32,
            "eps_growth_year": 116.93,
            "eps_4q": 1.06,
            "eps_4q_growth_year": 103.47,
            "roe": 1.97,
            "roe_4q": 6.62,
            "gross_profit": 89968,
            "gross_margin": 9.69,
            "gross_margin_4q_avg": 12.72,
            "net_income": 62787,
            "net_income_4q": null,
            "revenue": 928676,
            "revenue_4q": null,
            "common_shares": 2287135,
            "book_valuer_per_share": 15.99,
            "book_valuer_per_share_4q_avg": 15.61,
            "equity": 3222785,
            "current_ratio": 155.23,
            "debt_ratio": 65.62,
            "inventory_turnover_ratio": 1.41,
            "account_receivable_turnover_ratio": 7.1,
            "reinvestment_rate": 3.72,
            "research_to_sale_ratio": 0.05,
            "price_fair": 33.6,
            "eps_avg_yearly": 0.96,
            "eps_latest_yearly": 1.28,
            "eps_growth_yearly": 241.02
        },
        "20231": {
            "year_quarter": 20231,
            "year": 2023,
            "quarter": 1,
            "eps": 0.26,
            "eps_growth_year": 8.33,
            "eps_4q": 1.07,
            "eps_4q_growth_year": 91.4,
            "roe": 1.59,
            "roe_4q": 6.67,
            "gross_profit": 98777,
            "gross_margin": 13.88,
            "gross_margin_4q_avg": 12.96,
            "net_income": 51530,
            "net_income_4q": null,
            "revenue": 711758,
            "revenue_4q": null,
            "common_shares": 2287135,
            "book_valuer_per_share": 16.26,
            "book_valuer_per_share_4q_avg": 15.83,
            "equity": 3275466,
            "current_ratio": 148.79,
            "debt_ratio": 68.2,
            "inventory_turnover_ratio": 1.03,
            "account_receivable_turnover_ratio": 3.7,
            "reinvestment_rate": 2.9,
            "research_to_sale_ratio": 0.07,
            "price_fair": 33.85,
            "eps_avg_yearly": 0.97,
            "eps_latest_yearly": 1.04,
            "eps_growth_yearly": 212.29
        },
        "20232": {
            "year_quarter": 20232,
            "year": 2023,
            "quarter": 2,
            "eps": 0.29,
            "eps_growth_year": 31.82,
            "eps_4q": 1.12,
            "eps_4q_growth_year": 79.39,
            "roe": 1.8,
            "roe_4q": 7.0600000000000005,
            "gross_profit": 108531,
            "gross_margin": 11.5,
            "gross_margin_4q_avg": 12.37,
            "net_income": 58570,
            "net_income_4q": null,
            "revenue": 944002,
            "revenue_4q": null,
            "common_shares": 2287135,
            "book_valuer_per_share": 16.12,
            "book_valuer_per_share_4q_avg": 16.02,
            "equity": 3247901,
            "current_ratio": 164.75,
            "debt_ratio": 62.71,
            "inventory_turnover_ratio": 1.43,
            "account_receivable_turnover_ratio": 4.12,
            "reinvestment_rate": -1.57,
            "research_to_sale_ratio": 0.04,
            "price_fair": 34.42,
            "eps_avg_yearly": 0.98,
            "eps_latest_yearly": 1.16,
            "eps_growth_yearly": 198.45
        },
        "20233": {
            "year_quarter": 20233,
            "year": 2023,
            "quarter": 3,
            "eps": 0.22,
            "eps_growth_year": -18.52,
            "eps_4q": 1.07,
            "eps_4q_growth_year": 20.3,
            "roe": 1.31,
            "roe_4q": 6.67,
            "gross_profit": 82730,
            "gross_margin": 10.48,
            "gross_margin_4q_avg": 11.39,
            "net_income": 43000,
            "net_income_4q": null,
            "revenue": 789500,
            "revenue_4q": null,
            "common_shares": 2306723,
            "book_valuer_per_share": 16.07,
            "book_valuer_per_share_4q_avg": 16.11,
            "equity": 3301775,
            "current_ratio": 158.19,
            "debt_ratio": 65.2,
            "inventory_turnover_ratio": 1.23,
            "account_receivable_turnover_ratio": 3.75,
            "reinvestment_rate": -0.26,
            "research_to_sale_ratio": 0.08,
            "price_fair": 34.14,
            "eps_avg_yearly": 0.98,
            "eps_latest_yearly": 0.88,
            "eps_growth_yearly": 175.76
        }
    },
    "months": {
        "2003-01": {
            "month": "2003-01",
            "price": "10.09",
            "revenue": 243470
        },
        "2003-02": {
            "month": "2003-02",
            "price": "9.83",
            "revenue": 164131
        },
        "2003-03": {
            "month": "2003-03",
            "price": "9.51",
            "revenue": 223985
        },
        "2003-04": {
            "month": "2003-04",
            "price": "8.65",
            "revenue": 190126
        },
        "2003-05": {
            "month": "2003-05",
            "price": "7.17",
            "revenue": 201214
        },
        "2003-06": {
            "month": "2003-06",
            "price": "8.59",
            "revenue": 309616
        },
        "2003-07": {
            "month": "2003-07",
            "price": "10.35",
            "revenue": 206365
        },
        "2003-08": {
            "month": "2003-08",
            "price": "9.59",
            "revenue": 236100
        },
        "2003-09": {
            "month": "2003-09",
            "price": "8.83",
            "revenue": 294309
        },
        "2003-10": {
            "month": "2003-10",
            "price": "8.65",
            "revenue": 295439
        },
        "2003-11": {
            "month": "2003-11",
            "price": "8.46",
            "revenue": 275088
        },
        "2003-12": {
            "month": "2003-12",
            "price": "8.52",
            "revenue": 374523
        },
        "2004-01": {
            "month": "2004-01",
            "price": "9.19",
            "revenue": 158825
        },
        "2004-02": {
            "month": "2004-02",
            "price": "10.06",
            "revenue": 101642
        },
        "2004-03": {
            "month": "2004-03",
            "price": "8.84",
            "revenue": 178025
        },
        "2004-04": {
            "month": "2004-04",
            "price": "8.44",
            "revenue": 140657
        },
        "2004-05": {
            "month": "2004-05",
            "price": "6.98",
            "revenue": 231604
        },
        "2004-06": {
            "month": "2004-06",
            "price": "6.94",
            "revenue": 400561
        },
        "2004-07": {
            "month": "2004-07",
            "price": "6.08",
            "revenue": 307228
        },
        "2004-08": {
            "month": "2004-08",
            "price": "5.52",
            "revenue": 226634
        },
        "2004-09": {
            "month": "2004-09",
            "price": "5.34",
            "revenue": 289437
        },
        "2004-10": {
            "month": "2004-10",
            "price": "5.14",
            "revenue": 338462
        },
        "2004-11": {
            "month": "2004-11",
            "price": "4.95",
            "revenue": 431741
        },
        "2004-12": {
            "month": "2004-12",
            "price": "5.32",
            "revenue": 723541
        },
        "2005-01": {
            "month": "2005-01",
            "price": "5.50",
            "revenue": 343842
        },
        "2005-02": {
            "month": "2005-02",
            "price": "5.28",
            "revenue": 222804
        },
        "2005-03": {
            "month": "2005-03",
            "price": "5.36",
            "revenue": 370499
        },
        "2005-04": {
            "month": "2005-04",
            "price": "5.45",
            "revenue": 358266
        },
        "2005-05": {
            "month": "2005-05",
            "price": "4.68",
            "revenue": 320237
        },
        "2005-06": {
            "month": "2005-06",
            "price": "4.90",
            "revenue": 243822
        },
        "2005-07": {
            "month": "2005-07",
            "price": "4.95",
            "revenue": 223355
        },
        "2005-08": {
            "month": "2005-08",
            "price": "4.51",
            "revenue": 153501
        },
        "2005-09": {
            "month": "2005-09",
            "price": "4.47",
            "revenue": 251698
        },
        "2005-10": {
            "month": "2005-10",
            "price": "4.72",
            "revenue": 179414
        },
        "2005-11": {
            "month": "2005-11",
            "price": "4.84",
            "revenue": 107331
        },
        "2005-12": {
            "month": "2005-12",
            "price": "4.76",
            "revenue": 134069
        },
        "2006-01": {
            "month": "2006-01",
            "price": "4.48",
            "revenue": 95678
        },
        "2006-02": {
            "month": "2006-02",
            "price": "3.88",
            "revenue": 82163
        },
        "2006-03": {
            "month": "2006-03",
            "price": "3.58",
            "revenue": 217301
        },
        "2006-04": {
            "month": "2006-04",
            "price": "4.05",
            "revenue": 87085
        },
        "2006-05": {
            "month": "2006-05",
            "price": "4.23",
            "revenue": 124895
        },
        "2006-06": {
            "month": "2006-06",
            "price": "3.98",
            "revenue": 165876
        },
        "2006-07": {
            "month": "2006-07",
            "price": "3.35",
            "revenue": 124990
        },
        "2006-08": {
            "month": "2006-08",
            "price": "3.06",
            "revenue": 55699
        },
        "2006-09": {
            "month": "2006-09",
            "price": "2.81",
            "revenue": 100132
        },
        "2006-10": {
            "month": "2006-10",
            "price": "2.96",
            "revenue": 56513
        },
        "2006-11": {
            "month": "2006-11",
            "price": "3.68",
            "revenue": 54997
        },
        "2006-12": {
            "month": "2006-12",
            "price": "5.10",
            "revenue": 93768
        },
        "2007-01": {
            "month": "2007-01",
            "price": "5.51",
            "revenue": 51899
        },
        "2007-02": {
            "month": "2007-02",
            "price": "5.50",
            "revenue": 125802
        },
        "2007-03": {
            "month": "2007-03",
            "price": "6.75",
            "revenue": 129082
        },
        "2007-04": {
            "month": "2007-04",
            "price": "7.84",
            "revenue": 54343
        },
        "2007-05": {
            "month": "2007-05",
            "price": "7.42",
            "revenue": 62834
        },
        "2007-06": {
            "month": "2007-06",
            "price": "7.52",
            "revenue": 100887
        },
        "2007-07": {
            "month": "2007-07",
            "price": "8.91",
            "revenue": 75571
        },
        "2007-08": {
            "month": "2007-08",
            "price": "9.12",
            "revenue": 55896
        },
        "2007-09": {
            "month": "2007-09",
            "price": "8.60",
            "revenue": 198493
        },
        "2007-10": {
            "month": "2007-10",
            "price": "8.33",
            "revenue": 71003
        },
        "2007-11": {
            "month": "2007-11",
            "price": "7.39",
            "revenue": 201782
        },
        "2007-12": {
            "month": "2007-12",
            "price": "6.93",
            "revenue": 235847
        },
        "2008-01": {
            "month": "2008-01",
            "price": "7.02",
            "revenue": 81046
        },
        "2008-02": {
            "month": "2008-02",
            "price": "7.07",
            "revenue": 61299
        },
        "2008-03": {
            "month": "2008-03",
            "price": "7.95",
            "revenue": 201720
        },
        "2008-04": {
            "month": "2008-04",
            "price": "9.42",
            "revenue": 89234
        },
        "2008-05": {
            "month": "2008-05",
            "price": "9.35",
            "revenue": 150981
        },
        "2008-06": {
            "month": "2008-06",
            "price": "8.16",
            "revenue": 272092
        },
        "2008-07": {
            "month": "2008-07",
            "price": "6.51",
            "revenue": 195269
        },
        "2008-08": {
            "month": "2008-08",
            "price": "6.54",
            "revenue": 158163
        },
        "2008-09": {
            "month": "2008-09",
            "price": "5.70",
            "revenue": 512895
        },
        "2008-10": {
            "month": "2008-10",
            "price": "4.95",
            "revenue": 175352
        },
        "2008-11": {
            "month": "2008-11",
            "price": "4.92",
            "revenue": 229312
        },
        "2008-12": {
            "month": "2008-12",
            "price": "5.14",
            "revenue": 491858
        },
        "2009-01": {
            "month": "2009-01",
            "price": "5.18",
            "revenue": 156555
        },
        "2009-02": {
            "month": "2009-02",
            "price": "5.16",
            "revenue": 214627
        },
        "2009-03": {
            "month": "2009-03",
            "price": "6.81",
            "revenue": 415759
        },
        "2009-04": {
            "month": "2009-04",
            "price": "9.07",
            "revenue": 155919
        },
        "2009-05": {
            "month": "2009-05",
            "price": "11.38",
            "revenue": 203625
        },
        "2009-06": {
            "month": "2009-06",
            "price": "11.12",
            "revenue": 346433
        },
        "2009-07": {
            "month": "2009-07",
            "price": "12.26",
            "revenue": 158419
        },
        "2009-08": {
            "month": "2009-08",
            "price": "12.15",
            "revenue": 239863
        },
        "2009-09": {
            "month": "2009-09",
            "price": "13.81",
            "revenue": 273835
        },
        "2009-10": {
            "month": "2009-10",
            "price": "14.44",
            "revenue": 143170
        },
        "2009-11": {
            "month": "2009-11",
            "price": "15.45",
            "revenue": 378374
        },
        "2009-12": {
            "month": "2009-12",
            "price": "17.21",
            "revenue": 165570
        },
        "2010-01": {
            "month": "2010-01",
            "price": "17.42",
            "revenue": 240956
        },
        "2010-02": {
            "month": "2010-02",
            "price": "15.44",
            "revenue": 239555
        },
        "2010-03": {
            "month": "2010-03",
            "price": "17.11",
            "revenue": 142104
        },
        "2010-04": {
            "month": "2010-04",
            "price": "17.89",
            "revenue": 120664
        },
        "2010-05": {
            "month": "2010-05",
            "price": "16.69",
            "revenue": 113843
        },
        "2010-06": {
            "month": "2010-06",
            "price": "15.24",
            "revenue": 373756
        },
        "2010-07": {
            "month": "2010-07",
            "price": "15.53",
            "revenue": 157058
        },
        "2010-08": {
            "month": "2010-08",
            "price": "16.27",
            "revenue": 232421
        },
        "2010-09": {
            "month": "2010-09",
            "price": "14.53",
            "revenue": 138296
        },
        "2010-10": {
            "month": "2010-10",
            "price": "13.57",
            "revenue": 117816
        },
        "2010-11": {
            "month": "2010-11",
            "price": "13.36",
            "revenue": 73029
        },
        "2010-12": {
            "month": "2010-12",
            "price": "13.77",
            "revenue": 134303
        },
        "2011-01": {
            "month": "2011-01",
            "price": "13.38",
            "revenue": 141020
        },
        "2011-02": {
            "month": "2011-02",
            "price": "13.01",
            "revenue": 102274
        },
        "2011-03": {
            "month": "2011-03",
            "price": "11.68",
            "revenue": 146270
        },
        "2011-04": {
            "month": "2011-04",
            "price": "11.26",
            "revenue": 126876
        },
        "2011-05": {
            "month": "2011-05",
            "price": "11.75",
            "revenue": 143945
        },
        "2011-06": {
            "month": "2011-06",
            "price": "11.62",
            "revenue": 103820
        },
        "2011-07": {
            "month": "2011-07",
            "price": "11.14",
            "revenue": 133225
        },
        "2011-08": {
            "month": "2011-08",
            "price": "9.88",
            "revenue": 248349
        },
        "2011-09": {
            "month": "2011-09",
            "price": "8.45",
            "revenue": 411820
        },
        "2011-10": {
            "month": "2011-10",
            "price": "8.60",
            "revenue": 159926
        },
        "2011-11": {
            "month": "2011-11",
            "price": "8.54",
            "revenue": 242593
        },
        "2011-12": {
            "month": "2011-12",
            "price": "7.98",
            "revenue": 435739
        },
        "2012-01": {
            "month": "2012-01",
            "price": "8.38",
            "revenue": 174079
        },
        "2012-02": {
            "month": "2012-02",
            "price": "9.72",
            "revenue": 293221
        },
        "2012-03": {
            "month": "2012-03",
            "price": "10.63",
            "revenue": 451093
        },
        "2012-04": {
            "month": "2012-04",
            "price": "10.78",
            "revenue": 153650
        },
        "2012-05": {
            "month": "2012-05",
            "price": "11.37",
            "revenue": 150723
        },
        "2012-06": {
            "month": "2012-06",
            "price": "10.50",
            "revenue": 136040
        },
        "2012-07": {
            "month": "2012-07",
            "price": "10.83",
            "revenue": 127683
        },
        "2012-08": {
            "month": "2012-08",
            "price": "11.05",
            "revenue": 153164
        },
        "2012-09": {
            "month": "2012-09",
            "price": "10.56",
            "revenue": 130889
        },
        "2012-10": {
            "month": "2012-10",
            "price": "9.79",
            "revenue": 162062
        },
        "2012-11": {
            "month": "2012-11",
            "price": "9.18",
            "revenue": 141512
        },
        "2012-12": {
            "month": "2012-12",
            "price": "9.61",
            "revenue": 142665
        },
        "2013-01": {
            "month": "2013-01",
            "price": "9.83",
            "revenue": 226196
        },
        "2013-02": {
            "month": "2013-02",
            "price": "9.96",
            "revenue": 156763
        },
        "2013-03": {
            "month": "2013-03",
            "price": "9.98",
            "revenue": 228094
        },
        "2013-04": {
            "month": "2013-04",
            "price": "10.44",
            "revenue": 332425
        },
        "2013-05": {
            "month": "2013-05",
            "price": "12.28",
            "revenue": 233615
        },
        "2013-06": {
            "month": "2013-06",
            "price": "13.54",
            "revenue": 204375
        },
        "2013-07": {
            "month": "2013-07",
            "price": "15.44",
            "revenue": 1129421
        },
        "2013-08": {
            "month": "2013-08",
            "price": "16.69",
            "revenue": 463874
        },
        "2013-09": {
            "month": "2013-09",
            "price": "16.15",
            "revenue": 454632
        },
        "2013-10": {
            "month": "2013-10",
            "price": "16.39",
            "revenue": 236251
        },
        "2013-11": {
            "month": "2013-11",
            "price": "17.35",
            "revenue": 1448518
        },
        "2013-12": {
            "month": "2013-12",
            "price": "18.79",
            "revenue": 3062268
        },
        "2014-01": {
            "month": "2014-01",
            "price": "18.81",
            "revenue": 354514
        },
        "2014-02": {
            "month": "2014-02",
            "price": "18.78",
            "revenue": 224390
        },
        "2014-03": {
            "month": "2014-03",
            "price": "20.12",
            "revenue": 477318
        },
        "2014-04": {
            "month": "2014-04",
            "price": "20.22",
            "revenue": 217860
        },
        "2014-05": {
            "month": "2014-05",
            "price": "18.28",
            "revenue": 183417
        },
        "2014-06": {
            "month": "2014-06",
            "price": "17.60",
            "revenue": 373549
        },
        "2014-07": {
            "month": "2014-07",
            "price": "17.41",
            "revenue": 173949
        },
        "2014-08": {
            "month": "2014-08",
            "price": "16.51",
            "revenue": 177874
        },
        "2014-09": {
            "month": "2014-09",
            "price": "13.52",
            "revenue": 222228
        },
        "2014-10": {
            "month": "2014-10",
            "price": "11.79",
            "revenue": 202414
        },
        "2014-11": {
            "month": "2014-11",
            "price": "10.80",
            "revenue": 363936
        },
        "2014-12": {
            "month": "2014-12",
            "price": "11.82",
            "revenue": 716565
        },
        "2015-01": {
            "month": "2015-01",
            "price": "12.10",
            "revenue": 169217
        },
        "2015-02": {
            "month": "2015-02",
            "price": "12.12",
            "revenue": 178522
        },
        "2015-03": {
            "month": "2015-03",
            "price": "12.02",
            "revenue": 166114
        },
        "2015-04": {
            "month": "2015-04",
            "price": "13.06",
            "revenue": 167903
        },
        "2015-05": {
            "month": "2015-05",
            "price": "14.14",
            "revenue": 197352
        },
        "2015-06": {
            "month": "2015-06",
            "price": "12.45",
            "revenue": 118819
        },
        "2015-07": {
            "month": "2015-07",
            "price": "11.13",
            "revenue": 180062
        },
        "2015-08": {
            "month": "2015-08",
            "price": "10.33",
            "revenue": 195260
        },
        "2015-09": {
            "month": "2015-09",
            "price": "9.67",
            "revenue": 442423
        },
        "2015-10": {
            "month": "2015-10",
            "price": "9.58",
            "revenue": 297437
        },
        "2015-11": {
            "month": "2015-11",
            "price": "9.95",
            "revenue": 208952
        },
        "2015-12": {
            "month": "2015-12",
            "price": "10.21",
            "revenue": 195249
        },
        "2016-01": {
            "month": "2016-01",
            "price": "9.60",
            "revenue": 227899
        },
        "2016-02": {
            "month": "2016-02",
            "price": "9.38",
            "revenue": 83957
        },
        "2016-03": {
            "month": "2016-03",
            "price": "9.45",
            "revenue": 124467
        },
        "2016-04": {
            "month": "2016-04",
            "price": "9.20",
            "revenue": 122477
        },
        "2016-05": {
            "month": "2016-05",
            "price": "8.77",
            "revenue": 134599
        },
        "2016-06": {
            "month": "2016-06",
            "price": "8.54",
            "revenue": 94636
        },
        "2016-07": {
            "month": "2016-07",
            "price": "8.41",
            "revenue": 77212
        },
        "2016-08": {
            "month": "2016-08",
            "price": "8.46",
            "revenue": 720360
        },
        "2016-09": {
            "month": "2016-09",
            "price": "8.50",
            "revenue": 62680
        },
        "2016-10": {
            "month": "2016-10",
            "price": "8.07",
            "revenue": 195584
        },
        "2016-11": {
            "month": "2016-11",
            "price": "7.91",
            "revenue": 466009
        },
        "2016-12": {
            "month": "2016-12",
            "price": "8.18",
            "revenue": 577405
        },
        "2017-01": {
            "month": "2017-01",
            "price": "8.10",
            "revenue": 142630
        },
        "2017-02": {
            "month": "2017-02",
            "price": "8.31",
            "revenue": 211406
        },
        "2017-03": {
            "month": "2017-03",
            "price": "8.69",
            "revenue": 545560
        },
        "2017-04": {
            "month": "2017-04",
            "price": "8.65",
            "revenue": 100104
        },
        "2017-05": {
            "month": "2017-05",
            "price": "8.67",
            "revenue": 112215
        },
        "2017-06": {
            "month": "2017-06",
            "price": "9.15",
            "revenue": 320890
        },
        "2017-07": {
            "month": "2017-07",
            "price": "8.93",
            "revenue": 505661
        },
        "2017-08": {
            "month": "2017-08",
            "price": "8.74",
            "revenue": 187972
        },
        "2017-09": {
            "month": "2017-09",
            "price": "8.53",
            "revenue": 399716
        },
        "2017-10": {
            "month": "2017-10",
            "price": "8.46",
            "revenue": 175406
        },
        "2017-11": {
            "month": "2017-11",
            "price": "8.35",
            "revenue": 337003
        },
        "2017-12": {
            "month": "2017-12",
            "price": "8.55",
            "revenue": 448183
        },
        "2018-01": {
            "month": "2018-01",
            "price": "8.57",
            "revenue": 100486
        },
        "2018-02": {
            "month": "2018-02",
            "price": "8.09",
            "revenue": 163621
        },
        "2018-03": {
            "month": "2018-03",
            "price": "8.22",
            "revenue": 128432
        },
        "2018-04": {
            "month": "2018-04",
            "price": "9.38",
            "revenue": 124426
        },
        "2018-05": {
            "month": "2018-05",
            "price": "9.13",
            "revenue": 33178
        },
        "2018-06": {
            "month": "2018-06",
            "price": "9.22",
            "revenue": 52117
        },
        "2018-07": {
            "month": "2018-07",
            "price": "9.15",
            "revenue": 150176
        },
        "2018-08": {
            "month": "2018-08",
            "price": "9.37",
            "revenue": 41865
        },
        "2018-09": {
            "month": "2018-09",
            "price": "9.48",
            "revenue": 118942
        },
        "2018-10": {
            "month": "2018-10",
            "price": "9.09",
            "revenue": 40126
        },
        "2018-11": {
            "month": "2018-11",
            "price": "8.84",
            "revenue": 30229
        },
        "2018-12": {
            "month": "2018-12",
            "price": "8.56",
            "revenue": 87138
        },
        "2019-01": {
            "month": "2019-01",
            "price": "8.54",
            "revenue": 64161
        },
        "2019-02": {
            "month": "2019-02",
            "price": "8.66",
            "revenue": 123967
        },
        "2019-03": {
            "month": "2019-03",
            "price": "8.52",
            "revenue": 151698
        },
        "2019-04": {
            "month": "2019-04",
            "price": "8.34",
            "revenue": 85914
        },
        "2019-05": {
            "month": "2019-05",
            "price": "8.14",
            "revenue": 50229
        },
        "2019-06": {
            "month": "2019-06",
            "price": "8.24",
            "revenue": 90617
        },
        "2019-07": {
            "month": "2019-07",
            "price": "8.47",
            "revenue": 81249
        },
        "2019-08": {
            "month": "2019-08",
            "price": "9.21",
            "revenue": 173357
        },
        "2019-09": {
            "month": "2019-09",
            "price": "12.06",
            "revenue": 126690
        },
        "2019-10": {
            "month": "2019-10",
            "price": "12.77",
            "revenue": 112719
        },
        "2019-11": {
            "month": "2019-11",
            "price": "12.48",
            "revenue": 3848561
        },
        "2019-12": {
            "month": "2019-12",
            "price": "12.28",
            "revenue": 714669
        },
        "2020-01": {
            "month": "2020-01",
            "price": "12.39",
            "revenue": 170346
        },
        "2020-02": {
            "month": "2020-02",
            "price": "12.45",
            "revenue": 159005
        },
        "2020-03": {
            "month": "2020-03",
            "price": "9.97",
            "revenue": 246647
        },
        "2020-04": {
            "month": "2020-04",
            "price": "10.15",
            "revenue": 465430
        },
        "2020-05": {
            "month": "2020-05",
            "price": "10.78",
            "revenue": 613643
        },
        "2020-06": {
            "month": "2020-06",
            "price": "11.76",
            "revenue": 780973
        },
        "2020-07": {
            "month": "2020-07",
            "price": "12.26",
            "revenue": 622246
        },
        "2020-08": {
            "month": "2020-08",
            "price": "12.39",
            "revenue": 595532
        },
        "2020-09": {
            "month": "2020-09",
            "price": "11.71",
            "revenue": 446649
        },
        "2020-10": {
            "month": "2020-10",
            "price": "11.13",
            "revenue": 476862
        },
        "2020-11": {
            "month": "2020-11",
            "price": "11.67",
            "revenue": 274703
        },
        "2020-12": {
            "month": "2020-12",
            "price": "13.15",
            "revenue": 365556
        },
        "2021-01": {
            "month": "2021-01",
            "price": "12.38",
            "revenue": 207723
        },
        "2021-02": {
            "month": "2021-02",
            "price": "12.69",
            "revenue": 305550
        },
        "2021-03": {
            "month": "2021-03",
            "price": "13.50",
            "revenue": 307755
        },
        "2021-04": {
            "month": "2021-04",
            "price": "13.94",
            "revenue": 311264
        },
        "2021-05": {
            "month": "2021-05",
            "price": "12.22",
            "revenue": 267917
        },
        "2021-06": {
            "month": "2021-06",
            "price": "12.50",
            "revenue": 693304
        },
        "2021-07": {
            "month": "2021-07",
            "price": "12.01",
            "revenue": 251955
        },
        "2021-08": {
            "month": "2021-08",
            "price": "11.80",
            "revenue": 339680
        },
        "2021-09": {
            "month": "2021-09",
            "price": "10.79",
            "revenue": 172691
        },
        "2021-10": {
            "month": "2021-10",
            "price": "10.54",
            "revenue": 202692
        },
        "2021-11": {
            "month": "2021-11",
            "price": "10.77",
            "revenue": 256829
        },
        "2021-12": {
            "month": "2021-12",
            "price": "10.61",
            "revenue": 297383
        },
        "2022-01": {
            "month": "2022-01",
            "price": "10.53",
            "revenue": 321545
        },
        "2022-02": {
            "month": "2022-02",
            "price": "10.44",
            "revenue": 162912
        },
        "2022-03": {
            "month": "2022-03",
            "price": "10.31",
            "revenue": 229171
        },
        "2022-04": {
            "month": "2022-04",
            "price": "10.25",
            "revenue": 164558
        },
        "2022-05": {
            "month": "2022-05",
            "price": "10.14",
            "revenue": 176676
        },
        "2022-06": {
            "month": "2022-06",
            "price": "10.22",
            "revenue": 320197
        },
        "2022-07": {
            "month": "2022-07",
            "price": "10.07",
            "revenue": 167491
        },
        "2022-08": {
            "month": "2022-08",
            "price": "10.40",
            "revenue": 190421
        },
        "2022-09": {
            "month": "2022-09",
            "price": "10.22",
            "revenue": 290014
        },
        "2022-10": {
            "month": "2022-10",
            "price": "9.87",
            "revenue": 356847
        },
        "2022-11": {
            "month": "2022-11",
            "price": "10.06",
            "revenue": 279771
        },
        "2022-12": {
            "month": "2022-12",
            "price": "10.36",
            "revenue": 292060
        },
        "2023-01": {
            "month": "2023-01",
            "price": "10.39",
            "revenue": 213014
        },
        "2023-02": {
            "month": "2023-02",
            "price": "10.50",
            "revenue": 186652
        },
        "2023-03": {
            "month": "2023-03",
            "price": "11.10",
            "revenue": 312092
        },
        "2023-04": {
            "month": "2023-04",
            "price": "11.14",
            "revenue": 295520
        },
        "2023-05": {
            "month": "2023-05",
            "price": "11.77",
            "revenue": 260525
        },
        "2023-06": {
            "month": "2023-06",
            "price": "12.22",
            "revenue": 387957
        },
        "2023-07": {
            "month": "2023-07",
            "price": "12.69",
            "revenue": 217728
        },
        "2023-08": {
            "month": "2023-08",
            "price": "12.47",
            "revenue": 296938
        },
        "2023-09": {
            "month": "2023-09",
            "price": "11.55",
            "revenue": 274834
        },
        "2023-10": {
            "month": "2023-10",
            "price": "11.23",
            "revenue": 185715
        },
        "2023-11": {
            "month": "2023-11",
            "price": "11.26",
            "revenue": 215409
        },
        "2023-12": {
            "month": "2023-12",
            "price": "11.79",
            "revenue": 637683
        }
    }
}
