{
    "summary": {
        "stock_name": "立萬利",
        "stock_id": "3054",
        "category": "食品",
        "main_business": "生技產品銷售<br>電子產品銷售",
        "website_url": "http://www.liwanli.com.tw",
        "ceo": "陳立青",
        "pe_ratio": -84,
        "report_year_from": 2001,
        "report_year_to": 2023,
        "age": 23,
        "eps_negative_percentage": 39,
        "eps_growth_avg": {
            "last_all": -46.79,
            "last_2y": -100,
            "last_4y": -100,
            "last_8y": -76.61,
            "last_12y": -80.9,
            "last_16y": -51.23,
            "last_20y": -57.97,
            "at_2006_last_3y": -91.67,
            "at_2007_last_3y": -100,
            "at_2008_last_3y": null,
            "at_2009_last_3y": 100,
            "at_2010_last_3y": 67.41,
            "at_2011_last_3y": 21.98,
            "at_2012_last_3y": -8.51,
            "at_2013_last_3y": -44.68,
            "at_2014_last_3y": -88.04,
            "at_2015_last_3y": -98.41,
            "at_2016_last_3y": -97.62,
            "at_2017_last_3y": -59.43,
            "at_2018_last_3y": -61.02,
            "at_2019_last_3y": -41.53,
            "at_2020_last_3y": -61.02,
            "at_2021_last_3y": -100,
            "at_2022_last_3y": -100,
            "at_2023_last_3y": -100,
            "at_2024_last_3y": -100,
            "at_2006_last_all": -31.98,
            "at_2007_last_all": -31.98,
            "at_2008_last_all": -31.98,
            "at_2009_last_all": 1.01,
            "at_2010_last_all": 7.78,
            "at_2011_last_all": -5,
            "at_2012_last_all": -18.57,
            "at_2013_last_all": -18.57,
            "at_2014_last_all": -28.15,
            "at_2015_last_all": -36.14,
            "at_2016_last_all": -36.14,
            "at_2017_last_all": -30.83,
            "at_2018_last_all": -37.12,
            "at_2019_last_all": -37.12,
            "at_2020_last_all": -42.36,
            "at_2021_last_all": -42.36,
            "at_2022_last_all": -46.79,
            "at_2023_last_all": -46.79,
            "at_2024_last_all": -46.79
        },
        "latest_eps": -0.25,
        "latest_price": 21,
        "latest_roe": -2.59,
        "latest_gross_margin": 37.52,
        "latest_equity": 769782,
        "latest_revenue": 7106,
        "latest_gross_profit": 2666,
        "latest_net_income": -14621,
        "latest_debt_ratio": 4.34,
        "latest_current_ratio": 1318.75,
        "latest_account_receivable_turnover_ratio": 0.81,
        "latest_inventory_turnover_ratio": 0.17,
        "latest_reinvestment_rate": null,
        "latest_research_to_sale_ratio": 0
    },
    "eps_dividends": {
        "2001": {
            "cash": 0,
            "stock": 0,
            "eps": 3.49
        },
        "2002": {
            "cash": 0,
            "stock": 3.15,
            "eps": 6.54
        },
        "2003": {
            "cash": 1,
            "stock": 3,
            "eps": 1.09
        },
        "2004": {
            "cash": 0.2,
            "stock": 0.8,
            "eps": -7.46
        },
        "2005": {
            "cash": 0,
            "stock": 0,
            "eps": -1.92
        },
        "2006": {
            "cash": 0,
            "stock": 0,
            "eps": -0.59
        },
        "2007": {
            "cash": 0,
            "stock": 0,
            "eps": 0
        },
        "2008": {
            "cash": 0,
            "stock": 0,
            "eps": 0.32
        },
        "2009": {
            "cash": 0,
            "stock": 0,
            "eps": 1.12
        },
        "2010": {
            "cash": 0.21,
            "stock": 0,
            "eps": 1.51
        },
        "2011": {
            "cash": 1.36,
            "stock": 0,
            "eps": 0.47
        },
        "2012": {
            "cash": 0,
            "stock": 0,
            "eps": -0.74
        },
        "2013": {
            "cash": 0,
            "stock": 0,
            "eps": 2.94
        },
        "2014": {
            "cash": 1.5,
            "stock": 0,
            "eps": 0.14
        },
        "2015": {
            "cash": 0.13,
            "stock": 0,
            "eps": -0.97
        },
        "2016": {
            "cash": 0,
            "stock": 0,
            "eps": 0.59
        },
        "2017": {
            "cash": 0.11,
            "stock": 0,
            "eps": 0.69
        },
        "2018": {
            "cash": 0.4,
            "stock": 0,
            "eps": -0.01
        },
        "2019": {
            "cash": 0,
            "stock": 0,
            "eps": 0.04
        },
        "2020": {
            "cash": 0,
            "stock": 0,
            "eps": -0.17
        },
        "2021": {
            "cash": 0,
            "stock": 0,
            "eps": 0.55
        },
        "2022": {
            "cash": 0,
            "stock": 0,
            "eps": -1.5
        },
        "2023": {
            "cash": 0,
            "stock": 0,
            "eps": -0.09
        }
    },
    "dividends": {
        "2002-04-15": {
            "cash": 0,
            "stock": 3.15
        },
        "2003-04-10": {
            "cash": 1,
            "stock": 3
        },
        "2004-04-15": {
            "cash": 0.2,
            "stock": 0.8
        },
        "2010-03-30": {
            "cash": 0.21,
            "stock": 0
        },
        "2011-04-21": {
            "cash": 1.36,
            "stock": 0
        },
        "2014-08-21": {
            "cash": 1.5,
            "stock": 0
        },
        "2015-09-09": {
            "cash": 0.13,
            "stock": 0
        },
        "2017-08-04": {
            "cash": 0.11,
            "stock": 0
        },
        "2018-07-20": {
            "cash": 0.4,
            "stock": 0
        }
    },
    "prices": {
        "200101": "無",
        "200102": "無",
        "200103": "無",
        "200104": "無",
        "200105": "無",
        "200106": "無",
        "200107": "無",
        "200108": "無",
        "200109": "無",
        "200110": "無",
        "200111": "無",
        "200112": "無",
        "200201": "無",
        "200202": "無",
        "200203": "無",
        "200204": "無",
        "200205": "無",
        "200206": "無",
        "200207": "無",
        "200208": "無",
        "200209": "無",
        "200210": "無",
        "200211": "98.65",
        "200212": "97.75",
        "200301": "88.53",
        "200302": "67.41",
        "200303": "68.12",
        "200304": "59.41",
        "200305": "51.70",
        "200306": "63.20",
        "200307": "58.50",
        "200308": "48.27",
        "200309": "35.56",
        "200310": "35.30",
        "200311": "25.23",
        "200312": "25.97",
        "200401": "27.83",
        "200402": "27.70",
        "200403": "24.06",
        "200404": "23.19",
        "200405": "15.57",
        "200406": "12.60",
        "200407": "9.45",
        "200408": "8.76",
        "200409": "9.99",
        "200410": "8.86",
        "200411": "8.35",
        "200412": "8.43",
        "200501": "9.22",
        "200502": "9.32",
        "200503": "11.00",
        "200504": "10.54",
        "200505": "7.92",
        "200506": "9.08",
        "200507": "9.24",
        "200508": "9.64",
        "200509": "9.38",
        "200510": "8.04",
        "200511": "6.18",
        "200512": "5.66",
        "200601": "6.72",
        "200602": "7.49",
        "200603": "7.85",
        "200604": "16.47",
        "200605": "14.42",
        "200606": "14.40",
        "200607": "15.08",
        "200608": "16.07",
        "200609": "25.15",
        "200610": "29.39",
        "200611": "29.04",
        "200612": "28.59",
        "200701": "28.62",
        "200702": "28.93",
        "200703": "30.98",
        "200704": "35.64",
        "200705": "35.33",
        "200706": "40.93",
        "200707": "46.03",
        "200708": "45.97",
        "200709": "38.00",
        "200710": "34.83",
        "200711": "30.20",
        "200712": "29.09",
        "200801": "27.94",
        "200802": "25.62",
        "200803": "28.40",
        "200804": "31.98",
        "200805": "25.51",
        "200806": "21.63",
        "200807": "16.75",
        "200808": "10.29",
        "200809": "9.43",
        "200810": "9.99",
        "200811": "9.76",
        "200812": "9.90",
        "200901": "9.34",
        "200902": "9.41",
        "200903": "14.77",
        "200904": "19.30",
        "200905": "23.62",
        "200906": "22.72",
        "200907": "21.93",
        "200908": "22.14",
        "200909": "22.56",
        "200910": "23.05",
        "200911": "21.88",
        "200912": "23.74",
        "201001": "26.60",
        "201002": "23.66",
        "201003": "23.56",
        "201004": "23.93",
        "201005": "19.25",
        "201006": "17.08",
        "201007": "17.83",
        "201008": "18.03",
        "201009": "16.35",
        "201010": "15.64",
        "201011": "15.97",
        "201012": "16.32",
        "201101": "15.78",
        "201102": "15.47",
        "201103": "15.88",
        "201104": "16.98",
        "201105": "17.33",
        "201106": "15.80",
        "201107": "14.75",
        "201108": "12.36",
        "201109": "12.20",
        "201110": "12.81",
        "201111": "12.26",
        "201112": "12.19",
        "201201": "11.81",
        "201202": "13.80",
        "201203": "13.41",
        "201204": "12.28",
        "201205": "11.41",
        "201206": "11.51",
        "201207": "11.15",
        "201208": "10.78",
        "201209": "10.68",
        "201210": "9.12",
        "201211": "7.94",
        "201212": "7.82",
        "201301": "7.98",
        "201302": "7.96",
        "201303": "12.30",
        "201304": "14.80",
        "201305": "19.95",
        "201306": "22.09",
        "201307": "20.73",
        "201308": "20.09",
        "201309": "20.49",
        "201310": "25.60",
        "201311": "22.53",
        "201312": "22.24",
        "201401": "25.19",
        "201402": "25.20",
        "201403": "23.48",
        "201404": "22.60",
        "201405": "19.40",
        "201406": "19.70",
        "201407": "19.38",
        "201408": "15.77",
        "201409": "14.25",
        "201410": "11.67",
        "201411": "13.92",
        "201412": "13.98",
        "201501": "13.81",
        "201502": "14.28",
        "201503": "21.85",
        "201504": "23.52",
        "201505": "21.18",
        "201506": "19.87",
        "201507": "15.75",
        "201508": "15.62",
        "201509": "18.52",
        "201510": "19.41",
        "201511": "17.89",
        "201512": "18.60",
        "201601": "18.51",
        "201602": "18.89",
        "201603": "20.41",
        "201604": "17.91",
        "201605": "18.23",
        "201606": "20.52",
        "201607": "21.68",
        "201608": "19.78",
        "201609": "21.73",
        "201610": "20.97",
        "201611": "22.71",
        "201612": "21.48",
        "201701": "21.35",
        "201702": "21.68",
        "201703": "20.59",
        "201704": "21.74",
        "201705": "20.32",
        "201706": "20.56",
        "201707": "20.81",
        "201708": "19.51",
        "201709": "19.99",
        "201710": "19.60",
        "201711": "18.29",
        "201712": "18.08",
        "201801": "20.79",
        "201802": "19.65",
        "201803": "20.65",
        "201804": "20.27",
        "201805": "19.66",
        "201806": "19.39",
        "201807": "19.19",
        "201808": "19.08",
        "201809": "21.39",
        "201810": "23.04",
        "201811": "22.98",
        "201812": "25.03",
        "201901": "26.68",
        "201902": "26.63",
        "201903": "25.66",
        "201904": "25.50",
        "201905": "25.02",
        "201906": "24.98",
        "201907": "24.64",
        "201908": "24.31",
        "201909": "25.77",
        "201910": "24.69",
        "201911": "23.74",
        "201912": "24.98",
        "202001": "27.00",
        "202002": "24.98",
        "202003": "23.93",
        "202004": "24.45",
        "202005": "24.00",
        "202006": "24.08",
        "202007": "24.27",
        "202008": "23.06",
        "202009": "22.87",
        "202010": "23.04",
        "202011": "22.98",
        "202012": "23.34",
        "202101": "22.93",
        "202102": "22.82",
        "202103": "22.28",
        "202104": "22.49",
        "202105": "21.17",
        "202106": "22.62",
        "202107": "20.97",
        "202108": "24.93",
        "202109": "27.12",
        "202110": "28.42",
        "202111": "26.22",
        "202112": "24.45",
        "202201": "23.26",
        "202202": "23.69",
        "202203": "22.77",
        "202204": "21.65",
        "202205": "19.16",
        "202206": "20.37",
        "202207": "19.42",
        "202208": "19.30",
        "202209": "19.51",
        "202210": "19.86",
        "202211": "19.56",
        "202212": "19.67",
        "202301": "19.14",
        "202302": "18.94",
        "202303": "19.08",
        "202304": "19.08",
        "202305": "19.08",
        "202306": "21.23",
        "202307": "19.86",
        "202308": "19.88",
        "202309": "19.82",
        "202310": "20.72",
        "202311": "20.39",
        "202312": "20.39"
    },
    "quarters": {
        "20011": {
            "year_quarter": 20011,
            "year": 2001,
            "quarter": 1,
            "eps": 1.06,
            "eps_growth_year": null,
            "eps_4q": null,
            "eps_4q_growth_year": null,
            "roe": 7.48,
            "roe_4q": 7.48,
            "gross_profit": 36899,
            "gross_margin": 29.47,
            "gross_margin_4q_avg": 29.47,
            "net_income": 15889,
            "net_income_4q": null,
            "revenue": 125221,
            "revenue_4q": null,
            "common_shares": 150200,
            "book_valuer_per_share": 14.66,
            "book_valuer_per_share_4q_avg": 14.66,
            "equity": 220192,
            "current_ratio": 201.22,
            "debt_ratio": 54.59,
            "inventory_turnover_ratio": 0.83,
            "account_receivable_turnover_ratio": null,
            "reinvestment_rate": null,
            "research_to_sale_ratio": null,
            "price_fair": 0,
            "eps_avg_yearly": 0,
            "eps_latest_yearly": 0,
            "eps_growth_yearly": 0
        },
        "20012": {
            "year_quarter": 20012,
            "year": 2001,
            "quarter": 2,
            "eps": 0.86,
            "eps_growth_year": null,
            "eps_4q": null,
            "eps_4q_growth_year": null,
            "roe": 7.05,
            "roe_4q": 14.530000000000001,
            "gross_profit": 45586,
            "gross_margin": 31.33,
            "gross_margin_4q_avg": 30.4,
            "net_income": 16821,
            "net_income_4q": null,
            "revenue": 145503,
            "revenue_4q": null,
            "common_shares": 195280,
            "book_valuer_per_share": 13.15,
            "book_valuer_per_share_4q_avg": 13.91,
            "equity": 256848,
            "current_ratio": 150.93,
            "debt_ratio": 49.2,
            "inventory_turnover_ratio": 1.02,
            "account_receivable_turnover_ratio": null,
            "reinvestment_rate": null,
            "research_to_sale_ratio": null,
            "price_fair": 0,
            "eps_avg_yearly": 0,
            "eps_latest_yearly": 0,
            "eps_growth_yearly": 0
        },
        "20013": {
            "year_quarter": 20013,
            "year": 2001,
            "quarter": 3,
            "eps": 0.57,
            "eps_growth_year": null,
            "eps_4q": null,
            "eps_4q_growth_year": null,
            "roe": 4.12,
            "roe_4q": 18.65,
            "gross_profit": 36595,
            "gross_margin": 30.3,
            "gross_margin_4q_avg": 30.37,
            "net_income": 11634,
            "net_income_4q": null,
            "revenue": 120791,
            "revenue_4q": null,
            "common_shares": 225280,
            "book_valuer_per_share": 13.68,
            "book_valuer_per_share_4q_avg": 13.83,
            "equity": 308135,
            "current_ratio": 213.14,
            "debt_ratio": 38.12,
            "inventory_turnover_ratio": 0.92,
            "account_receivable_turnover_ratio": null,
            "reinvestment_rate": null,
            "research_to_sale_ratio": null,
            "price_fair": 0,
            "eps_avg_yearly": 0,
            "eps_latest_yearly": 0,
            "eps_growth_yearly": 0
        },
        "20014": {
            "year_quarter": 20014,
            "year": 2001,
            "quarter": 4,
            "eps": 1,
            "eps_growth_year": null,
            "eps_4q": 3.11,
            "eps_4q_growth_year": null,
            "roe": 6.59,
            "roe_4q": 25.240000000000002,
            "gross_profit": 48851,
            "gross_margin": 31.96,
            "gross_margin_4q_avg": 30.77,
            "net_income": 20992,
            "net_income_4q": null,
            "revenue": 152837,
            "revenue_4q": null,
            "common_shares": 225280,
            "book_valuer_per_share": 14.61,
            "book_valuer_per_share_4q_avg": 14.03,
            "equity": 329160,
            "current_ratio": 233.66,
            "debt_ratio": 33.84,
            "inventory_turnover_ratio": 1.1,
            "account_receivable_turnover_ratio": null,
            "reinvestment_rate": null,
            "research_to_sale_ratio": null,
            "price_fair": 0,
            "eps_avg_yearly": 0,
            "eps_latest_yearly": 0,
            "eps_growth_yearly": 0
        },
        "20021": {
            "year_quarter": 20021,
            "year": 2002,
            "quarter": 1,
            "eps": 1.15,
            "eps_growth_year": 8.49,
            "eps_4q": 3.35,
            "eps_4q_growth_year": null,
            "roe": 7.56,
            "roe_4q": 25.32,
            "gross_profit": 58681,
            "gross_margin": 36.82,
            "gross_margin_4q_avg": 32.6,
            "net_income": 25875,
            "net_income_4q": null,
            "revenue": 159355,
            "revenue_4q": null,
            "common_shares": 225280,
            "book_valuer_per_share": 15.76,
            "book_valuer_per_share_4q_avg": 14.3,
            "equity": 355046,
            "current_ratio": 172.39,
            "debt_ratio": 40.21,
            "inventory_turnover_ratio": 0.87,
            "account_receivable_turnover_ratio": null,
            "reinvestment_rate": null,
            "research_to_sale_ratio": null,
            "price_fair": 161,
            "eps_avg_yearly": 4.6,
            "eps_latest_yearly": 4.6,
            "eps_growth_yearly": 60
        },
        "20022": {
            "year_quarter": 20022,
            "year": 2002,
            "quarter": 2,
            "eps": 0.81,
            "eps_growth_year": -5.81,
            "eps_4q": 2.72,
            "eps_4q_growth_year": null,
            "roe": 6.76,
            "roe_4q": 25.03,
            "gross_profit": 71877,
            "gross_margin": 35.37,
            "gross_margin_4q_avg": 33.61,
            "net_income": 24803,
            "net_income_4q": null,
            "revenue": 203211,
            "revenue_4q": null,
            "common_shares": 305000,
            "book_valuer_per_share": 12.4,
            "book_valuer_per_share_4q_avg": 14.11,
            "equity": 378284,
            "current_ratio": 165.26,
            "debt_ratio": 42.52,
            "inventory_turnover_ratio": 0.9,
            "account_receivable_turnover_ratio": null,
            "reinvestment_rate": null,
            "research_to_sale_ratio": null,
            "price_fair": 11.76,
            "eps_avg_yearly": 3.92,
            "eps_latest_yearly": 3.24,
            "eps_growth_yearly": -29.13
        },
        "20023": {
            "year_quarter": 20023,
            "year": 2002,
            "quarter": 3,
            "eps": 2.02,
            "eps_growth_year": 254.39,
            "eps_4q": 4.37,
            "eps_4q_growth_year": null,
            "roe": 15.05,
            "roe_4q": 35.96,
            "gross_profit": 116305,
            "gross_margin": 37.03,
            "gross_margin_4q_avg": 35.3,
            "net_income": 61605,
            "net_income_4q": null,
            "revenue": 314064,
            "revenue_4q": null,
            "common_shares": 305000,
            "book_valuer_per_share": 14.44,
            "book_valuer_per_share_4q_avg": 14.3,
            "equity": 440293,
            "current_ratio": 170.07,
            "debt_ratio": 43.61,
            "inventory_turnover_ratio": 1.08,
            "account_receivable_turnover_ratio": null,
            "reinvestment_rate": null,
            "research_to_sale_ratio": null,
            "price_fair": 185.73,
            "eps_avg_yearly": 5.31,
            "eps_latest_yearly": 8.08,
            "eps_growth_yearly": 179.76
        },
        "20024": {
            "year_quarter": 20024,
            "year": 2002,
            "quarter": 4,
            "eps": 2.56,
            "eps_growth_year": 156,
            "eps_4q": 6.24,
            "eps_4q_growth_year": 100.49,
            "roe": 16.3,
            "roe_4q": 45.67,
            "gross_profit": 124214,
            "gross_margin": 33.86,
            "gross_margin_4q_avg": 35.77,
            "net_income": 78107,
            "net_income_4q": null,
            "revenue": 366816,
            "revenue_4q": null,
            "common_shares": 305000,
            "book_valuer_per_share": 16.99,
            "book_valuer_per_share_4q_avg": 14.9,
            "equity": 518335,
            "current_ratio": 165.67,
            "debt_ratio": 46.05,
            "inventory_turnover_ratio": 1.16,
            "account_receivable_turnover_ratio": null,
            "reinvestment_rate": null,
            "research_to_sale_ratio": null,
            "price_fair": 228.9,
            "eps_avg_yearly": 6.54,
            "eps_latest_yearly": 10.24,
            "eps_growth_yearly": 161.55
        },
        "20031": {
            "year_quarter": 20031,
            "year": 2003,
            "quarter": 1,
            "eps": 1.08,
            "eps_growth_year": -6.09,
            "eps_4q": 6.49,
            "eps_4q_growth_year": 93.91,
            "roe": 6.14,
            "roe_4q": 44.25,
            "gross_profit": 77013,
            "gross_margin": 27.74,
            "gross_margin_4q_avg": 33.5,
            "net_income": 32834,
            "net_income_4q": null,
            "revenue": 277623,
            "revenue_4q": null,
            "common_shares": 305000,
            "book_valuer_per_share": 18.07,
            "book_valuer_per_share_4q_avg": 15.48,
            "equity": 551165,
            "current_ratio": 158.01,
            "debt_ratio": 44.84,
            "inventory_turnover_ratio": 0.87,
            "account_receivable_turnover_ratio": null,
            "reinvestment_rate": null,
            "research_to_sale_ratio": null,
            "price_fair": 213.36,
            "eps_avg_yearly": 6.1,
            "eps_latest_yearly": 4.32,
            "eps_growth_yearly": 82.99
        },
        "20032": {
            "year_quarter": 20032,
            "year": 2003,
            "quarter": 2,
            "eps": 0.55,
            "eps_growth_year": -32.1,
            "eps_4q": 4.75,
            "eps_4q_growth_year": 74.7,
            "roe": 4.14,
            "roe_4q": 41.629999999999995,
            "gross_profit": 70141,
            "gross_margin": 24.43,
            "gross_margin_4q_avg": 30.77,
            "net_income": 22581,
            "net_income_4q": null,
            "revenue": 287114,
            "revenue_4q": null,
            "common_shares": 305000,
            "book_valuer_per_share": 17.72,
            "book_valuer_per_share_4q_avg": 16.81,
            "equity": 540492,
            "current_ratio": 296.11,
            "debt_ratio": 55.8,
            "inventory_turnover_ratio": 0.77,
            "account_receivable_turnover_ratio": null,
            "reinvestment_rate": null,
            "research_to_sale_ratio": null,
            "price_fair": 190.63,
            "eps_avg_yearly": 5.45,
            "eps_latest_yearly": 2.2,
            "eps_growth_yearly": 36.44
        },
        "20033": {
            "year_quarter": 20033,
            "year": 2003,
            "quarter": 3,
            "eps": -0.62,
            "eps_growth_year": -130.69,
            "eps_4q": 2.6,
            "eps_4q_growth_year": -40.46,
            "roe": -4.89,
            "roe_4q": 21.69,
            "gross_profit": 20626,
            "gross_margin": 7.53,
            "gross_margin_4q_avg": 23.39,
            "net_income": -25833,
            "net_income_4q": null,
            "revenue": 274073,
            "revenue_4q": null,
            "common_shares": 413867,
            "book_valuer_per_share": 12.45,
            "book_valuer_per_share_4q_avg": 16.31,
            "equity": 515307,
            "current_ratio": 333.68,
            "debt_ratio": 54.42,
            "inventory_turnover_ratio": 0.9,
            "account_receivable_turnover_ratio": null,
            "reinvestment_rate": null,
            "research_to_sale_ratio": null,
            "price_fair": 190.63,
            "eps_avg_yearly": 5.45,
            "eps_latest_yearly": 2.2,
            "eps_growth_yearly": 36.44
        },
        "20034": {
            "year_quarter": 20034,
            "year": 2003,
            "quarter": 4,
            "eps": 0.08,
            "eps_growth_year": -96.88,
            "eps_4q": 0.81,
            "eps_4q_growth_year": -87.02,
            "roe": 0.63,
            "roe_4q": 6.02,
            "gross_profit": 38203,
            "gross_margin": 11.54,
            "gross_margin_4q_avg": 17.81,
            "net_income": 3243,
            "net_income_4q": null,
            "revenue": 331192,
            "revenue_4q": null,
            "common_shares": 413922,
            "book_valuer_per_share": 12.58,
            "book_valuer_per_share_4q_avg": 15.21,
            "equity": 520524,
            "current_ratio": 254.21,
            "debt_ratio": 58.39,
            "inventory_turnover_ratio": 1.11,
            "account_receivable_turnover_ratio": null,
            "reinvestment_rate": null,
            "research_to_sale_ratio": null,
            "price_fair": 190.63,
            "eps_avg_yearly": 5.45,
            "eps_latest_yearly": 2.2,
            "eps_growth_yearly": 36.44
        },
        "20041": {
            "year_quarter": 20041,
            "year": 2004,
            "quarter": 1,
            "eps": -1.93,
            "eps_growth_year": -278.7,
            "eps_4q": -1.93,
            "eps_4q_growth_year": -129.74,
            "roe": -16.64,
            "roe_4q": -16.76,
            "gross_profit": 17303,
            "gross_margin": 7.16,
            "gross_margin_4q_avg": 12.67,
            "net_income": -79897,
            "net_income_4q": null,
            "revenue": 241707,
            "revenue_4q": null,
            "common_shares": 413922,
            "book_valuer_per_share": 10.63,
            "book_valuer_per_share_4q_avg": 13.35,
            "equity": 439900,
            "current_ratio": 234.15,
            "debt_ratio": 63.36,
            "inventory_turnover_ratio": 0.72,
            "account_receivable_turnover_ratio": null,
            "reinvestment_rate": null,
            "research_to_sale_ratio": null,
            "price_fair": 190.63,
            "eps_avg_yearly": 5.45,
            "eps_latest_yearly": 2.2,
            "eps_growth_yearly": 36.44
        },
        "20042": {
            "year_quarter": 20042,
            "year": 2004,
            "quarter": 2,
            "eps": -1.23,
            "eps_growth_year": -323.64,
            "eps_4q": -3.82,
            "eps_4q_growth_year": -180.38,
            "roe": -13.64,
            "roe_4q": -34.54,
            "gross_profit": -8199,
            "gross_margin": -4.24,
            "gross_margin_4q_avg": 5.5,
            "net_income": -55631,
            "net_income_4q": null,
            "revenue": 193327,
            "revenue_4q": null,
            "common_shares": 413922,
            "book_valuer_per_share": 9.07,
            "book_valuer_per_share_4q_avg": 11.18,
            "equity": 375541,
            "current_ratio": 105.8,
            "debt_ratio": 60.96,
            "inventory_turnover_ratio": 0.66,
            "account_receivable_turnover_ratio": null,
            "reinvestment_rate": null,
            "research_to_sale_ratio": null,
            "price_fair": 190.63,
            "eps_avg_yearly": 5.45,
            "eps_latest_yearly": 2.2,
            "eps_growth_yearly": 36.44
        },
        "20043": {
            "year_quarter": 20043,
            "year": 2004,
            "quarter": 3,
            "eps": -1.01,
            "eps_growth_year": null,
            "eps_4q": -3.94,
            "eps_4q_growth_year": -251.46,
            "roe": -12.96,
            "roe_4q": -42.61,
            "gross_profit": 15413,
            "gross_margin": 8.6,
            "gross_margin_4q_avg": 5.77,
            "net_income": -45732,
            "net_income_4q": null,
            "revenue": 179149,
            "revenue_4q": null,
            "common_shares": 451704,
            "book_valuer_per_share": 7.31,
            "book_valuer_per_share_4q_avg": 9.9,
            "equity": 330112,
            "current_ratio": 97.63,
            "debt_ratio": 64.79,
            "inventory_turnover_ratio": 0.68,
            "account_receivable_turnover_ratio": null,
            "reinvestment_rate": null,
            "research_to_sale_ratio": null,
            "price_fair": 190.63,
            "eps_avg_yearly": 5.45,
            "eps_latest_yearly": 2.2,
            "eps_growth_yearly": 36.44
        },
        "20044": {
            "year_quarter": 20044,
            "year": 2004,
            "quarter": 4,
            "eps": -3.29,
            "eps_growth_year": -4212.5,
            "eps_4q": -7.25,
            "eps_4q_growth_year": -995.34,
            "roe": -42.19,
            "roe_4q": -85.42999999999999,
            "gross_profit": 24567,
            "gross_margin": 11.74,
            "gross_margin_4q_avg": 5.82,
            "net_income": -150258,
            "net_income_4q": null,
            "revenue": 209248,
            "revenue_4q": null,
            "common_shares": 851704,
            "book_valuer_per_share": 4.49,
            "book_valuer_per_share_4q_avg": 7.88,
            "equity": 382244,
            "current_ratio": 114.39,
            "debt_ratio": 60.34,
            "inventory_turnover_ratio": 1,
            "account_receivable_turnover_ratio": null,
            "reinvestment_rate": null,
            "research_to_sale_ratio": null,
            "price_fair": 190.63,
            "eps_avg_yearly": 5.45,
            "eps_latest_yearly": 2.2,
            "eps_growth_yearly": 36.44
        },
        "20051": {
            "year_quarter": 20051,
            "year": 2005,
            "quarter": 1,
            "eps": -1.48,
            "eps_growth_year": null,
            "eps_4q": -4.43,
            "eps_4q_growth_year": null,
            "roe": -28.2,
            "roe_4q": -96.99,
            "gross_profit": 9464,
            "gross_margin": 9.37,
            "gross_margin_4q_avg": 6.37,
            "net_income": -126027,
            "net_income_4q": null,
            "revenue": 100966,
            "revenue_4q": null,
            "common_shares": 1351704,
            "book_valuer_per_share": 3.79,
            "book_valuer_per_share_4q_avg": 6.17,
            "equity": 511621,
            "current_ratio": 169.82,
            "debt_ratio": 39.97,
            "inventory_turnover_ratio": 0.95,
            "account_receivable_turnover_ratio": null,
            "reinvestment_rate": null,
            "research_to_sale_ratio": null,
            "price_fair": 190.63,
            "eps_avg_yearly": 5.45,
            "eps_latest_yearly": 2.2,
            "eps_growth_yearly": 36.44
        },
        "20052": {
            "year_quarter": 20052,
            "year": 2005,
            "quarter": 2,
            "eps": -0.15,
            "eps_growth_year": null,
            "eps_4q": -2.5,
            "eps_4q_growth_year": null,
            "roe": -3.23,
            "roe_4q": -86.58000000000001,
            "gross_profit": 12350,
            "gross_margin": 16.93,
            "gross_margin_4q_avg": 11.66,
            "net_income": -16276,
            "net_income_4q": null,
            "revenue": 72937,
            "revenue_4q": null,
            "common_shares": 1351704,
            "book_valuer_per_share": 3.66,
            "book_valuer_per_share_4q_avg": 4.81,
            "equity": 495345,
            "current_ratio": 416.98,
            "debt_ratio": 14.31,
            "inventory_turnover_ratio": 1.23,
            "account_receivable_turnover_ratio": null,
            "reinvestment_rate": null,
            "research_to_sale_ratio": null,
            "price_fair": 190.63,
            "eps_avg_yearly": 5.45,
            "eps_latest_yearly": 2.2,
            "eps_growth_yearly": 36.44
        },
        "20053": {
            "year_quarter": 20053,
            "year": 2005,
            "quarter": 3,
            "eps": -0.14,
            "eps_growth_year": null,
            "eps_4q": -2.29,
            "eps_4q_growth_year": null,
            "roe": -3.42,
            "roe_4q": -77.03999999999999,
            "gross_profit": 11493,
            "gross_margin": 16.18,
            "gross_margin_4q_avg": 13.56,
            "net_income": -16658,
            "net_income_4q": null,
            "revenue": 71053,
            "revenue_4q": null,
            "common_shares": 1351704,
            "book_valuer_per_share": 3.54,
            "book_valuer_per_share_4q_avg": 3.87,
            "equity": 479146,
            "current_ratio": 478.76,
            "debt_ratio": 12.31,
            "inventory_turnover_ratio": 1.43,
            "account_receivable_turnover_ratio": null,
            "reinvestment_rate": null,
            "research_to_sale_ratio": null,
            "price_fair": 190.63,
            "eps_avg_yearly": 5.45,
            "eps_latest_yearly": 2.2,
            "eps_growth_yearly": 36.44
        },
        "20054": {
            "year_quarter": 20054,
            "year": 2005,
            "quarter": 4,
            "eps": -0.15,
            "eps_growth_year": null,
            "eps_4q": -1.44,
            "eps_4q_growth_year": null,
            "roe": -3.82,
            "roe_4q": -38.67,
            "gross_profit": 8313,
            "gross_margin": 13.97,
            "gross_margin_4q_avg": 14.11,
            "net_income": -17993,
            "net_income_4q": null,
            "revenue": 59523,
            "revenue_4q": null,
            "common_shares": 1351704,
            "book_valuer_per_share": 3.41,
            "book_valuer_per_share_4q_avg": 3.6,
            "equity": 462994,
            "current_ratio": 472,
            "debt_ratio": 13.19,
            "inventory_turnover_ratio": 1.59,
            "account_receivable_turnover_ratio": null,
            "reinvestment_rate": null,
            "research_to_sale_ratio": null,
            "price_fair": 190.63,
            "eps_avg_yearly": 5.45,
            "eps_latest_yearly": 2.2,
            "eps_growth_yearly": 36.44
        },
        "20061": {
            "year_quarter": 20061,
            "year": 2006,
            "quarter": 1,
            "eps": -0.23,
            "eps_growth_year": null,
            "eps_4q": -1.03,
            "eps_4q_growth_year": null,
            "roe": -2.78,
            "roe_4q": -13.25,
            "gross_profit": 7923,
            "gross_margin": 15.95,
            "gross_margin_4q_avg": 15.76,
            "net_income": -14711,
            "net_income_4q": null,
            "revenue": 49659,
            "revenue_4q": null,
            "common_shares": 661805,
            "book_valuer_per_share": 9.01,
            "book_valuer_per_share_4q_avg": 4.91,
            "equity": 596273,
            "current_ratio": 1127.28,
            "debt_ratio": 6.74,
            "inventory_turnover_ratio": 1.83,
            "account_receivable_turnover_ratio": null,
            "reinvestment_rate": null,
            "research_to_sale_ratio": null,
            "price_fair": 196.56,
            "eps_avg_yearly": 5.62,
            "eps_latest_yearly": 2.2,
            "eps_growth_yearly": 31.73
        },
        "20062": {
            "year_quarter": 20062,
            "year": 2006,
            "quarter": 2,
            "eps": -0.23,
            "eps_growth_year": null,
            "eps_4q": -0.85,
            "eps_4q_growth_year": null,
            "roe": -2.45,
            "roe_4q": -12.47,
            "gross_profit": 3361,
            "gross_margin": 10.94,
            "gross_margin_4q_avg": 14.26,
            "net_income": -15621,
            "net_income_4q": null,
            "revenue": 30733,
            "revenue_4q": null,
            "common_shares": 761805,
            "book_valuer_per_share": 8.93,
            "book_valuer_per_share_4q_avg": 6.22,
            "equity": 680590,
            "current_ratio": 1541.6,
            "debt_ratio": 5.51,
            "inventory_turnover_ratio": 1.71,
            "account_receivable_turnover_ratio": null,
            "reinvestment_rate": null,
            "research_to_sale_ratio": null,
            "price_fair": 217.35,
            "eps_avg_yearly": 6.21,
            "eps_latest_yearly": 2.2,
            "eps_growth_yearly": 69.23
        },
        "20063": {
            "year_quarter": 20063,
            "year": 2006,
            "quarter": 3,
            "eps": 0.03,
            "eps_growth_year": null,
            "eps_4q": -0.69,
            "eps_4q_growth_year": null,
            "roe": 0.29,
            "roe_4q": -8.76,
            "gross_profit": 8111,
            "gross_margin": 18.49,
            "gross_margin_4q_avg": 14.84,
            "net_income": 2017,
            "net_income_4q": null,
            "revenue": 43869,
            "revenue_4q": null,
            "common_shares": 775635,
            "book_valuer_per_share": 8.95,
            "book_valuer_per_share_4q_avg": 7.58,
            "equity": 693838,
            "current_ratio": 869.46,
            "debt_ratio": 6.85,
            "inventory_turnover_ratio": 1.83,
            "account_receivable_turnover_ratio": null,
            "reinvestment_rate": null,
            "research_to_sale_ratio": null,
            "price_fair": 16.76,
            "eps_avg_yearly": 5.59,
            "eps_latest_yearly": 2.2,
            "eps_growth_yearly": -106.87
        },
        "20064": {
            "year_quarter": 20064,
            "year": 2006,
            "quarter": 4,
            "eps": -0.16,
            "eps_growth_year": null,
            "eps_4q": -0.55,
            "eps_4q_growth_year": null,
            "roe": -1.64,
            "roe_4q": -6.58,
            "gross_profit": 7924,
            "gross_margin": 13.78,
            "gross_margin_4q_avg": 14.79,
            "net_income": -11303,
            "net_income_4q": null,
            "revenue": 57491,
            "revenue_4q": null,
            "common_shares": 775635,
            "book_valuer_per_share": 8.8,
            "book_valuer_per_share_4q_avg": 8.92,
            "equity": 684561,
            "current_ratio": 1023.37,
            "debt_ratio": 7.63,
            "inventory_turnover_ratio": 2.12,
            "account_receivable_turnover_ratio": null,
            "reinvestment_rate": null,
            "research_to_sale_ratio": null,
            "price_fair": 9.78,
            "eps_avg_yearly": 3.26,
            "eps_latest_yearly": 2.2,
            "eps_growth_yearly": -213.77
        },
        "20071": {
            "year_quarter": 20071,
            "year": 2007,
            "quarter": 1,
            "eps": -0.05,
            "eps_growth_year": null,
            "eps_4q": -0.34,
            "eps_4q_growth_year": null,
            "roe": -0.6,
            "roe_4q": -4.4,
            "gross_profit": 4620,
            "gross_margin": 11.85,
            "gross_margin_4q_avg": 13.77,
            "net_income": -4245,
            "net_income_4q": null,
            "revenue": 39001,
            "revenue_4q": null,
            "common_shares": 775635,
            "book_valuer_per_share": 9.35,
            "book_valuer_per_share_4q_avg": 9.01,
            "equity": 725446,
            "current_ratio": 979.15,
            "debt_ratio": 5.74,
            "inventory_turnover_ratio": 1.53,
            "account_receivable_turnover_ratio": null,
            "reinvestment_rate": null,
            "research_to_sale_ratio": null,
            "price_fair": 6.6,
            "eps_avg_yearly": 2.2,
            "eps_latest_yearly": 2.2,
            "eps_growth_yearly": -196.3
        },
        "20072": {
            "year_quarter": 20072,
            "year": 2007,
            "quarter": 2,
            "eps": -0.08,
            "eps_growth_year": null,
            "eps_4q": -0.26,
            "eps_4q_growth_year": null,
            "roe": -0.88,
            "roe_4q": -2.83,
            "gross_profit": 9379,
            "gross_margin": 6.47,
            "gross_margin_4q_avg": 12.65,
            "net_income": -6307,
            "net_income_4q": null,
            "revenue": 144982,
            "revenue_4q": null,
            "common_shares": 775635,
            "book_valuer_per_share": 9.08,
            "book_valuer_per_share_4q_avg": 9.05,
            "equity": 704163,
            "current_ratio": 763.39,
            "debt_ratio": 6.33,
            "inventory_turnover_ratio": 5.83,
            "account_receivable_turnover_ratio": null,
            "reinvestment_rate": null,
            "research_to_sale_ratio": null,
            "price_fair": 0,
            "eps_avg_yearly": 0,
            "eps_latest_yearly": 0,
            "eps_growth_yearly": 0
        },
        "20073": {
            "year_quarter": 20073,
            "year": 2007,
            "quarter": 3,
            "eps": -0.01,
            "eps_growth_year": -133.33,
            "eps_4q": -0.29,
            "eps_4q_growth_year": null,
            "roe": -0.07,
            "roe_4q": -3.1899999999999995,
            "gross_profit": 26595,
            "gross_margin": 13.78,
            "gross_margin_4q_avg": 11.47,
            "net_income": -501,
            "net_income_4q": null,
            "revenue": 192932,
            "revenue_4q": null,
            "common_shares": 775635,
            "book_valuer_per_share": 9.01,
            "book_valuer_per_share_4q_avg": 9.06,
            "equity": 699003,
            "current_ratio": 580.73,
            "debt_ratio": 7.36,
            "inventory_turnover_ratio": 8,
            "account_receivable_turnover_ratio": null,
            "reinvestment_rate": null,
            "research_to_sale_ratio": null,
            "price_fair": 0,
            "eps_avg_yearly": 0,
            "eps_latest_yearly": 0,
            "eps_growth_yearly": 0
        },
        "20074": {
            "year_quarter": 20074,
            "year": 2007,
            "quarter": 4,
            "eps": 0.14,
            "eps_growth_year": null,
            "eps_4q": -0,
            "eps_4q_growth_year": null,
            "roe": 1.58,
            "roe_4q": 0.030000000000000027,
            "gross_profit": 27558,
            "gross_margin": 22.03,
            "gross_margin_4q_avg": 13.53,
            "net_income": 10722,
            "net_income_4q": null,
            "revenue": 125084,
            "revenue_4q": null,
            "common_shares": 775635,
            "book_valuer_per_share": 8.52,
            "book_valuer_per_share_4q_avg": 8.99,
            "equity": 661025,
            "current_ratio": 553.38,
            "debt_ratio": 10.72,
            "inventory_turnover_ratio": 7.81,
            "account_receivable_turnover_ratio": null,
            "reinvestment_rate": null,
            "research_to_sale_ratio": null,
            "price_fair": 0,
            "eps_avg_yearly": 0,
            "eps_latest_yearly": 0,
            "eps_growth_yearly": 0
        },
        "20081": {
            "year_quarter": 20081,
            "year": 2008,
            "quarter": 1,
            "eps": 0.05,
            "eps_growth_year": null,
            "eps_4q": 0.1,
            "eps_4q_growth_year": null,
            "roe": 0.63,
            "roe_4q": 1.2600000000000002,
            "gross_profit": 18835,
            "gross_margin": 18.4,
            "gross_margin_4q_avg": 15.17,
            "net_income": 4201,
            "net_income_4q": null,
            "revenue": 102337,
            "revenue_4q": null,
            "common_shares": 775635,
            "book_valuer_per_share": 8.58,
            "book_valuer_per_share_4q_avg": 8.8,
            "equity": 665755,
            "current_ratio": 600.68,
            "debt_ratio": 9.98,
            "inventory_turnover_ratio": 8.49,
            "account_receivable_turnover_ratio": null,
            "reinvestment_rate": null,
            "research_to_sale_ratio": null,
            "price_fair": 0.6,
            "eps_avg_yearly": 0.2,
            "eps_latest_yearly": 0.2,
            "eps_growth_yearly": -257.14
        },
        "20082": {
            "year_quarter": 20082,
            "year": 2008,
            "quarter": 2,
            "eps": 0.06,
            "eps_growth_year": null,
            "eps_4q": 0.24,
            "eps_4q_growth_year": null,
            "roe": 0.72,
            "roe_4q": 2.8600000000000003,
            "gross_profit": 18353,
            "gross_margin": 14.44,
            "gross_margin_4q_avg": 17.16,
            "net_income": 4776,
            "net_income_4q": null,
            "revenue": 127093,
            "revenue_4q": null,
            "common_shares": 776035,
            "book_valuer_per_share": 8.58,
            "book_valuer_per_share_4q_avg": 8.67,
            "equity": 665607,
            "current_ratio": 464.95,
            "debt_ratio": 12.86,
            "inventory_turnover_ratio": 8.28,
            "account_receivable_turnover_ratio": null,
            "reinvestment_rate": null,
            "research_to_sale_ratio": null,
            "price_fair": 0.66,
            "eps_avg_yearly": 0.22,
            "eps_latest_yearly": 0.24,
            "eps_growth_yearly": -88.57
        },
        "20083": {
            "year_quarter": 20083,
            "year": 2008,
            "quarter": 3,
            "eps": -0.12,
            "eps_growth_year": null,
            "eps_4q": 0.13,
            "eps_4q_growth_year": null,
            "roe": -1.4,
            "roe_4q": 1.5300000000000002,
            "gross_profit": 12999,
            "gross_margin": 12.43,
            "gross_margin_4q_avg": 16.83,
            "net_income": -9161,
            "net_income_4q": null,
            "revenue": 104612,
            "revenue_4q": null,
            "common_shares": 776035,
            "book_valuer_per_share": 8.23,
            "book_valuer_per_share_4q_avg": 8.48,
            "equity": 639049,
            "current_ratio": 447.77,
            "debt_ratio": 12.06,
            "inventory_turnover_ratio": 5.82,
            "account_receivable_turnover_ratio": null,
            "reinvestment_rate": null,
            "research_to_sale_ratio": null,
            "price_fair": 0.66,
            "eps_avg_yearly": 0.22,
            "eps_latest_yearly": 0.24,
            "eps_growth_yearly": -88.57
        },
        "20084": {
            "year_quarter": 20084,
            "year": 2008,
            "quarter": 4,
            "eps": 0.33,
            "eps_growth_year": 135.71,
            "eps_4q": 0.32,
            "eps_4q_growth_year": null,
            "roe": 3.94,
            "roe_4q": 3.8899999999999997,
            "gross_profit": 44029,
            "gross_margin": 23.65,
            "gross_margin_4q_avg": 17.23,
            "net_income": 25712,
            "net_income_4q": null,
            "revenue": 186173,
            "revenue_4q": null,
            "common_shares": 776035,
            "book_valuer_per_share": 8.59,
            "book_valuer_per_share_4q_avg": 8.5,
            "equity": 666677,
            "current_ratio": 430.08,
            "debt_ratio": 14.66,
            "inventory_turnover_ratio": 6.57,
            "account_receivable_turnover_ratio": 2.68,
            "reinvestment_rate": null,
            "research_to_sale_ratio": null,
            "price_fair": 0.66,
            "eps_avg_yearly": 0.22,
            "eps_latest_yearly": 0.24,
            "eps_growth_yearly": -88.57
        },
        "20091": {
            "year_quarter": 20091,
            "year": 2009,
            "quarter": 1,
            "eps": 0.26,
            "eps_growth_year": 420,
            "eps_4q": 0.53,
            "eps_4q_growth_year": 446.09,
            "roe": 2.9,
            "roe_4q": 6.159999999999999,
            "gross_profit": 26496,
            "gross_margin": 10,
            "gross_margin_4q_avg": 15.13,
            "net_income": 20513,
            "net_income_4q": null,
            "revenue": 264886,
            "revenue_4q": null,
            "common_shares": 776035,
            "book_valuer_per_share": 9.66,
            "book_valuer_per_share_4q_avg": 8.77,
            "equity": 749523,
            "current_ratio": 624.82,
            "debt_ratio": 10.99,
            "inventory_turnover_ratio": 5.31,
            "account_receivable_turnover_ratio": 2.2,
            "reinvestment_rate": null,
            "research_to_sale_ratio": null,
            "price_fair": 1.48,
            "eps_avg_yearly": 0.49,
            "eps_latest_yearly": 1.04,
            "eps_growth_yearly": -87.33
        },
        "20092": {
            "year_quarter": 20092,
            "year": 2009,
            "quarter": 2,
            "eps": 0.28,
            "eps_growth_year": 366.67,
            "eps_4q": 0.76,
            "eps_4q_growth_year": 214.82,
            "roe": 2.7,
            "roe_4q": 8.139999999999999,
            "gross_profit": 34003,
            "gross_margin": 10.2,
            "gross_margin_4q_avg": 14.07,
            "net_income": 21520,
            "net_income_4q": null,
            "revenue": 333476,
            "revenue_4q": null,
            "common_shares": 776035,
            "book_valuer_per_share": 10.85,
            "book_valuer_per_share_4q_avg": 9.33,
            "equity": 842052,
            "current_ratio": 889.66,
            "debt_ratio": 8.44,
            "inventory_turnover_ratio": 7.38,
            "account_receivable_turnover_ratio": 3.11,
            "reinvestment_rate": null,
            "research_to_sale_ratio": null,
            "price_fair": 1.95,
            "eps_avg_yearly": 0.65,
            "eps_latest_yearly": 1.12,
            "eps_growth_yearly": -57.81
        },
        "20093": {
            "year_quarter": 20093,
            "year": 2009,
            "quarter": 3,
            "eps": 0.26,
            "eps_growth_year": null,
            "eps_4q": 1.14,
            "eps_4q_growth_year": 757.85,
            "roe": 2.18,
            "roe_4q": 11.72,
            "gross_profit": 39018,
            "gross_margin": 12.71,
            "gross_margin_4q_avg": 14.14,
            "net_income": 20020,
            "net_income_4q": null,
            "revenue": 307088,
            "revenue_4q": null,
            "common_shares": 776035,
            "book_valuer_per_share": 12.8,
            "book_valuer_per_share_4q_avg": 10.48,
            "equity": 993330,
            "current_ratio": 833.67,
            "debt_ratio": 9.52,
            "inventory_turnover_ratio": 5.71,
            "account_receivable_turnover_ratio": 2.77,
            "reinvestment_rate": -212.84,
            "research_to_sale_ratio": null,
            "price_fair": 2.18,
            "eps_avg_yearly": 0.73,
            "eps_latest_yearly": 1.04,
            "eps_growth_yearly": -51.96
        },
        "20094": {
            "year_quarter": 20094,
            "year": 2009,
            "quarter": 4,
            "eps": 0.32,
            "eps_growth_year": -3.03,
            "eps_4q": 1.12,
            "eps_4q_growth_year": 244.51,
            "roe": 2.34,
            "roe_4q": 10.12,
            "gross_profit": 45359,
            "gross_margin": 13.43,
            "gross_margin_4q_avg": 11.59,
            "net_income": 24763,
            "net_income_4q": null,
            "revenue": 337660,
            "revenue_4q": null,
            "common_shares": 776035,
            "book_valuer_per_share": 14.46,
            "book_valuer_per_share_4q_avg": 11.94,
            "equity": 1122364,
            "current_ratio": 916.25,
            "debt_ratio": 9.04,
            "inventory_turnover_ratio": 5.01,
            "account_receivable_turnover_ratio": 5.21,
            "reinvestment_rate": 52.17,
            "research_to_sale_ratio": null,
            "price_fair": 2.46,
            "eps_avg_yearly": 0.82,
            "eps_latest_yearly": 1.28,
            "eps_growth_yearly": -27.91
        },
        "20101": {
            "year_quarter": 20101,
            "year": 2010,
            "quarter": 1,
            "eps": 0.24,
            "eps_growth_year": -7.69,
            "eps_4q": 1.1,
            "eps_4q_growth_year": 107.83,
            "roe": 1.71,
            "roe_4q": 8.93,
            "gross_profit": 29690,
            "gross_margin": 14.45,
            "gross_margin_4q_avg": 12.7,
            "net_income": 18765,
            "net_income_4q": null,
            "revenue": 205463,
            "revenue_4q": null,
            "common_shares": 776035,
            "book_valuer_per_share": 13.8,
            "book_valuer_per_share_4q_avg": 12.98,
            "equity": 1070647,
            "current_ratio": 729.57,
            "debt_ratio": 11.21,
            "inventory_turnover_ratio": 3.81,
            "account_receivable_turnover_ratio": 1.73,
            "reinvestment_rate": 25.77,
            "research_to_sale_ratio": 1.19,
            "price_fair": 2.52,
            "eps_avg_yearly": 0.84,
            "eps_latest_yearly": 0.96,
            "eps_growth_yearly": -38.21
        },
        "20102": {
            "year_quarter": 20102,
            "year": 2010,
            "quarter": 2,
            "eps": -0.02,
            "eps_growth_year": -105.96,
            "eps_4q": 0.8,
            "eps_4q_growth_year": 5.65,
            "roe": -0.13,
            "roe_4q": 6.1,
            "gross_profit": -482,
            "gross_margin": -0.21,
            "gross_margin_4q_avg": 10.1,
            "net_income": -1294,
            "net_income_4q": null,
            "revenue": 234824,
            "revenue_4q": null,
            "common_shares": 776035,
            "book_valuer_per_share": 12.33,
            "book_valuer_per_share_4q_avg": 13.35,
            "equity": 956849,
            "current_ratio": 612.9,
            "debt_ratio": 13.09,
            "inventory_turnover_ratio": 3.5,
            "account_receivable_turnover_ratio": 1.93,
            "reinvestment_rate": 40.47,
            "research_to_sale_ratio": 1.22,
            "price_fair": 2.52,
            "eps_avg_yearly": 0.84,
            "eps_latest_yearly": 0.96,
            "eps_growth_yearly": -38.21
        },
        "20103": {
            "year_quarter": 20103,
            "year": 2010,
            "quarter": 3,
            "eps": 1.33,
            "eps_growth_year": 411.64,
            "eps_4q": 1.87,
            "eps_4q_growth_year": 64.46,
            "roe": 11.13,
            "roe_4q": 15.05,
            "gross_profit": -3021,
            "gross_margin": -1.13,
            "gross_margin_4q_avg": 6.64,
            "net_income": 103233,
            "net_income_4q": null,
            "revenue": 266244,
            "revenue_4q": null,
            "common_shares": 776035,
            "book_valuer_per_share": 11.58,
            "book_valuer_per_share_4q_avg": 13.04,
            "equity": 898950,
            "current_ratio": 549.17,
            "debt_ratio": 13.83,
            "inventory_turnover_ratio": 3.83,
            "account_receivable_turnover_ratio": 2.45,
            "reinvestment_rate": 36.83,
            "research_to_sale_ratio": 1.2,
            "price_fair": 2.52,
            "eps_avg_yearly": 0.84,
            "eps_latest_yearly": 0.96,
            "eps_growth_yearly": -38.21
        },
        "20104": {
            "year_quarter": 20104,
            "year": 2010,
            "quarter": 4,
            "eps": -0.04,
            "eps_growth_year": -113.76,
            "eps_4q": 1.51,
            "eps_4q_growth_year": 35.1,
            "roe": -0.38,
            "roe_4q": 12.329999999999998,
            "gross_profit": 11321,
            "gross_margin": 3.62,
            "gross_margin_4q_avg": 4.18,
            "net_income": -3417,
            "net_income_4q": null,
            "revenue": 312624,
            "revenue_4q": null,
            "common_shares": 776035,
            "book_valuer_per_share": 11.54,
            "book_valuer_per_share_4q_avg": 12.31,
            "equity": 895333,
            "current_ratio": 530.27,
            "debt_ratio": 12.87,
            "inventory_turnover_ratio": 5.94,
            "account_receivable_turnover_ratio": 3.38,
            "reinvestment_rate": 65.98,
            "research_to_sale_ratio": 0.89,
            "price_fair": 2.52,
            "eps_avg_yearly": 0.84,
            "eps_latest_yearly": 0.96,
            "eps_growth_yearly": -38.21
        },
        "20111": {
            "year_quarter": 20111,
            "year": 2011,
            "quarter": 1,
            "eps": 0.28,
            "eps_growth_year": 16.67,
            "eps_4q": 1.55,
            "eps_4q_growth_year": 41.12,
            "roe": 2.38,
            "roe_4q": 13,
            "gross_profit": 27153,
            "gross_margin": 8.55,
            "gross_margin_4q_avg": 2.71,
            "net_income": 21523,
            "net_income_4q": null,
            "revenue": 317497,
            "revenue_4q": null,
            "common_shares": 776035,
            "book_valuer_per_share": 11.8,
            "book_valuer_per_share_4q_avg": 11.81,
            "equity": 915586,
            "current_ratio": 328.43,
            "debt_ratio": 21.59,
            "inventory_turnover_ratio": 3.06,
            "account_receivable_turnover_ratio": 2.78,
            "reinvestment_rate": 56.28,
            "research_to_sale_ratio": 0.83,
            "price_fair": 2.52,
            "eps_avg_yearly": 0.84,
            "eps_latest_yearly": 0.96,
            "eps_growth_yearly": -38.21
        },
        "20112": {
            "year_quarter": 20112,
            "year": 2011,
            "quarter": 2,
            "eps": -0.36,
            "eps_growth_year": null,
            "eps_4q": 1.2,
            "eps_4q_growth_year": 49.73,
            "roe": -3.36,
            "roe_4q": 9.770000000000001,
            "gross_profit": -14268,
            "gross_margin": -5.7,
            "gross_margin_4q_avg": 1.34,
            "net_income": -28126,
            "net_income_4q": null,
            "revenue": 250446,
            "revenue_4q": null,
            "common_shares": 776035,
            "book_valuer_per_share": 9.8,
            "book_valuer_per_share_4q_avg": 11.18,
            "equity": 760462,
            "current_ratio": 266.08,
            "debt_ratio": 25.15,
            "inventory_turnover_ratio": 2.17,
            "account_receivable_turnover_ratio": 2.11,
            "reinvestment_rate": 31.17,
            "research_to_sale_ratio": 1.14,
            "price_fair": 2.52,
            "eps_avg_yearly": 0.84,
            "eps_latest_yearly": 0.96,
            "eps_growth_yearly": -38.21
        },
        "20113": {
            "year_quarter": 20113,
            "year": 2011,
            "quarter": 3,
            "eps": 0.33,
            "eps_growth_year": -75.36,
            "eps_4q": 0.2,
            "eps_4q_growth_year": -89.41,
            "roe": 3.31,
            "roe_4q": 1.9500000000000002,
            "gross_profit": 33012,
            "gross_margin": 4.53,
            "gross_margin_4q_avg": 2.75,
            "net_income": 25432,
            "net_income_4q": null,
            "revenue": 728886,
            "revenue_4q": null,
            "common_shares": 776035,
            "book_valuer_per_share": 9.98,
            "book_valuer_per_share_4q_avg": 10.78,
            "equity": 774782,
            "current_ratio": 161.49,
            "debt_ratio": 47.64,
            "inventory_turnover_ratio": 2.46,
            "account_receivable_turnover_ratio": 3.23,
            "reinvestment_rate": 13.13,
            "research_to_sale_ratio": 0.41,
            "price_fair": 2.52,
            "eps_avg_yearly": 0.84,
            "eps_latest_yearly": 0.96,
            "eps_growth_yearly": -38.21
        },
        "20114": {
            "year_quarter": 20114,
            "year": 2011,
            "quarter": 4,
            "eps": 0.22,
            "eps_growth_year": null,
            "eps_4q": 0.46,
            "eps_4q_growth_year": -69.49,
            "roe": 2.15,
            "roe_4q": 4.48,
            "gross_profit": 39385,
            "gross_margin": 3.86,
            "gross_margin_4q_avg": 2.81,
            "net_income": 16953,
            "net_income_4q": null,
            "revenue": 1020411,
            "revenue_4q": null,
            "common_shares": 776035,
            "book_valuer_per_share": 10.3,
            "book_valuer_per_share_4q_avg": 10.47,
            "equity": 799593,
            "current_ratio": 205.93,
            "debt_ratio": 35.28,
            "inventory_turnover_ratio": 2.86,
            "account_receivable_turnover_ratio": 2.9,
            "reinvestment_rate": 9.59,
            "research_to_sale_ratio": 0.34,
            "price_fair": 2.54,
            "eps_avg_yearly": 0.85,
            "eps_latest_yearly": 0.88,
            "eps_growth_yearly": -50.1
        },
        "20121": {
            "year_quarter": 20121,
            "year": 2012,
            "quarter": 1,
            "eps": 0.01,
            "eps_growth_year": -96.43,
            "eps_4q": 0.19,
            "eps_4q_growth_year": -87.64,
            "roe": 0.07,
            "roe_4q": 2.1699999999999995,
            "gross_profit": 31767,
            "gross_margin": 4.26,
            "gross_margin_4q_avg": 1.74,
            "net_income": 581,
            "net_income_4q": null,
            "revenue": 745677,
            "revenue_4q": null,
            "common_shares": 776035,
            "book_valuer_per_share": 10.53,
            "book_valuer_per_share_4q_avg": 10.15,
            "equity": 816924,
            "current_ratio": 187.85,
            "debt_ratio": 39.48,
            "inventory_turnover_ratio": 2.56,
            "account_receivable_turnover_ratio": 2.18,
            "reinvestment_rate": 15.81,
            "research_to_sale_ratio": 0.41,
            "price_fair": 2.48,
            "eps_avg_yearly": 0.83,
            "eps_latest_yearly": 0.04,
            "eps_growth_yearly": -65.69
        },
        "20122": {
            "year_quarter": 20122,
            "year": 2012,
            "quarter": 2,
            "eps": 0.05,
            "eps_growth_year": null,
            "eps_4q": 0.6,
            "eps_4q_growth_year": -50.13,
            "roe": 0.43,
            "roe_4q": 5.96,
            "gross_profit": 32444,
            "gross_margin": 3.91,
            "gross_margin_4q_avg": 4.14,
            "net_income": 3520,
            "net_income_4q": null,
            "revenue": 830271,
            "revenue_4q": null,
            "common_shares": 776035,
            "book_valuer_per_share": 10.63,
            "book_valuer_per_share_4q_avg": 10.36,
            "equity": 825201,
            "current_ratio": 199.86,
            "debt_ratio": 36.28,
            "inventory_turnover_ratio": 2.31,
            "account_receivable_turnover_ratio": 2.72,
            "reinvestment_rate": 34.82,
            "research_to_sale_ratio": 0.47,
            "price_fair": 28.7,
            "eps_avg_yearly": 0.82,
            "eps_latest_yearly": 0.2,
            "eps_growth_yearly": 124.31
        },
        "20123": {
            "year_quarter": 20123,
            "year": 2012,
            "quarter": 3,
            "eps": -0.6,
            "eps_growth_year": -283.95,
            "eps_4q": -0.33,
            "eps_4q_growth_year": -266.94,
            "roe": -5.86,
            "roe_4q": -3.2100000000000004,
            "gross_profit": -26111,
            "gross_margin": -4.11,
            "gross_margin_4q_avg": 1.98,
            "net_income": -46783,
            "net_income_4q": null,
            "revenue": 635198,
            "revenue_4q": null,
            "common_shares": 776035,
            "book_valuer_per_share": 9.93,
            "book_valuer_per_share_4q_avg": 10.35,
            "equity": 770250,
            "current_ratio": 179.2,
            "debt_ratio": 37.31,
            "inventory_turnover_ratio": 2.35,
            "account_receivable_turnover_ratio": 2.16,
            "reinvestment_rate": 45.09,
            "research_to_sale_ratio": 0.58,
            "price_fair": 28.7,
            "eps_avg_yearly": 0.82,
            "eps_latest_yearly": 0.2,
            "eps_growth_yearly": 124.31
        },
        "20124": {
            "year_quarter": 20124,
            "year": 2012,
            "quarter": 4,
            "eps": -0.2,
            "eps_growth_year": -191.25,
            "eps_4q": -0.75,
            "eps_4q_growth_year": -262.52,
            "roe": -2.03,
            "roe_4q": -7.390000000000001,
            "gross_profit": 17404,
            "gross_margin": 3.31,
            "gross_margin_4q_avg": 1.84,
            "net_income": -15470,
            "net_income_4q": null,
            "revenue": 525416,
            "revenue_4q": null,
            "common_shares": 776035,
            "book_valuer_per_share": 9.71,
            "book_valuer_per_share_4q_avg": 10.2,
            "equity": 753193,
            "current_ratio": 220.19,
            "debt_ratio": 49.19,
            "inventory_turnover_ratio": 1.53,
            "account_receivable_turnover_ratio": 2,
            "reinvestment_rate": 58.35,
            "research_to_sale_ratio": 0.74,
            "price_fair": 28.7,
            "eps_avg_yearly": 0.82,
            "eps_latest_yearly": 0.2,
            "eps_growth_yearly": 124.31
        },
        "20131": {
            "year_quarter": 20131,
            "year": 2013,
            "quarter": 1,
            "eps": 0.99,
            "eps_growth_year": 9800,
            "eps_4q": 0.25,
            "eps_4q_growth_year": 31.8,
            "roe": 9.1,
            "roe_4q": 1.64,
            "gross_profit": 128642,
            "gross_margin": 18.75,
            "gross_margin_4q_avg": 5.47,
            "net_income": 83019,
            "net_income_4q": null,
            "revenue": 686012,
            "revenue_4q": null,
            "common_shares": 963561,
            "book_valuer_per_share": 11.12,
            "book_valuer_per_share_4q_avg": 10.35,
            "equity": 1071469,
            "current_ratio": 275.85,
            "debt_ratio": 33.13,
            "inventory_turnover_ratio": 1.19,
            "account_receivable_turnover_ratio": 2.53,
            "reinvestment_rate": 50.25,
            "research_to_sale_ratio": 0.7,
            "price_fair": 27.6,
            "eps_avg_yearly": 0.79,
            "eps_latest_yearly": 0.2,
            "eps_growth_yearly": 154.19
        },
        "20132": {
            "year_quarter": 20132,
            "year": 2013,
            "quarter": 2,
            "eps": 0.77,
            "eps_growth_year": 1597.57,
            "eps_4q": 0.96,
            "eps_4q_growth_year": 60.9,
            "roe": 6.82,
            "roe_4q": 8.030000000000001,
            "gross_profit": 128484,
            "gross_margin": 19.09,
            "gross_margin_4q_avg": 9.26,
            "net_income": 81063,
            "net_income_4q": null,
            "revenue": 672946,
            "revenue_4q": null,
            "common_shares": 1056485,
            "book_valuer_per_share": 12.37,
            "book_valuer_per_share_4q_avg": 10.78,
            "equity": 1306467,
            "current_ratio": 259.05,
            "debt_ratio": 31.9,
            "inventory_turnover_ratio": 1.05,
            "account_receivable_turnover_ratio": 2.15,
            "reinvestment_rate": 40.62,
            "research_to_sale_ratio": 0.65,
            "price_fair": 37.4,
            "eps_avg_yearly": 1.07,
            "eps_latest_yearly": 3.08,
            "eps_growth_yearly": 137.1
        },
        "20133": {
            "year_quarter": 20133,
            "year": 2013,
            "quarter": 3,
            "eps": 1.04,
            "eps_growth_year": null,
            "eps_4q": 2.44,
            "eps_4q_growth_year": null,
            "roe": 8.22,
            "roe_4q": 22.11,
            "gross_profit": 62991,
            "gross_margin": 13.46,
            "gross_margin_4q_avg": 13.65,
            "net_income": 110460,
            "net_income_4q": null,
            "revenue": 468144,
            "revenue_4q": null,
            "common_shares": 1062201,
            "book_valuer_per_share": 13.01,
            "book_valuer_per_share_4q_avg": 11.55,
            "equity": 1381636,
            "current_ratio": 266.86,
            "debt_ratio": 31.32,
            "inventory_turnover_ratio": 0.64,
            "account_receivable_turnover_ratio": 1.57,
            "reinvestment_rate": 30.61,
            "research_to_sale_ratio": 0.9,
            "price_fair": 53,
            "eps_avg_yearly": 1.51,
            "eps_latest_yearly": 4.16,
            "eps_growth_yearly": 161.22
        },
        "20134": {
            "year_quarter": 20134,
            "year": 2013,
            "quarter": 4,
            "eps": 0.14,
            "eps_growth_year": null,
            "eps_4q": 2.72,
            "eps_4q_growth_year": null,
            "roe": 1.1,
            "roe_4q": 25.240000000000002,
            "gross_profit": 72772,
            "gross_margin": 11.8,
            "gross_margin_4q_avg": 15.78,
            "net_income": 15233,
            "net_income_4q": null,
            "revenue": 616589,
            "revenue_4q": null,
            "common_shares": 1064251,
            "book_valuer_per_share": 12.95,
            "book_valuer_per_share_4q_avg": 12.36,
            "equity": 1378473,
            "current_ratio": 436.22,
            "debt_ratio": 35.65,
            "inventory_turnover_ratio": 0.84,
            "account_receivable_turnover_ratio": 2.19,
            "reinvestment_rate": -5.1,
            "research_to_sale_ratio": 0.98,
            "price_fair": 49.4,
            "eps_avg_yearly": 1.41,
            "eps_latest_yearly": 0.56,
            "eps_growth_yearly": 98.58
        },
        "20141": {
            "year_quarter": 20141,
            "year": 2014,
            "quarter": 1,
            "eps": 0.27,
            "eps_growth_year": -72.73,
            "eps_4q": 2.21,
            "eps_4q_growth_year": 776.59,
            "roe": 2.06,
            "roe_4q": 18.200000000000003,
            "gross_profit": 58886,
            "gross_margin": 7.94,
            "gross_margin_4q_avg": 13.07,
            "net_income": 29068,
            "net_income_4q": null,
            "revenue": 741835,
            "revenue_4q": null,
            "common_shares": 1067371,
            "book_valuer_per_share": 13.46,
            "book_valuer_per_share_4q_avg": 12.95,
            "equity": 1436822,
            "current_ratio": 840.04,
            "debt_ratio": 25.3,
            "inventory_turnover_ratio": 1.69,
            "account_receivable_turnover_ratio": 2.59,
            "reinvestment_rate": 80.71,
            "research_to_sale_ratio": 0.52,
            "price_fair": 50,
            "eps_avg_yearly": 1.43,
            "eps_latest_yearly": 1.08,
            "eps_growth_yearly": 165.93
        },
        "20142": {
            "year_quarter": 20142,
            "year": 2014,
            "quarter": 2,
            "eps": 0.06,
            "eps_growth_year": -92.21,
            "eps_4q": 1.51,
            "eps_4q_growth_year": 56.46,
            "roe": 0.48,
            "roe_4q": 11.860000000000001,
            "gross_profit": 49077,
            "gross_margin": 6.96,
            "gross_margin_4q_avg": 10.04,
            "net_income": 6519,
            "net_income_4q": null,
            "revenue": 705488,
            "revenue_4q": null,
            "common_shares": 1069481,
            "book_valuer_per_share": 12.08,
            "book_valuer_per_share_4q_avg": 12.88,
            "equity": 1291983,
            "current_ratio": 297.94,
            "debt_ratio": 38.95,
            "inventory_turnover_ratio": 2.23,
            "account_receivable_turnover_ratio": 3.01,
            "reinvestment_rate": 78.58,
            "research_to_sale_ratio": 0.61,
            "price_fair": 44.8,
            "eps_avg_yearly": 1.28,
            "eps_latest_yearly": 0.24,
            "eps_growth_yearly": 106.3
        },
        "20143": {
            "year_quarter": 20143,
            "year": 2014,
            "quarter": 3,
            "eps": -0.06,
            "eps_growth_year": -105.77,
            "eps_4q": 0.42,
            "eps_4q_growth_year": -82.8,
            "roe": -0.47,
            "roe_4q": 3.1700000000000004,
            "gross_profit": 19972,
            "gross_margin": 4.91,
            "gross_margin_4q_avg": 7.9,
            "net_income": -5954,
            "net_income_4q": null,
            "revenue": 406913,
            "revenue_4q": null,
            "common_shares": 1069521,
            "book_valuer_per_share": 11.68,
            "book_valuer_per_share_4q_avg": 12.54,
            "equity": 1249654,
            "current_ratio": 382.16,
            "debt_ratio": 34.81,
            "inventory_turnover_ratio": 1.11,
            "account_receivable_turnover_ratio": 2.39,
            "reinvestment_rate": 94.18,
            "research_to_sale_ratio": 1.2,
            "price_fair": 44.8,
            "eps_avg_yearly": 1.28,
            "eps_latest_yearly": 0.24,
            "eps_growth_yearly": 106.3
        },
        "20144": {
            "year_quarter": 20144,
            "year": 2014,
            "quarter": 4,
            "eps": -0.13,
            "eps_growth_year": -193.6,
            "eps_4q": 0.14,
            "eps_4q_growth_year": -94.74,
            "roe": -1.15,
            "roe_4q": 0.9200000000000002,
            "gross_profit": -4717,
            "gross_margin": -1.24,
            "gross_margin_4q_avg": 4.64,
            "net_income": -14329,
            "net_income_4q": null,
            "revenue": 381694,
            "revenue_4q": null,
            "common_shares": 1069521,
            "book_valuer_per_share": 11.58,
            "book_valuer_per_share_4q_avg": 12.2,
            "equity": 1238104,
            "current_ratio": 365.56,
            "debt_ratio": 35.38,
            "inventory_turnover_ratio": 1.44,
            "account_receivable_turnover_ratio": 2.14,
            "reinvestment_rate": 72.8,
            "research_to_sale_ratio": 2.21,
            "price_fair": 44.8,
            "eps_avg_yearly": 1.28,
            "eps_latest_yearly": 0.24,
            "eps_growth_yearly": 106.3
        },
        "20151": {
            "year_quarter": 20151,
            "year": 2015,
            "quarter": 1,
            "eps": -0.16,
            "eps_growth_year": -159.26,
            "eps_4q": -0.28,
            "eps_4q_growth_year": -112.87,
            "roe": -1.36,
            "roe_4q": -2.4999999999999996,
            "gross_profit": 12820,
            "gross_margin": 3.64,
            "gross_margin_4q_avg": 3.57,
            "net_income": -16891,
            "net_income_4q": null,
            "revenue": 352329,
            "revenue_4q": null,
            "common_shares": 1077806,
            "book_valuer_per_share": 11.6,
            "book_valuer_per_share_4q_avg": 11.74,
            "equity": 1249860,
            "current_ratio": 189.19,
            "debt_ratio": 32.58,
            "inventory_turnover_ratio": 1.97,
            "account_receivable_turnover_ratio": 2.07,
            "reinvestment_rate": 102.51,
            "research_to_sale_ratio": 3.4,
            "price_fair": 44.8,
            "eps_avg_yearly": 1.28,
            "eps_latest_yearly": 0.24,
            "eps_growth_yearly": 106.3
        },
        "20152": {
            "year_quarter": 20152,
            "year": 2015,
            "quarter": 2,
            "eps": -0.17,
            "eps_growth_year": -383.33,
            "eps_4q": -0.51,
            "eps_4q_growth_year": -133.86,
            "roe": -1.49,
            "roe_4q": -4.47,
            "gross_profit": 6740,
            "gross_margin": 3.12,
            "gross_margin_4q_avg": 2.61,
            "net_income": -18012,
            "net_income_4q": null,
            "revenue": 216225,
            "revenue_4q": null,
            "common_shares": 1080882,
            "book_valuer_per_share": 10.84,
            "book_valuer_per_share_4q_avg": 11.43,
            "equity": 1171945,
            "current_ratio": 184.12,
            "debt_ratio": 31.29,
            "inventory_turnover_ratio": 1.43,
            "account_receivable_turnover_ratio": 1.48,
            "reinvestment_rate": 120.27,
            "research_to_sale_ratio": 3.44,
            "price_fair": 44.8,
            "eps_avg_yearly": 1.28,
            "eps_latest_yearly": 0.24,
            "eps_growth_yearly": 106.3
        },
        "20153": {
            "year_quarter": 20153,
            "year": 2015,
            "quarter": 3,
            "eps": -0.19,
            "eps_growth_year": null,
            "eps_4q": -0.64,
            "eps_4q_growth_year": -252.82,
            "roe": -1.74,
            "roe_4q": -5.74,
            "gross_profit": -5236,
            "gross_margin": -3.33,
            "gross_margin_4q_avg": 0.55,
            "net_income": -20059,
            "net_income_4q": null,
            "revenue": 157437,
            "revenue_4q": null,
            "common_shares": 1080882,
            "book_valuer_per_share": 10.46,
            "book_valuer_per_share_4q_avg": 11.12,
            "equity": 1130590,
            "current_ratio": 172.12,
            "debt_ratio": 32.09,
            "inventory_turnover_ratio": 1.05,
            "account_receivable_turnover_ratio": 1.21,
            "reinvestment_rate": 164.72,
            "research_to_sale_ratio": 4.09,
            "price_fair": 44.8,
            "eps_avg_yearly": 1.28,
            "eps_latest_yearly": 0.24,
            "eps_growth_yearly": 106.3
        },
        "20154": {
            "year_quarter": 20154,
            "year": 2015,
            "quarter": 4,
            "eps": -0.45,
            "eps_growth_year": null,
            "eps_4q": -0.96,
            "eps_4q_growth_year": -768.73,
            "roe": -4.37,
            "roe_4q": -8.96,
            "gross_profit": -11546,
            "gross_margin": -10.6,
            "gross_margin_4q_avg": -1.79,
            "net_income": -48491,
            "net_income_4q": null,
            "revenue": 108918,
            "revenue_4q": null,
            "common_shares": 1081132,
            "book_valuer_per_share": 10.09,
            "book_valuer_per_share_4q_avg": 10.75,
            "equity": 1090633,
            "current_ratio": 167.13,
            "debt_ratio": 34.26,
            "inventory_turnover_ratio": 0.8,
            "account_receivable_turnover_ratio": 0.99,
            "reinvestment_rate": 7.14,
            "research_to_sale_ratio": 7.98,
            "price_fair": 46.8,
            "eps_avg_yearly": 1.34,
            "eps_latest_yearly": 0.24,
            "eps_growth_yearly": 140.53
        },
        "20161": {
            "year_quarter": 20161,
            "year": 2016,
            "quarter": 1,
            "eps": 0.21,
            "eps_growth_year": null,
            "eps_4q": -0.61,
            "eps_4q_growth_year": null,
            "roe": 2.04,
            "roe_4q": -5.5600000000000005,
            "gross_profit": 6256,
            "gross_margin": 15.67,
            "gross_margin_4q_avg": 1.22,
            "net_income": 22141,
            "net_income_4q": null,
            "revenue": 39912,
            "revenue_4q": null,
            "common_shares": 1081132,
            "book_valuer_per_share": 10.21,
            "book_valuer_per_share_4q_avg": 10.4,
            "equity": 1083140,
            "current_ratio": 180.19,
            "debt_ratio": 28.37,
            "inventory_turnover_ratio": 0.24,
            "account_receivable_turnover_ratio": 0.67,
            "reinvestment_rate": 18.7,
            "research_to_sale_ratio": 11.54,
            "price_fair": 54.37,
            "eps_avg_yearly": 1.55,
            "eps_latest_yearly": 0.24,
            "eps_growth_yearly": 227.59
        },
        "20162": {
            "year_quarter": 20162,
            "year": 2016,
            "quarter": 2,
            "eps": 0.05,
            "eps_growth_year": null,
            "eps_4q": -0.39,
            "eps_4q_growth_year": null,
            "roe": 0.49,
            "roe_4q": -3.58,
            "gross_profit": 3844,
            "gross_margin": 14.88,
            "gross_margin_4q_avg": 4.16,
            "net_income": 5385,
            "net_income_4q": null,
            "revenue": 25842,
            "revenue_4q": null,
            "common_shares": 1081132,
            "book_valuer_per_share": 10.45,
            "book_valuer_per_share_4q_avg": 10.3,
            "equity": 1108548,
            "current_ratio": 194.27,
            "debt_ratio": 27.16,
            "inventory_turnover_ratio": 0.14,
            "account_receivable_turnover_ratio": 1.34,
            "reinvestment_rate": 49.36,
            "research_to_sale_ratio": 16.04,
            "price_fair": 4.66,
            "eps_avg_yearly": 1.55,
            "eps_latest_yearly": 0.2,
            "eps_growth_yearly": -89.87
        },
        "20163": {
            "year_quarter": 20163,
            "year": 2016,
            "quarter": 3,
            "eps": 0.29,
            "eps_growth_year": null,
            "eps_4q": 0.09,
            "eps_4q_growth_year": null,
            "roe": 2.67,
            "roe_4q": 0.8300000000000001,
            "gross_profit": 4366,
            "gross_margin": 4.76,
            "gross_margin_4q_avg": 6.18,
            "net_income": 30290,
            "net_income_4q": null,
            "revenue": 91756,
            "revenue_4q": null,
            "common_shares": 1081132,
            "book_valuer_per_share": 10.95,
            "book_valuer_per_share_4q_avg": 10.43,
            "equity": 1161841,
            "current_ratio": 199.55,
            "debt_ratio": 28.16,
            "inventory_turnover_ratio": 0.41,
            "account_receivable_turnover_ratio": 4.2,
            "reinvestment_rate": 12.48,
            "research_to_sale_ratio": 12.52,
            "price_fair": 52.4,
            "eps_avg_yearly": 1.5,
            "eps_latest_yearly": 1.16,
            "eps_growth_yearly": 197.25
        },
        "20164": {
            "year_quarter": 20164,
            "year": 2016,
            "quarter": 4,
            "eps": 0.04,
            "eps_growth_year": null,
            "eps_4q": 0.53,
            "eps_4q_growth_year": null,
            "roe": 0.37,
            "roe_4q": 5.57,
            "gross_profit": 23568,
            "gross_margin": 14.23,
            "gross_margin_4q_avg": 12.39,
            "net_income": 4980,
            "net_income_4q": null,
            "revenue": 165587,
            "revenue_4q": null,
            "common_shares": 1210753,
            "book_valuer_per_share": 12.8,
            "book_valuer_per_share_4q_avg": 11.1,
            "equity": 1512897,
            "current_ratio": 459.86,
            "debt_ratio": 12.83,
            "inventory_turnover_ratio": 0.65,
            "account_receivable_turnover_ratio": 10.97,
            "reinvestment_rate": 37.15,
            "research_to_sale_ratio": 5.33,
            "price_fair": 46.55,
            "eps_avg_yearly": 1.33,
            "eps_latest_yearly": 0.16,
            "eps_growth_yearly": 129.49
        },
        "20171": {
            "year_quarter": 20171,
            "year": 2017,
            "quarter": 1,
            "eps": 0.38,
            "eps_growth_year": 80.95,
            "eps_4q": 0.72,
            "eps_4q_growth_year": null,
            "roe": 2.85,
            "roe_4q": 6.380000000000001,
            "gross_profit": 13100,
            "gross_margin": 12.6,
            "gross_margin_4q_avg": 11.62,
            "net_income": 44953,
            "net_income_4q": null,
            "revenue": 103999,
            "revenue_4q": null,
            "common_shares": 1210753,
            "book_valuer_per_share": 13.9,
            "book_valuer_per_share_4q_avg": 12.03,
            "equity": 1642243,
            "current_ratio": 959.99,
            "debt_ratio": 6.49,
            "inventory_turnover_ratio": 0.57,
            "account_receivable_turnover_ratio": 3.34,
            "reinvestment_rate": 28.57,
            "research_to_sale_ratio": 7.99,
            "price_fair": 47.29,
            "eps_avg_yearly": 1.35,
            "eps_latest_yearly": 1.52,
            "eps_growth_yearly": 492.88
        },
        "20172": {
            "year_quarter": 20172,
            "year": 2017,
            "quarter": 2,
            "eps": -0.14,
            "eps_growth_year": -380,
            "eps_4q": 0.54,
            "eps_4q_growth_year": null,
            "roe": -1.02,
            "roe_4q": 4.87,
            "gross_profit": -10647,
            "gross_margin": -15.99,
            "gross_margin_4q_avg": 3.9,
            "net_income": -16567,
            "net_income_4q": null,
            "revenue": 66589,
            "revenue_4q": null,
            "common_shares": 1210753,
            "book_valuer_per_share": 13.65,
            "book_valuer_per_share_4q_avg": 12.83,
            "equity": 1613608,
            "current_ratio": 2152.21,
            "debt_ratio": 2.86,
            "inventory_turnover_ratio": 0.69,
            "account_receivable_turnover_ratio": 2.21,
            "reinvestment_rate": 73.62,
            "research_to_sale_ratio": 12.76,
            "price_fair": 39.73,
            "eps_avg_yearly": 1.14,
            "eps_latest_yearly": 1.52,
            "eps_growth_yearly": 565.6
        },
        "20173": {
            "year_quarter": 20173,
            "year": 2017,
            "quarter": 3,
            "eps": 0.26,
            "eps_growth_year": -10.34,
            "eps_4q": 0.54,
            "eps_4q_growth_year": 515.64,
            "roe": 1.88,
            "roe_4q": 4.08,
            "gross_profit": -13765,
            "gross_margin": -13.94,
            "gross_margin_4q_avg": -0.78,
            "net_income": 30571,
            "net_income_4q": null,
            "revenue": 98776,
            "revenue_4q": null,
            "common_shares": 1210753,
            "book_valuer_per_share": 13.91,
            "book_valuer_per_share_4q_avg": 13.57,
            "equity": 1643462,
            "current_ratio": 587.25,
            "debt_ratio": 10.83,
            "inventory_turnover_ratio": 1.07,
            "account_receivable_turnover_ratio": 8.3,
            "reinvestment_rate": 157.51,
            "research_to_sale_ratio": 11.36,
            "price_fair": 24.6,
            "eps_avg_yearly": 0.7,
            "eps_latest_yearly": 1.52,
            "eps_growth_yearly": 626.37
        },
        "20174": {
            "year_quarter": 20174,
            "year": 2017,
            "quarter": 4,
            "eps": 0.19,
            "eps_growth_year": 360.93,
            "eps_4q": 0.69,
            "eps_4q_growth_year": 30.44,
            "roe": 1.44,
            "roe_4q": 5.15,
            "gross_profit": -40134,
            "gross_margin": -50.9,
            "gross_margin_4q_avg": -17.06,
            "net_income": 22953,
            "net_income_4q": null,
            "revenue": 78849,
            "revenue_4q": null,
            "common_shares": 1210753,
            "book_valuer_per_share": 12.98,
            "book_valuer_per_share_4q_avg": 13.61,
            "equity": 1534396,
            "current_ratio": 1435.24,
            "debt_ratio": 4.44,
            "inventory_turnover_ratio": 1.53,
            "account_receivable_turnover_ratio": 7.85,
            "reinvestment_rate": 159.57,
            "research_to_sale_ratio": 5.94,
            "price_fair": 25.6,
            "eps_avg_yearly": 0.73,
            "eps_latest_yearly": 0.76,
            "eps_growth_yearly": 660.43
        },
        "20181": {
            "year_quarter": 20181,
            "year": 2018,
            "quarter": 1,
            "eps": 0.19,
            "eps_growth_year": -50,
            "eps_4q": 0.49,
            "eps_4q_growth_year": -32.31,
            "roe": 1.52,
            "roe_4q": 3.82,
            "gross_profit": -457,
            "gross_margin": -0.88,
            "gross_margin_4q_avg": -20.43,
            "net_income": 22402,
            "net_income_4q": null,
            "revenue": 51824,
            "revenue_4q": null,
            "common_shares": 1210753,
            "book_valuer_per_share": 11.64,
            "book_valuer_per_share_4q_avg": 13.05,
            "equity": 1409811,
            "current_ratio": 1618.77,
            "debt_ratio": 3.89,
            "inventory_turnover_ratio": 1.34,
            "account_receivable_turnover_ratio": 9.14,
            "reinvestment_rate": -913.68,
            "research_to_sale_ratio": 10.67,
            "price_fair": 24,
            "eps_avg_yearly": 0.69,
            "eps_latest_yearly": 0.76,
            "eps_growth_yearly": 607.37
        },
        "20182": {
            "year_quarter": 20182,
            "year": 2018,
            "quarter": 2,
            "eps": -0.11,
            "eps_growth_year": null,
            "eps_4q": 0.57,
            "eps_4q_growth_year": 4.95,
            "roe": -0.92,
            "roe_4q": 3.92,
            "gross_profit": 6167,
            "gross_margin": 12.77,
            "gross_margin_4q_avg": -13.24,
            "net_income": -12493,
            "net_income_4q": null,
            "revenue": 48308,
            "revenue_4q": null,
            "common_shares": 1210753,
            "book_valuer_per_share": 11.75,
            "book_valuer_per_share_4q_avg": 12.57,
            "equity": 1318409,
            "current_ratio": 933.69,
            "debt_ratio": 6.7,
            "inventory_turnover_ratio": 1.2,
            "account_receivable_turnover_ratio": 7.34,
            "reinvestment_rate": -1457.78,
            "research_to_sale_ratio": 19.72,
            "price_fair": 26.6,
            "eps_avg_yearly": 0.76,
            "eps_latest_yearly": 0.76,
            "eps_growth_yearly": 760.45
        },
        "20183": {
            "year_quarter": 20183,
            "year": 2018,
            "quarter": 3,
            "eps": -0.22,
            "eps_growth_year": -184.62,
            "eps_4q": 0.15,
            "eps_4q_growth_year": -71.85,
            "roe": -1.74,
            "roe_4q": 0.2999999999999998,
            "gross_profit": 2231,
            "gross_margin": 6.03,
            "gross_margin_4q_avg": -8.25,
            "net_income": -20157,
            "net_income_4q": null,
            "revenue": 37016,
            "revenue_4q": null,
            "common_shares": 900000,
            "book_valuer_per_share": 12.02,
            "book_valuer_per_share_4q_avg": 12.1,
            "equity": 1002945,
            "current_ratio": 235.56,
            "debt_ratio": 24.97,
            "inventory_turnover_ratio": 1.1,
            "account_receivable_turnover_ratio": 4.87,
            "reinvestment_rate": -2666.17,
            "research_to_sale_ratio": 16.92,
            "price_fair": 26.6,
            "eps_avg_yearly": 0.76,
            "eps_latest_yearly": 0.76,
            "eps_growth_yearly": 760.45
        },
        "20184": {
            "year_quarter": 20184,
            "year": 2018,
            "quarter": 4,
            "eps": 0.13,
            "eps_growth_year": -31.24,
            "eps_4q": 0.01,
            "eps_4q_growth_year": -98.46,
            "roe": 1.1,
            "roe_4q": -0.040000000000000036,
            "gross_profit": 3480,
            "gross_margin": 7.2,
            "gross_margin_4q_avg": 6.28,
            "net_income": 11139,
            "net_income_4q": null,
            "revenue": 48364,
            "revenue_4q": null,
            "common_shares": 900000,
            "book_valuer_per_share": 12.29,
            "book_valuer_per_share_4q_avg": 11.93,
            "equity": 1024805,
            "current_ratio": 1612.83,
            "debt_ratio": 3.49,
            "inventory_turnover_ratio": 2.27,
            "account_receivable_turnover_ratio": 4.71,
            "reinvestment_rate": -1058.21,
            "research_to_sale_ratio": 9.31,
            "price_fair": 26.6,
            "eps_avg_yearly": 0.76,
            "eps_latest_yearly": 0.76,
            "eps_growth_yearly": 760.45
        },
        "20191": {
            "year_quarter": 20191,
            "year": 2019,
            "quarter": 1,
            "eps": 0.22,
            "eps_growth_year": 15.79,
            "eps_4q": -0.04,
            "eps_4q_growth_year": -108.36,
            "roe": 1.78,
            "roe_4q": 0.21999999999999986,
            "gross_profit": 2769,
            "gross_margin": 11.45,
            "gross_margin_4q_avg": 9.36,
            "net_income": 18091,
            "net_income_4q": null,
            "revenue": 24175,
            "revenue_4q": null,
            "common_shares": 900000,
            "book_valuer_per_share": 12.09,
            "book_valuer_per_share_4q_avg": 12.04,
            "equity": 1008397,
            "current_ratio": 1301.56,
            "debt_ratio": 4.61,
            "inventory_turnover_ratio": 2.47,
            "account_receivable_turnover_ratio": 2.28,
            "reinvestment_rate": -624.02,
            "research_to_sale_ratio": 21.42,
            "price_fair": 27.2,
            "eps_avg_yearly": 0.78,
            "eps_latest_yearly": 0.88,
            "eps_growth_yearly": 691.38
        },
        "20192": {
            "year_quarter": 20192,
            "year": 2019,
            "quarter": 2,
            "eps": -0.17,
            "eps_growth_year": null,
            "eps_4q": -0.07,
            "eps_4q_growth_year": -111.53,
            "roe": -1.47,
            "roe_4q": -0.32999999999999985,
            "gross_profit": 1032,
            "gross_margin": 5.51,
            "gross_margin_4q_avg": 7.55,
            "net_income": -14509,
            "net_income_4q": null,
            "revenue": 18713,
            "revenue_4q": null,
            "common_shares": 885133,
            "book_valuer_per_share": 11.63,
            "book_valuer_per_share_4q_avg": 12.01,
            "equity": 970243,
            "current_ratio": 1281.75,
            "debt_ratio": 4.77,
            "inventory_turnover_ratio": 1.68,
            "account_receivable_turnover_ratio": 1.95,
            "reinvestment_rate": -639.67,
            "research_to_sale_ratio": 26.97,
            "price_fair": 27.2,
            "eps_avg_yearly": 0.78,
            "eps_latest_yearly": 0.88,
            "eps_growth_yearly": 691.38
        },
        "20193": {
            "year_quarter": 20193,
            "year": 2019,
            "quarter": 3,
            "eps": 0.04,
            "eps_growth_year": null,
            "eps_4q": 0.21,
            "eps_4q_growth_year": 40.43,
            "roe": 0.32,
            "roe_4q": 1.7300000000000002,
            "gross_profit": 594,
            "gross_margin": 1.45,
            "gross_margin_4q_avg": 6.4,
            "net_income": 3121,
            "net_income_4q": null,
            "revenue": 40910,
            "revenue_4q": null,
            "common_shares": 885133,
            "book_valuer_per_share": 11.65,
            "book_valuer_per_share_4q_avg": 11.92,
            "equity": 971610,
            "current_ratio": 831.19,
            "debt_ratio": 7.24,
            "inventory_turnover_ratio": 1.02,
            "account_receivable_turnover_ratio": 3.6,
            "reinvestment_rate": -522.51,
            "research_to_sale_ratio": 8.87,
            "price_fair": 27.2,
            "eps_avg_yearly": 0.78,
            "eps_latest_yearly": 0.88,
            "eps_growth_yearly": 691.38
        },
        "20194": {
            "year_quarter": 20194,
            "year": 2019,
            "quarter": 4,
            "eps": -0.05,
            "eps_growth_year": -135.2,
            "eps_4q": 0.03,
            "eps_4q_growth_year": 212.24,
            "roe": -0.4,
            "roe_4q": 0.22999999999999998,
            "gross_profit": -1871,
            "gross_margin": -4.07,
            "gross_margin_4q_avg": 3.59,
            "net_income": -3921,
            "net_income_4q": null,
            "revenue": 45984,
            "revenue_4q": null,
            "common_shares": 885133,
            "book_valuer_per_share": 11.58,
            "book_valuer_per_share_4q_avg": 11.74,
            "equity": 965787,
            "current_ratio": 438.98,
            "debt_ratio": 14.83,
            "inventory_turnover_ratio": 0.45,
            "account_receivable_turnover_ratio": 3.54,
            "reinvestment_rate": -133.22,
            "research_to_sale_ratio": 7.51,
            "price_fair": 27.2,
            "eps_avg_yearly": 0.78,
            "eps_latest_yearly": 0.88,
            "eps_growth_yearly": 691.38
        },
        "20201": {
            "year_quarter": 20201,
            "year": 2020,
            "quarter": 1,
            "eps": -0.19,
            "eps_growth_year": -186.36,
            "eps_4q": -0.37,
            "eps_4q_growth_year": null,
            "roe": -1.66,
            "roe_4q": -3.21,
            "gross_profit": -2525,
            "gross_margin": -2.47,
            "gross_margin_4q_avg": 0.11,
            "net_income": -15828,
            "net_income_4q": null,
            "revenue": 102400,
            "revenue_4q": null,
            "common_shares": 878480,
            "book_valuer_per_share": 11.33,
            "book_valuer_per_share_4q_avg": 11.55,
            "equity": 944782,
            "current_ratio": 425.12,
            "debt_ratio": 15.26,
            "inventory_turnover_ratio": 0.71,
            "account_receivable_turnover_ratio": 18.3,
            "reinvestment_rate": -213.92,
            "research_to_sale_ratio": 2.91,
            "price_fair": 27.2,
            "eps_avg_yearly": 0.78,
            "eps_latest_yearly": 0.88,
            "eps_growth_yearly": 691.38
        },
        "20202": {
            "year_quarter": 20202,
            "year": 2020,
            "quarter": 2,
            "eps": 0.21,
            "eps_growth_year": null,
            "eps_4q": 0.01,
            "eps_4q_growth_year": null,
            "roe": 1.87,
            "roe_4q": 0.13000000000000017,
            "gross_profit": -628,
            "gross_margin": -0.61,
            "gross_margin_4q_avg": -1.43,
            "net_income": 17773,
            "net_income_4q": null,
            "revenue": 102623,
            "revenue_4q": null,
            "common_shares": 878480,
            "book_valuer_per_share": 11.5,
            "book_valuer_per_share_4q_avg": 11.52,
            "equity": 959464,
            "current_ratio": 965.41,
            "debt_ratio": 6.7,
            "inventory_turnover_ratio": 0.91,
            "account_receivable_turnover_ratio": 39.93,
            "reinvestment_rate": -197.63,
            "research_to_sale_ratio": 1.12,
            "price_fair": 30.57,
            "eps_avg_yearly": 0.87,
            "eps_latest_yearly": 0.88,
            "eps_growth_yearly": 857.4
        },
        "20203": {
            "year_quarter": 20203,
            "year": 2020,
            "quarter": 3,
            "eps": -0.26,
            "eps_growth_year": -750,
            "eps_4q": -0.28,
            "eps_4q_growth_year": -230.88,
            "roe": -2.24,
            "roe_4q": -2.43,
            "gross_profit": -5144,
            "gross_margin": -10.52,
            "gross_margin_4q_avg": -4.42,
            "net_income": -21376,
            "net_income_4q": null,
            "revenue": 48908,
            "revenue_4q": null,
            "common_shares": 878480,
            "book_valuer_per_share": 11.37,
            "book_valuer_per_share_4q_avg": 11.45,
            "equity": 948143,
            "current_ratio": 909.76,
            "debt_ratio": 6.99,
            "inventory_turnover_ratio": 0.86,
            "account_receivable_turnover_ratio": 7.35,
            "reinvestment_rate": -330.53,
            "research_to_sale_ratio": 0.18,
            "price_fair": 28.56,
            "eps_avg_yearly": 0.82,
            "eps_latest_yearly": 0.88,
            "eps_growth_yearly": 644.88
        },
        "20204": {
            "year_quarter": 20204,
            "year": 2020,
            "quarter": 4,
            "eps": 0.07,
            "eps_growth_year": null,
            "eps_4q": -0.16,
            "eps_4q_growth_year": -589.32,
            "roe": 0.62,
            "roe_4q": -1.41,
            "gross_profit": -16815,
            "gross_margin": -73.27,
            "gross_margin_4q_avg": -21.72,
            "net_income": 5818,
            "net_income_4q": null,
            "revenue": 22948,
            "revenue_4q": null,
            "common_shares": 878480,
            "book_valuer_per_share": 11.22,
            "book_valuer_per_share_4q_avg": 11.36,
            "equity": 936031,
            "current_ratio": 956.31,
            "debt_ratio": 6.71,
            "inventory_turnover_ratio": 1.05,
            "account_receivable_turnover_ratio": 2.33,
            "reinvestment_rate": -421.78,
            "research_to_sale_ratio": 0.34,
            "price_fair": 34.3,
            "eps_avg_yearly": 0.98,
            "eps_latest_yearly": 0.88,
            "eps_growth_yearly": 892.31
        },
        "20211": {
            "year_quarter": 20211,
            "year": 2021,
            "quarter": 1,
            "eps": 0.14,
            "eps_growth_year": null,
            "eps_4q": 0.16,
            "eps_4q_growth_year": null,
            "roe": 1.22,
            "roe_4q": 1.4699999999999998,
            "gross_profit": -3144,
            "gross_margin": -23.2,
            "gross_margin_4q_avg": -26.9,
            "net_income": 11434,
            "net_income_4q": null,
            "revenue": 13551,
            "revenue_4q": null,
            "common_shares": 834110,
            "book_valuer_per_share": 11.31,
            "book_valuer_per_share_4q_avg": 11.35,
            "equity": 943016,
            "current_ratio": 1738.58,
            "debt_ratio": 3.89,
            "inventory_turnover_ratio": 0.76,
            "account_receivable_turnover_ratio": 1.5,
            "reinvestment_rate": -726.13,
            "research_to_sale_ratio": 0.52,
            "price_fair": 25.9,
            "eps_avg_yearly": 0.74,
            "eps_latest_yearly": 0.56,
            "eps_growth_yearly": 142.31
        },
        "20212": {
            "year_quarter": 20212,
            "year": 2021,
            "quarter": 2,
            "eps": 1.32,
            "eps_growth_year": 528.57,
            "eps_4q": 1.27,
            "eps_4q_growth_year": 9159.96,
            "roe": 11.05,
            "roe_4q": 10.65,
            "gross_profit": 4819,
            "gross_margin": 30.13,
            "gross_margin_4q_avg": -19.22,
            "net_income": 110149,
            "net_income_4q": null,
            "revenue": 15993,
            "revenue_4q": null,
            "common_shares": 834110,
            "book_valuer_per_share": 12.61,
            "book_valuer_per_share_4q_avg": 11.63,
            "equity": 1051447,
            "current_ratio": 1027.54,
            "debt_ratio": 6.64,
            "inventory_turnover_ratio": 0.88,
            "account_receivable_turnover_ratio": 2.36,
            "reinvestment_rate": -183.6,
            "research_to_sale_ratio": 0.31,
            "price_fair": 57.68,
            "eps_avg_yearly": 1.65,
            "eps_latest_yearly": 5.28,
            "eps_growth_yearly": 788.13
        },
        "20213": {
            "year_quarter": 20213,
            "year": 2021,
            "quarter": 3,
            "eps": -1.04,
            "eps_growth_year": null,
            "eps_4q": 0.5,
            "eps_4q_growth_year": null,
            "roe": -8.82,
            "roe_4q": 4.07,
            "gross_profit": 2573,
            "gross_margin": 32.65,
            "gross_margin_4q_avg": -8.42,
            "net_income": -86397,
            "net_income_4q": null,
            "revenue": 7880,
            "revenue_4q": null,
            "common_shares": 834110,
            "book_valuer_per_share": 11.14,
            "book_valuer_per_share_4q_avg": 11.57,
            "equity": 908357,
            "current_ratio": 898.52,
            "debt_ratio": 7,
            "inventory_turnover_ratio": 0.62,
            "account_receivable_turnover_ratio": 1.15,
            "reinvestment_rate": -575.05,
            "research_to_sale_ratio": 0.34,
            "price_fair": 57.68,
            "eps_avg_yearly": 1.65,
            "eps_latest_yearly": 5.28,
            "eps_growth_yearly": 788.13
        },
        "20214": {
            "year_quarter": 20214,
            "year": 2021,
            "quarter": 4,
            "eps": 0.13,
            "eps_growth_year": 84.46,
            "eps_4q": 0.56,
            "eps_4q_growth_year": null,
            "roe": 1.15,
            "roe_4q": 4.6000000000000005,
            "gross_profit": 3293,
            "gross_margin": 31.7,
            "gross_margin_4q_avg": 17.82,
            "net_income": 10377,
            "net_income_4q": null,
            "revenue": 10389,
            "revenue_4q": null,
            "common_shares": 834110,
            "book_valuer_per_share": 11.13,
            "book_valuer_per_share_4q_avg": 11.55,
            "equity": 897524,
            "current_ratio": 1183.64,
            "debt_ratio": 5.31,
            "inventory_turnover_ratio": 0.82,
            "account_receivable_turnover_ratio": 1.06,
            "reinvestment_rate": -711.03,
            "research_to_sale_ratio": 0.26,
            "price_fair": 65.45,
            "eps_avg_yearly": 1.87,
            "eps_latest_yearly": 5.28,
            "eps_growth_yearly": 1012.09
        },
        "20221": {
            "year_quarter": 20221,
            "year": 2022,
            "quarter": 1,
            "eps": -0.23,
            "eps_growth_year": -264.29,
            "eps_4q": 0.19,
            "eps_4q_growth_year": 18.49,
            "roe": -2.09,
            "roe_4q": 1.290000000000001,
            "gross_profit": 2957,
            "gross_margin": 35.84,
            "gross_margin_4q_avg": 32.58,
            "net_income": -18492,
            "net_income_4q": null,
            "revenue": 8251,
            "revenue_4q": null,
            "common_shares": 834110,
            "book_valuer_per_share": 10.79,
            "book_valuer_per_share_4q_avg": 11.42,
            "equity": 870286,
            "current_ratio": 1132.99,
            "debt_ratio": 5.5,
            "inventory_turnover_ratio": 0.57,
            "account_receivable_turnover_ratio": 0.87,
            "reinvestment_rate": null,
            "research_to_sale_ratio": 0.32,
            "price_fair": 78.4,
            "eps_avg_yearly": 2.24,
            "eps_latest_yearly": 5.28,
            "eps_growth_yearly": 1349.45
        },
        "20222": {
            "year_quarter": 20222,
            "year": 2022,
            "quarter": 2,
            "eps": -0.97,
            "eps_growth_year": -173.48,
            "eps_4q": -2.14,
            "eps_4q_growth_year": -268.74,
            "roe": -9.39,
            "roe_4q": -19.15,
            "gross_profit": 2982,
            "gross_margin": 38.85,
            "gross_margin_4q_avg": 34.76,
            "net_income": -78474,
            "net_income_4q": null,
            "revenue": 7675,
            "revenue_4q": null,
            "common_shares": 834110,
            "book_valuer_per_share": 9.93,
            "book_valuer_per_share_4q_avg": 10.75,
            "equity": 800750,
            "current_ratio": 1347.86,
            "debt_ratio": 4.37,
            "inventory_turnover_ratio": 0.41,
            "account_receivable_turnover_ratio": 1.13,
            "reinvestment_rate": null,
            "research_to_sale_ratio": 0.3,
            "price_fair": 78.4,
            "eps_avg_yearly": 2.24,
            "eps_latest_yearly": 5.28,
            "eps_growth_yearly": 1349.45
        },
        "20223": {
            "year_quarter": 20223,
            "year": 2022,
            "quarter": 3,
            "eps": -0.15,
            "eps_growth_year": null,
            "eps_4q": -1.22,
            "eps_4q_growth_year": -342.5,
            "roe": -1.5,
            "roe_4q": -11.83,
            "gross_profit": 2969,
            "gross_margin": 37.64,
            "gross_margin_4q_avg": 36.01,
            "net_income": -11758,
            "net_income_4q": null,
            "revenue": 7887,
            "revenue_4q": null,
            "common_shares": 834110,
            "book_valuer_per_share": 9.56,
            "book_valuer_per_share_4q_avg": 10.35,
            "equity": 771223,
            "current_ratio": 1346.06,
            "debt_ratio": 4.55,
            "inventory_turnover_ratio": 0.4,
            "account_receivable_turnover_ratio": 1.21,
            "reinvestment_rate": null,
            "research_to_sale_ratio": 0.29,
            "price_fair": 78.4,
            "eps_avg_yearly": 2.24,
            "eps_latest_yearly": 5.28,
            "eps_growth_yearly": 1349.45
        },
        "20224": {
            "year_quarter": 20224,
            "year": 2022,
            "quarter": 4,
            "eps": -0.15,
            "eps_growth_year": -217.4,
            "eps_4q": -1.5,
            "eps_4q_growth_year": -365.36,
            "roe": -1.59,
            "roe_4q": -14.57,
            "gross_profit": 2485,
            "gross_margin": 24.42,
            "gross_margin_4q_avg": 34.19,
            "net_income": -12183,
            "net_income_4q": null,
            "revenue": 10175,
            "revenue_4q": null,
            "common_shares": 834110,
            "book_valuer_per_share": 9.49,
            "book_valuer_per_share_4q_avg": 9.94,
            "equity": 765361,
            "current_ratio": 1182.08,
            "debt_ratio": 5.03,
            "inventory_turnover_ratio": 0.69,
            "account_receivable_turnover_ratio": 1.26,
            "reinvestment_rate": null,
            "research_to_sale_ratio": 0.15,
            "price_fair": 78.4,
            "eps_avg_yearly": 2.24,
            "eps_latest_yearly": 5.28,
            "eps_growth_yearly": 1349.45
        },
        "20231": {
            "year_quarter": 20231,
            "year": 2023,
            "quarter": 1,
            "eps": 0.2,
            "eps_growth_year": null,
            "eps_4q": -1.07,
            "eps_4q_growth_year": -653.69,
            "roe": 2.05,
            "roe_4q": -10.430000000000001,
            "gross_profit": 3482,
            "gross_margin": 46.46,
            "gross_margin_4q_avg": 36.84,
            "net_income": 15835,
            "net_income_4q": null,
            "revenue": 7495,
            "revenue_4q": null,
            "common_shares": 834110,
            "book_valuer_per_share": 9.66,
            "book_valuer_per_share_4q_avg": 9.66,
            "equity": 779318,
            "current_ratio": 1017.5,
            "debt_ratio": 5.88,
            "inventory_turnover_ratio": 0.41,
            "account_receivable_turnover_ratio": 0.86,
            "reinvestment_rate": null,
            "research_to_sale_ratio": 0.08,
            "price_fair": 102.2,
            "eps_avg_yearly": 2.92,
            "eps_latest_yearly": 5.28,
            "eps_growth_yearly": 1885.71
        },
        "20232": {
            "year_quarter": 20232,
            "year": 2023,
            "quarter": 2,
            "eps": -0.11,
            "eps_growth_year": null,
            "eps_4q": -0.21,
            "eps_4q_growth_year": null,
            "roe": -1.15,
            "roe_4q": -2.1900000000000004,
            "gross_profit": 5509,
            "gross_margin": 53.96,
            "gross_margin_4q_avg": 40.62,
            "net_income": -9009,
            "net_income_4q": null,
            "revenue": 10209,
            "revenue_4q": null,
            "common_shares": 834110,
            "book_valuer_per_share": 9.79,
            "book_valuer_per_share_4q_avg": 9.63,
            "equity": 789370,
            "current_ratio": 1380.91,
            "debt_ratio": 4.21,
            "inventory_turnover_ratio": 0.27,
            "account_receivable_turnover_ratio": 1.14,
            "reinvestment_rate": null,
            "research_to_sale_ratio": 0.04,
            "price_fair": 102.2,
            "eps_avg_yearly": 2.92,
            "eps_latest_yearly": 5.28,
            "eps_growth_yearly": 1885.71
        },
        "20233": {
            "year_quarter": 20233,
            "year": 2023,
            "quarter": 3,
            "eps": -0.18,
            "eps_growth_year": null,
            "eps_4q": -0.25,
            "eps_4q_growth_year": null,
            "roe": -1.88,
            "roe_4q": -2.5700000000000003,
            "gross_profit": 2666,
            "gross_margin": 37.52,
            "gross_margin_4q_avg": 40.59,
            "net_income": -14621,
            "net_income_4q": null,
            "revenue": 7106,
            "revenue_4q": null,
            "common_shares": 834110,
            "book_valuer_per_share": 9.54,
            "book_valuer_per_share_4q_avg": 9.62,
            "equity": 769782,
            "current_ratio": 1318.75,
            "debt_ratio": 4.34,
            "inventory_turnover_ratio": 0.17,
            "account_receivable_turnover_ratio": 0.81,
            "reinvestment_rate": null,
            "research_to_sale_ratio": 0,
            "price_fair": 102.2,
            "eps_avg_yearly": 2.92,
            "eps_latest_yearly": 5.28,
            "eps_growth_yearly": 1885.71
        }
    },
    "months": {
        "2002-11": {
            "month": "2002-11",
            "price": "98.65",
            "revenue": 125094
        },
        "2002-12": {
            "month": "2002-12",
            "price": "97.75",
            "revenue": 131150
        },
        "2003-01": {
            "month": "2003-01",
            "price": "88.53",
            "revenue": 106623
        },
        "2003-02": {
            "month": "2003-02",
            "price": "67.41",
            "revenue": 71876
        },
        "2003-03": {
            "month": "2003-03",
            "price": "68.12",
            "revenue": 99124
        },
        "2003-04": {
            "month": "2003-04",
            "price": "59.41",
            "revenue": 106852
        },
        "2003-05": {
            "month": "2003-05",
            "price": "51.70",
            "revenue": 90164
        },
        "2003-06": {
            "month": "2003-06",
            "price": "63.20",
            "revenue": 90097
        },
        "2003-07": {
            "month": "2003-07",
            "price": "58.50",
            "revenue": 85119
        },
        "2003-08": {
            "month": "2003-08",
            "price": "48.27",
            "revenue": 80125
        },
        "2003-09": {
            "month": "2003-09",
            "price": "35.56",
            "revenue": 108830
        },
        "2003-10": {
            "month": "2003-10",
            "price": "35.30",
            "revenue": 85761
        },
        "2003-11": {
            "month": "2003-11",
            "price": "25.23",
            "revenue": 123353
        },
        "2003-12": {
            "month": "2003-12",
            "price": "25.97",
            "revenue": 145071
        },
        "2004-01": {
            "month": "2004-01",
            "price": "27.83",
            "revenue": 67557
        },
        "2004-02": {
            "month": "2004-02",
            "price": "27.70",
            "revenue": 51770
        },
        "2004-03": {
            "month": "2004-03",
            "price": "24.06",
            "revenue": 99387
        },
        "2004-04": {
            "month": "2004-04",
            "price": "23.19",
            "revenue": 81670
        },
        "2004-05": {
            "month": "2004-05",
            "price": "15.57",
            "revenue": 51605
        },
        "2004-06": {
            "month": "2004-06",
            "price": "12.60",
            "revenue": 61119
        },
        "2004-07": {
            "month": "2004-07",
            "price": "9.45",
            "revenue": 62075
        },
        "2004-08": {
            "month": "2004-08",
            "price": "8.76",
            "revenue": 53876
        },
        "2004-09": {
            "month": "2004-09",
            "price": "9.99",
            "revenue": 68209
        },
        "2004-10": {
            "month": "2004-10",
            "price": "8.86",
            "revenue": 71502
        },
        "2004-11": {
            "month": "2004-11",
            "price": "8.35",
            "revenue": 71127
        },
        "2004-12": {
            "month": "2004-12",
            "price": "8.43",
            "revenue": 60540
        },
        "2005-01": {
            "month": "2005-01",
            "price": "9.22",
            "revenue": 43351
        },
        "2005-02": {
            "month": "2005-02",
            "price": "9.32",
            "revenue": 24741
        },
        "2005-03": {
            "month": "2005-03",
            "price": "11.00",
            "revenue": 32874
        },
        "2005-04": {
            "month": "2005-04",
            "price": "10.54",
            "revenue": 34861
        },
        "2005-05": {
            "month": "2005-05",
            "price": "7.92",
            "revenue": 15914
        },
        "2005-06": {
            "month": "2005-06",
            "price": "9.08",
            "revenue": 22162
        },
        "2005-07": {
            "month": "2005-07",
            "price": "9.24",
            "revenue": 24022
        },
        "2005-08": {
            "month": "2005-08",
            "price": "9.64",
            "revenue": 17161
        },
        "2005-09": {
            "month": "2005-09",
            "price": "9.38",
            "revenue": 29870
        },
        "2005-10": {
            "month": "2005-10",
            "price": "8.04",
            "revenue": 19267
        },
        "2005-11": {
            "month": "2005-11",
            "price": "6.18",
            "revenue": 22337
        },
        "2005-12": {
            "month": "2005-12",
            "price": "5.66",
            "revenue": 17917
        },
        "2006-01": {
            "month": "2006-01",
            "price": "6.72",
            "revenue": 15813
        },
        "2006-02": {
            "month": "2006-02",
            "price": "7.49",
            "revenue": 19625
        },
        "2006-03": {
            "month": "2006-03",
            "price": "7.85",
            "revenue": 14221
        },
        "2006-04": {
            "month": "2006-04",
            "price": "16.47",
            "revenue": 14126
        },
        "2006-05": {
            "month": "2006-05",
            "price": "14.42",
            "revenue": 7521
        },
        "2006-06": {
            "month": "2006-06",
            "price": "14.40",
            "revenue": 9086
        },
        "2006-07": {
            "month": "2006-07",
            "price": "15.08",
            "revenue": 10281
        },
        "2006-08": {
            "month": "2006-08",
            "price": "16.07",
            "revenue": 19713
        },
        "2006-09": {
            "month": "2006-09",
            "price": "25.15",
            "revenue": 13875
        },
        "2006-10": {
            "month": "2006-10",
            "price": "29.39",
            "revenue": 28690
        },
        "2006-11": {
            "month": "2006-11",
            "price": "29.04",
            "revenue": 14402
        },
        "2006-12": {
            "month": "2006-12",
            "price": "28.59",
            "revenue": 14398
        },
        "2007-01": {
            "month": "2007-01",
            "price": "28.62",
            "revenue": 9277
        },
        "2007-02": {
            "month": "2007-02",
            "price": "28.93",
            "revenue": 13941
        },
        "2007-03": {
            "month": "2007-03",
            "price": "30.98",
            "revenue": 15782
        },
        "2007-04": {
            "month": "2007-04",
            "price": "35.64",
            "revenue": 13399
        },
        "2007-05": {
            "month": "2007-05",
            "price": "35.33",
            "revenue": 43457
        },
        "2007-06": {
            "month": "2007-06",
            "price": "40.93",
            "revenue": 88126
        },
        "2007-07": {
            "month": "2007-07",
            "price": "46.03",
            "revenue": 76445
        },
        "2007-08": {
            "month": "2007-08",
            "price": "45.97",
            "revenue": 82888
        },
        "2007-09": {
            "month": "2007-09",
            "price": "38.00",
            "revenue": 33600
        },
        "2007-10": {
            "month": "2007-10",
            "price": "34.83",
            "revenue": 37191
        },
        "2007-11": {
            "month": "2007-11",
            "price": "30.20",
            "revenue": 45143
        },
        "2007-12": {
            "month": "2007-12",
            "price": "29.09",
            "revenue": 42750
        },
        "2008-01": {
            "month": "2008-01",
            "price": "27.94",
            "revenue": 37801
        },
        "2008-02": {
            "month": "2008-02",
            "price": "25.62",
            "revenue": 27483
        },
        "2008-03": {
            "month": "2008-03",
            "price": "28.40",
            "revenue": 37053
        },
        "2008-04": {
            "month": "2008-04",
            "price": "31.98",
            "revenue": 39563
        },
        "2008-05": {
            "month": "2008-05",
            "price": "25.51",
            "revenue": 44471
        },
        "2008-06": {
            "month": "2008-06",
            "price": "21.63",
            "revenue": 43060
        },
        "2008-07": {
            "month": "2008-07",
            "price": "16.75",
            "revenue": 34297
        },
        "2008-08": {
            "month": "2008-08",
            "price": "10.29",
            "revenue": 33225
        },
        "2008-09": {
            "month": "2008-09",
            "price": "9.43",
            "revenue": 37083
        },
        "2008-10": {
            "month": "2008-10",
            "price": "9.99",
            "revenue": 51769
        },
        "2008-11": {
            "month": "2008-11",
            "price": "9.76",
            "revenue": 66514
        },
        "2008-12": {
            "month": "2008-12",
            "price": "9.90",
            "revenue": 67890
        },
        "2009-01": {
            "month": "2009-01",
            "price": "9.34",
            "revenue": 53359
        },
        "2009-02": {
            "month": "2009-02",
            "price": "9.41",
            "revenue": 93939
        },
        "2009-03": {
            "month": "2009-03",
            "price": "14.77",
            "revenue": 117588
        },
        "2009-04": {
            "month": "2009-04",
            "price": "19.30",
            "revenue": 159605
        },
        "2009-05": {
            "month": "2009-05",
            "price": "23.62",
            "revenue": 94829
        },
        "2009-06": {
            "month": "2009-06",
            "price": "22.72",
            "revenue": 79042
        },
        "2009-07": {
            "month": "2009-07",
            "price": "21.93",
            "revenue": 90576
        },
        "2009-08": {
            "month": "2009-08",
            "price": "22.14",
            "revenue": 110603
        },
        "2009-09": {
            "month": "2009-09",
            "price": "22.56",
            "revenue": 105909
        },
        "2009-10": {
            "month": "2009-10",
            "price": "23.05",
            "revenue": 106063
        },
        "2009-11": {
            "month": "2009-11",
            "price": "21.88",
            "revenue": 124477
        },
        "2009-12": {
            "month": "2009-12",
            "price": "23.74",
            "revenue": 107120
        },
        "2010-01": {
            "month": "2010-01",
            "price": "26.60",
            "revenue": 53036
        },
        "2010-02": {
            "month": "2010-02",
            "price": "23.66",
            "revenue": 51683
        },
        "2010-03": {
            "month": "2010-03",
            "price": "23.56",
            "revenue": 100744
        },
        "2010-04": {
            "month": "2010-04",
            "price": "23.93",
            "revenue": 62089
        },
        "2010-05": {
            "month": "2010-05",
            "price": "19.25",
            "revenue": 88422
        },
        "2010-06": {
            "month": "2010-06",
            "price": "17.08",
            "revenue": 84314
        },
        "2010-07": {
            "month": "2010-07",
            "price": "17.83",
            "revenue": 96381
        },
        "2010-08": {
            "month": "2010-08",
            "price": "18.03",
            "revenue": 60679
        },
        "2010-09": {
            "month": "2010-09",
            "price": "16.35",
            "revenue": 109183
        },
        "2010-10": {
            "month": "2010-10",
            "price": "15.64",
            "revenue": 91899
        },
        "2010-11": {
            "month": "2010-11",
            "price": "15.97",
            "revenue": 112094
        },
        "2010-12": {
            "month": "2010-12",
            "price": "16.32",
            "revenue": 108630
        },
        "2011-01": {
            "month": "2011-01",
            "price": "15.78",
            "revenue": 95499
        },
        "2011-02": {
            "month": "2011-02",
            "price": "15.47",
            "revenue": 91859
        },
        "2011-03": {
            "month": "2011-03",
            "price": "15.88",
            "revenue": 130139
        },
        "2011-04": {
            "month": "2011-04",
            "price": "16.98",
            "revenue": 94633
        },
        "2011-05": {
            "month": "2011-05",
            "price": "17.33",
            "revenue": 51864
        },
        "2011-06": {
            "month": "2011-06",
            "price": "15.80",
            "revenue": 103948
        },
        "2011-07": {
            "month": "2011-07",
            "price": "14.75",
            "revenue": 182596
        },
        "2011-08": {
            "month": "2011-08",
            "price": "12.36",
            "revenue": 248233
        },
        "2011-09": {
            "month": "2011-09",
            "price": "12.20",
            "revenue": 298057
        },
        "2011-10": {
            "month": "2011-10",
            "price": "12.81",
            "revenue": 272721
        },
        "2011-11": {
            "month": "2011-11",
            "price": "12.26",
            "revenue": 307693
        },
        "2011-12": {
            "month": "2011-12",
            "price": "12.19",
            "revenue": 439998
        },
        "2012-01": {
            "month": "2012-01",
            "price": "11.81",
            "revenue": 275597
        },
        "2012-02": {
            "month": "2012-02",
            "price": "13.80",
            "revenue": 178452
        },
        "2012-03": {
            "month": "2012-03",
            "price": "13.41",
            "revenue": 291628
        },
        "2012-04": {
            "month": "2012-04",
            "price": "12.28",
            "revenue": 289524
        },
        "2012-05": {
            "month": "2012-05",
            "price": "11.41",
            "revenue": 333492
        },
        "2012-06": {
            "month": "2012-06",
            "price": "11.51",
            "revenue": 207255
        },
        "2012-07": {
            "month": "2012-07",
            "price": "11.15",
            "revenue": 251903
        },
        "2012-08": {
            "month": "2012-08",
            "price": "10.78",
            "revenue": 155572
        },
        "2012-09": {
            "month": "2012-09",
            "price": "10.68",
            "revenue": 227722
        },
        "2012-10": {
            "month": "2012-10",
            "price": "9.12",
            "revenue": 150088
        },
        "2012-11": {
            "month": "2012-11",
            "price": "7.94",
            "revenue": 237000
        },
        "2012-12": {
            "month": "2012-12",
            "price": "7.82",
            "revenue": 138327
        },
        "2013-01": {
            "month": "2013-01",
            "price": "7.98",
            "revenue": 342196
        },
        "2013-02": {
            "month": "2013-02",
            "price": "7.96",
            "revenue": 118058
        },
        "2013-03": {
            "month": "2013-03",
            "price": "12.30",
            "revenue": 225758
        },
        "2013-04": {
            "month": "2013-04",
            "price": "14.80",
            "revenue": 232567
        },
        "2013-05": {
            "month": "2013-05",
            "price": "19.95",
            "revenue": 229526
        },
        "2013-06": {
            "month": "2013-06",
            "price": "22.09",
            "revenue": 210853
        },
        "2013-07": {
            "month": "2013-07",
            "price": "20.73",
            "revenue": 103483
        },
        "2013-08": {
            "month": "2013-08",
            "price": "20.09",
            "revenue": 124035
        },
        "2013-09": {
            "month": "2013-09",
            "price": "20.49",
            "revenue": 240615
        },
        "2013-10": {
            "month": "2013-10",
            "price": "25.60",
            "revenue": 154060
        },
        "2013-11": {
            "month": "2013-11",
            "price": "22.53",
            "revenue": 160618
        },
        "2013-12": {
            "month": "2013-12",
            "price": "22.24",
            "revenue": 301951
        },
        "2014-01": {
            "month": "2014-01",
            "price": "25.19",
            "revenue": 388085
        },
        "2014-02": {
            "month": "2014-02",
            "price": "25.20",
            "revenue": 122676
        },
        "2014-03": {
            "month": "2014-03",
            "price": "23.48",
            "revenue": 230903
        },
        "2014-04": {
            "month": "2014-04",
            "price": "22.60",
            "revenue": 202697
        },
        "2014-05": {
            "month": "2014-05",
            "price": "19.40",
            "revenue": 262274
        },
        "2014-06": {
            "month": "2014-06",
            "price": "19.70",
            "revenue": 240527
        },
        "2014-07": {
            "month": "2014-07",
            "price": "19.38",
            "revenue": 249170
        },
        "2014-08": {
            "month": "2014-08",
            "price": "15.77",
            "revenue": 65238
        },
        "2014-09": {
            "month": "2014-09",
            "price": "14.25",
            "revenue": 92530
        },
        "2014-10": {
            "month": "2014-10",
            "price": "11.67",
            "revenue": 151306
        },
        "2014-11": {
            "month": "2014-11",
            "price": "13.92",
            "revenue": 91805
        },
        "2014-12": {
            "month": "2014-12",
            "price": "13.98",
            "revenue": 138319
        },
        "2015-01": {
            "month": "2015-01",
            "price": "13.81",
            "revenue": 151518
        },
        "2015-02": {
            "month": "2015-02",
            "price": "14.28",
            "revenue": 118490
        },
        "2015-03": {
            "month": "2015-03",
            "price": "21.85",
            "revenue": 82324
        },
        "2015-04": {
            "month": "2015-04",
            "price": "23.52",
            "revenue": 84241
        },
        "2015-05": {
            "month": "2015-05",
            "price": "21.18",
            "revenue": 79046
        },
        "2015-06": {
            "month": "2015-06",
            "price": "19.87",
            "revenue": 52986
        },
        "2015-07": {
            "month": "2015-07",
            "price": "15.75",
            "revenue": 48761
        },
        "2015-08": {
            "month": "2015-08",
            "price": "15.62",
            "revenue": 45245
        },
        "2015-09": {
            "month": "2015-09",
            "price": "18.52",
            "revenue": 63377
        },
        "2015-10": {
            "month": "2015-10",
            "price": "19.41",
            "revenue": 45345
        },
        "2015-11": {
            "month": "2015-11",
            "price": "17.89",
            "revenue": 50822
        },
        "2015-12": {
            "month": "2015-12",
            "price": "18.60",
            "revenue": 12654
        },
        "2016-01": {
            "month": "2016-01",
            "price": "18.51",
            "revenue": 22653
        },
        "2016-02": {
            "month": "2016-02",
            "price": "18.89",
            "revenue": 10510
        },
        "2016-03": {
            "month": "2016-03",
            "price": "20.41",
            "revenue": 6748
        },
        "2016-04": {
            "month": "2016-04",
            "price": "17.91",
            "revenue": 8572
        },
        "2016-05": {
            "month": "2016-05",
            "price": "18.23",
            "revenue": 5891
        },
        "2016-06": {
            "month": "2016-06",
            "price": "20.52",
            "revenue": 11379
        },
        "2016-07": {
            "month": "2016-07",
            "price": "21.68",
            "revenue": 15125
        },
        "2016-08": {
            "month": "2016-08",
            "price": "19.78",
            "revenue": 36075
        },
        "2016-09": {
            "month": "2016-09",
            "price": "21.73",
            "revenue": 40555
        },
        "2016-10": {
            "month": "2016-10",
            "price": "20.97",
            "revenue": 59128
        },
        "2016-11": {
            "month": "2016-11",
            "price": "22.71",
            "revenue": 41043
        },
        "2016-12": {
            "month": "2016-12",
            "price": "21.48",
            "revenue": 65416
        },
        "2017-01": {
            "month": "2017-01",
            "price": "21.35",
            "revenue": 43715
        },
        "2017-02": {
            "month": "2017-02",
            "price": "21.68",
            "revenue": 32234
        },
        "2017-03": {
            "month": "2017-03",
            "price": "20.59",
            "revenue": 28050
        },
        "2017-04": {
            "month": "2017-04",
            "price": "21.74",
            "revenue": 22455
        },
        "2017-05": {
            "month": "2017-05",
            "price": "20.32",
            "revenue": 23055
        },
        "2017-06": {
            "month": "2017-06",
            "price": "20.56",
            "revenue": 21080
        },
        "2017-07": {
            "month": "2017-07",
            "price": "20.81",
            "revenue": 24334
        },
        "2017-08": {
            "month": "2017-08",
            "price": "19.51",
            "revenue": 26695
        },
        "2017-09": {
            "month": "2017-09",
            "price": "19.99",
            "revenue": 47748
        },
        "2017-10": {
            "month": "2017-10",
            "price": "19.60",
            "revenue": 47687
        },
        "2017-11": {
            "month": "2017-11",
            "price": "18.29",
            "revenue": 23338
        },
        "2017-12": {
            "month": "2017-12",
            "price": "18.08",
            "revenue": 7823
        },
        "2018-01": {
            "month": "2018-01",
            "price": "20.79",
            "revenue": 10807
        },
        "2018-02": {
            "month": "2018-02",
            "price": "19.65",
            "revenue": 18658
        },
        "2018-03": {
            "month": "2018-03",
            "price": "20.65",
            "revenue": 22359
        },
        "2018-04": {
            "month": "2018-04",
            "price": "20.27",
            "revenue": 14544
        },
        "2018-05": {
            "month": "2018-05",
            "price": "19.66",
            "revenue": 16709
        },
        "2018-06": {
            "month": "2018-06",
            "price": "19.39",
            "revenue": 17055
        },
        "2018-07": {
            "month": "2018-07",
            "price": "19.19",
            "revenue": 15684
        },
        "2018-08": {
            "month": "2018-08",
            "price": "19.08",
            "revenue": 11249
        },
        "2018-09": {
            "month": "2018-09",
            "price": "21.39",
            "revenue": 10083
        },
        "2018-10": {
            "month": "2018-10",
            "price": "23.04",
            "revenue": 18707
        },
        "2018-11": {
            "month": "2018-11",
            "price": "22.98",
            "revenue": 21379
        },
        "2018-12": {
            "month": "2018-12",
            "price": "25.03",
            "revenue": 8278
        },
        "2019-01": {
            "month": "2019-01",
            "price": "26.68",
            "revenue": 9423
        },
        "2019-02": {
            "month": "2019-02",
            "price": "26.63",
            "revenue": 5803
        },
        "2019-03": {
            "month": "2019-03",
            "price": "25.66",
            "revenue": 8948
        },
        "2019-04": {
            "month": "2019-04",
            "price": "25.50",
            "revenue": 5560
        },
        "2019-05": {
            "month": "2019-05",
            "price": "25.02",
            "revenue": 6675
        },
        "2019-06": {
            "month": "2019-06",
            "price": "24.98",
            "revenue": 6479
        },
        "2019-07": {
            "month": "2019-07",
            "price": "24.64",
            "revenue": 9967
        },
        "2019-08": {
            "month": "2019-08",
            "price": "24.31",
            "revenue": 13063
        },
        "2019-09": {
            "month": "2019-09",
            "price": "25.77",
            "revenue": 17880
        },
        "2019-10": {
            "month": "2019-10",
            "price": "24.69",
            "revenue": 14942
        },
        "2019-11": {
            "month": "2019-11",
            "price": "23.74",
            "revenue": 20137
        },
        "2019-12": {
            "month": "2019-12",
            "price": "24.98",
            "revenue": 10905
        },
        "2020-01": {
            "month": "2020-01",
            "price": "27.00",
            "revenue": 6403
        },
        "2020-02": {
            "month": "2020-02",
            "price": "24.98",
            "revenue": 58156
        },
        "2020-03": {
            "month": "2020-03",
            "price": "23.93",
            "revenue": 37841
        },
        "2020-04": {
            "month": "2020-04",
            "price": "24.45",
            "revenue": 36147
        },
        "2020-05": {
            "month": "2020-05",
            "price": "24.00",
            "revenue": 40789
        },
        "2020-06": {
            "month": "2020-06",
            "price": "24.08",
            "revenue": 25461
        },
        "2020-07": {
            "month": "2020-07",
            "price": "24.27",
            "revenue": 22678
        },
        "2020-08": {
            "month": "2020-08",
            "price": "23.06",
            "revenue": 13374
        },
        "2020-09": {
            "month": "2020-09",
            "price": "22.87",
            "revenue": 13083
        },
        "2020-10": {
            "month": "2020-10",
            "price": "23.04",
            "revenue": 7453
        },
        "2020-11": {
            "month": "2020-11",
            "price": "22.98",
            "revenue": 5616
        },
        "2020-12": {
            "month": "2020-12",
            "price": "23.34",
            "revenue": 9878
        },
        "2021-01": {
            "month": "2021-01",
            "price": "22.93",
            "revenue": 6420
        },
        "2021-02": {
            "month": "2021-02",
            "price": "22.82",
            "revenue": 2490
        },
        "2021-03": {
            "month": "2021-03",
            "price": "22.28",
            "revenue": 4641
        },
        "2021-04": {
            "month": "2021-04",
            "price": "22.49",
            "revenue": 3315
        },
        "2021-05": {
            "month": "2021-05",
            "price": "21.17",
            "revenue": 6038
        },
        "2021-06": {
            "month": "2021-06",
            "price": "22.62",
            "revenue": 6641
        },
        "2021-07": {
            "month": "2021-07",
            "price": "20.97",
            "revenue": 2694
        },
        "2021-08": {
            "month": "2021-08",
            "price": "24.93",
            "revenue": 3153
        },
        "2021-09": {
            "month": "2021-09",
            "price": "27.12",
            "revenue": 2032
        },
        "2021-10": {
            "month": "2021-10",
            "price": "28.42",
            "revenue": 2936
        },
        "2021-11": {
            "month": "2021-11",
            "price": "26.22",
            "revenue": 4544
        },
        "2021-12": {
            "month": "2021-12",
            "price": "24.45",
            "revenue": 2909
        },
        "2022-01": {
            "month": "2022-01",
            "price": "23.26",
            "revenue": 3939
        },
        "2022-02": {
            "month": "2022-02",
            "price": "23.69",
            "revenue": 1240
        },
        "2022-03": {
            "month": "2022-03",
            "price": "22.77",
            "revenue": 3072
        },
        "2022-04": {
            "month": "2022-04",
            "price": "21.65",
            "revenue": 2141
        },
        "2022-05": {
            "month": "2022-05",
            "price": "19.16",
            "revenue": 2591
        },
        "2022-06": {
            "month": "2022-06",
            "price": "20.37",
            "revenue": 2943
        },
        "2022-07": {
            "month": "2022-07",
            "price": "19.42",
            "revenue": 3012
        },
        "2022-08": {
            "month": "2022-08",
            "price": "19.30",
            "revenue": 2518
        },
        "2022-09": {
            "month": "2022-09",
            "price": "19.51",
            "revenue": 2357
        },
        "2022-10": {
            "month": "2022-10",
            "price": "19.86",
            "revenue": 3192
        },
        "2022-11": {
            "month": "2022-11",
            "price": "19.56",
            "revenue": 3306
        },
        "2022-12": {
            "month": "2022-12",
            "price": "19.67",
            "revenue": 3677
        },
        "2023-01": {
            "month": "2023-01",
            "price": "19.14",
            "revenue": 1584
        },
        "2023-02": {
            "month": "2023-02",
            "price": "18.94",
            "revenue": 3691
        },
        "2023-03": {
            "month": "2023-03",
            "price": "19.08",
            "revenue": 2280
        },
        "2023-04": {
            "month": "2023-04",
            "price": "19.08",
            "revenue": 2788
        },
        "2023-05": {
            "month": "2023-05",
            "price": "19.08",
            "revenue": 4436
        },
        "2023-06": {
            "month": "2023-06",
            "price": "21.23",
            "revenue": 2925
        },
        "2023-07": {
            "month": "2023-07",
            "price": "19.86",
            "revenue": 1799
        },
        "2023-08": {
            "month": "2023-08",
            "price": "19.88",
            "revenue": 2907
        },
        "2023-09": {
            "month": "2023-09",
            "price": "19.82",
            "revenue": 2400
        },
        "2023-10": {
            "month": "2023-10",
            "price": "20.72",
            "revenue": 3849
        },
        "2023-11": {
            "month": "2023-11",
            "price": "20.39",
            "revenue": 2570
        }
    }
}
