{
    "summary": {
        "stock_name": "蔚華科",
        "stock_id": "3055",
        "category": "電子通路",
        "main_business": "半導體設備代理、技術諮詢與維修服務應用軟體支援等",
        "website_url": "http://www.spirox.com.tw",
        "ceo": "楊燿州",
        "pe_ratio": 20,
        "report_year_from": 2001,
        "report_year_to": 2023,
        "age": 23,
        "eps_negative_percentage": 17,
        "eps_growth_avg": {
            "last_all": -16.55,
            "last_2y": -100,
            "last_4y": -96.17,
            "last_8y": -32.8,
            "last_12y": -43.64,
            "last_16y": -25.9,
            "last_20y": -17.69,
            "at_2006_last_3y": 11.01,
            "at_2007_last_3y": 20.1,
            "at_2008_last_3y": -23.8,
            "at_2009_last_3y": -4.4,
            "at_2010_last_3y": 18.45,
            "at_2011_last_3y": -5.58,
            "at_2012_last_3y": 4.65,
            "at_2013_last_3y": -33.59,
            "at_2014_last_3y": -68.93,
            "at_2015_last_3y": -11.56,
            "at_2016_last_3y": -24.8,
            "at_2017_last_3y": -13.69,
            "at_2018_last_3y": 14.73,
            "at_2019_last_3y": -32.39,
            "at_2020_last_3y": -38.79,
            "at_2021_last_3y": -29.5,
            "at_2022_last_3y": -94.25,
            "at_2023_last_3y": -100,
            "at_2024_last_3y": -100,
            "at_2006_last_all": 9.62,
            "at_2007_last_all": 12.02,
            "at_2008_last_all": -0.5,
            "at_2009_last_all": 6.18,
            "at_2010_last_all": 13.54,
            "at_2011_last_all": 4.98,
            "at_2012_last_all": 1.37,
            "at_2013_last_all": -7.07,
            "at_2014_last_all": -7.07,
            "at_2015_last_all": 1.16,
            "at_2016_last_all": -4.24,
            "at_2017_last_all": -8.4,
            "at_2018_last_all": -1.62,
            "at_2019_last_all": -6.73,
            "at_2020_last_all": -11.91,
            "at_2021_last_all": -11.91,
            "at_2022_last_all": -11.91,
            "at_2023_last_all": -16.55,
            "at_2024_last_all": -16.55
        },
        "latest_eps": 2.01,
        "latest_price": 39.2,
        "latest_roe": 10.17,
        "latest_gross_margin": 22.09,
        "latest_equity": 2520581,
        "latest_revenue": 311625,
        "latest_gross_profit": 68841,
        "latest_net_income": -117921,
        "latest_debt_ratio": 25.49,
        "latest_current_ratio": 432.09,
        "latest_account_receivable_turnover_ratio": 1,
        "latest_inventory_turnover_ratio": 4.4,
        "latest_reinvestment_rate": null,
        "latest_research_to_sale_ratio": 3.49
    },
    "eps_dividends": {
        "2001": {
            "cash": 3,
            "stock": 3,
            "eps": 2.73
        },
        "2002": {
            "cash": 1.5,
            "stock": 1.5,
            "eps": 2.84
        },
        "2003": {
            "cash": 1.6,
            "stock": 0.5,
            "eps": 2.49
        },
        "2004": {
            "cash": 1.8,
            "stock": 0.5,
            "eps": 5.52
        },
        "2005": {
            "cash": 2.5,
            "stock": 0.5,
            "eps": 4.16
        },
        "2006": {
            "cash": 2.29,
            "stock": 0.7,
            "eps": 3.37
        },
        "2007": {
            "cash": 2.2,
            "stock": 0.3,
            "eps": 4.18
        },
        "2008": {
            "cash": 2.39,
            "stock": 0.4,
            "eps": 1.02
        },
        "2009": {
            "cash": 0.4,
            "stock": 0.4,
            "eps": 1.56
        },
        "2010": {
            "cash": 1.2,
            "stock": 0,
            "eps": 2.69
        },
        "2011": {
            "cash": 2.35,
            "stock": 0,
            "eps": 0.75
        },
        "2012": {
            "cash": 0,
            "stock": 0,
            "eps": 0.49
        },
        "2013": {
            "cash": 0.3,
            "stock": 0,
            "eps": -3.89
        },
        "2014": {
            "cash": 0.3,
            "stock": 0,
            "eps": 2.25
        },
        "2015": {
            "cash": 1.2,
            "stock": 0,
            "eps": 4.57
        },
        "2016": {
            "cash": 1,
            "stock": 0,
            "eps": 1.17
        },
        "2017": {
            "cash": 0.8,
            "stock": 0,
            "eps": 0.39
        },
        "2018": {
            "cash": 0.8,
            "stock": 0,
            "eps": 0.87
        },
        "2019": {
            "cash": 1,
            "stock": 0,
            "eps": 0.1
        },
        "2020": {
            "cash": 0.4,
            "stock": 0,
            "eps": -0.48
        },
        "2021": {
            "cash": 0.2,
            "stock": 0,
            "eps": -3.68
        },
        "2022": {
            "cash": 0.2,
            "stock": 0,
            "eps": 2.1
        },
        "2023": {
            "cash": 2,
            "stock": 0,
            "eps": -0.55
        }
    },
    "dividends": {
        "2001-06-22": {
            "cash": 3,
            "stock": 3
        },
        "2002-06-21": {
            "cash": 1.5,
            "stock": 1.5
        },
        "2003-03-21": {
            "cash": 1.6,
            "stock": 0.5
        },
        "2004-04-15": {
            "cash": 1.8,
            "stock": 0.5
        },
        "2005-04-22": {
            "cash": 2.5,
            "stock": 0.5
        },
        "2006-04-25": {
            "cash": 2.29,
            "stock": 0.7
        },
        "2007-03-12": {
            "cash": 2.2,
            "stock": 0.3
        },
        "2008-04-25": {
            "cash": 2.39,
            "stock": 0.4
        },
        "2009-04-21": {
            "cash": 0.4,
            "stock": 0.4
        },
        "2010-04-16": {
            "cash": 1.2,
            "stock": 0
        },
        "2011-01-01": {
            "cash": 0.35,
            "stock": 0
        },
        "2011-04-27": {
            "cash": 2,
            "stock": 0
        },
        "2013-03-28": {
            "cash": 0.3,
            "stock": 0
        },
        "2014-08-21": {
            "cash": 0.3,
            "stock": 0
        },
        "2015-08-06": {
            "cash": 1.2,
            "stock": 0
        },
        "2016-08-05": {
            "cash": 1,
            "stock": 0
        },
        "2017-08-04": {
            "cash": 0.8,
            "stock": 0
        },
        "2018-08-15": {
            "cash": 0.8,
            "stock": 0
        },
        "2019-08-06": {
            "cash": 1,
            "stock": 0
        },
        "2020-08-18": {
            "cash": 0.4,
            "stock": 0
        },
        "2021-10-14": {
            "cash": 0.2,
            "stock": 0
        },
        "2022-08-19": {
            "cash": 0.2,
            "stock": 0
        },
        "2023-03-23": {
            "cash": 1,
            "stock": 0
        },
        "2023-08-07": {
            "cash": 1,
            "stock": 0
        }
    },
    "prices": {
        "200101": "無",
        "200102": "無",
        "200103": "無",
        "200104": "無",
        "200105": "無",
        "200106": "無",
        "200107": "無",
        "200108": "無",
        "200109": "無",
        "200110": "無",
        "200111": "無",
        "200112": "無",
        "200201": "無",
        "200202": "無",
        "200203": "無",
        "200204": "無",
        "200205": "無",
        "200206": "無",
        "200207": "無",
        "200208": "無",
        "200209": "無",
        "200210": "無",
        "200211": "無",
        "200212": "32.31",
        "200301": "29.17",
        "200302": "27.14",
        "200303": "26.87",
        "200304": "27.48",
        "200305": "24.02",
        "200306": "25.58",
        "200307": "25.09",
        "200308": "23.46",
        "200309": "23.58",
        "200310": "24.50",
        "200311": "28.36",
        "200312": "31.87",
        "200401": "37.22",
        "200402": "43.07",
        "200403": "41.92",
        "200404": "44.40",
        "200405": "39.41",
        "200406": "37.82",
        "200407": "34.00",
        "200408": "29.54",
        "200409": "31.53",
        "200410": "31.32",
        "200411": "31.59",
        "200412": "31.83",
        "200501": "30.47",
        "200502": "32.28",
        "200503": "32.08",
        "200504": "31.24",
        "200505": "30.62",
        "200506": "31.16",
        "200507": "34.48",
        "200508": "36.46",
        "200509": "32.00",
        "200510": "29.88",
        "200511": "28.69",
        "200512": "32.39",
        "200601": "33.32",
        "200602": "31.54",
        "200603": "30.76",
        "200604": "32.56",
        "200605": "32.60",
        "200606": "31.15",
        "200607": "30.90",
        "200608": "29.26",
        "200609": "26.44",
        "200610": "27.06",
        "200611": "26.79",
        "200612": "27.56",
        "200701": "28.60",
        "200702": "28.30",
        "200703": "28.72",
        "200704": "29.33",
        "200705": "29.38",
        "200706": "31.51",
        "200707": "36.25",
        "200708": "34.28",
        "200709": "35.88",
        "200710": "34.00",
        "200711": "31.14",
        "200712": "28.82",
        "200801": "26.43",
        "200802": "26.52",
        "200803": "27.39",
        "200804": "27.33",
        "200805": "26.98",
        "200806": "24.62",
        "200807": "20.25",
        "200808": "16.24",
        "200809": "12.84",
        "200810": "11.36",
        "200811": "10.43",
        "200812": "11.17",
        "200901": "10.29",
        "200902": "9.88",
        "200903": "11.11",
        "200904": "13.16",
        "200905": "15.92",
        "200906": "15.52",
        "200907": "16.24",
        "200908": "18.07",
        "200909": "17.00",
        "200910": "18.90",
        "200911": "20.90",
        "200912": "23.00",
        "201001": "23.20",
        "201002": "23.61",
        "201003": "26.21",
        "201004": "30.19",
        "201005": "24.25",
        "201006": "23.45",
        "201007": "25.52",
        "201008": "26.89",
        "201009": "26.07",
        "201010": "25.79",
        "201011": "24.73",
        "201012": "25.87",
        "201101": "24.63",
        "201102": "22.34",
        "201103": "21.88",
        "201104": "22.18",
        "201105": "22.15",
        "201106": "21.97",
        "201107": "18.81",
        "201108": "15.56",
        "201109": "16.96",
        "201110": "16.75",
        "201111": "14.10",
        "201112": "13.13",
        "201201": "12.99",
        "201202": "14.82",
        "201203": "14.48",
        "201204": "12.65",
        "201205": "11.34",
        "201206": "11.10",
        "201207": "11.62",
        "201208": "11.22",
        "201209": "12.52",
        "201210": "11.67",
        "201211": "11.75",
        "201212": "12.14",
        "201301": "12.48",
        "201302": "12.83",
        "201303": "12.56",
        "201304": "12.90",
        "201305": "12.95",
        "201306": "12.41",
        "201307": "12.01",
        "201308": "11.90",
        "201309": "12.21",
        "201310": "12.42",
        "201311": "11.57",
        "201312": "11.24",
        "201401": "11.77",
        "201402": "13.22",
        "201403": "13.77",
        "201404": "14.01",
        "201405": "15.61",
        "201406": "17.75",
        "201407": "20.24",
        "201408": "21.92",
        "201409": "23.87",
        "201410": "22.67",
        "201411": "21.99",
        "201412": "20.16",
        "201501": "19.48",
        "201502": "19.56",
        "201503": "20.37",
        "201504": "21.20",
        "201505": "19.74",
        "201506": "16.72",
        "201507": "15.16",
        "201508": "12.12",
        "201509": "11.94",
        "201510": "13.51",
        "201511": "16.60",
        "201512": "17.07",
        "201601": "17.21",
        "201602": "20.88",
        "201603": "19.98",
        "201604": "19.16",
        "201605": "17.51",
        "201606": "18.11",
        "201607": "17.38",
        "201608": "17.62",
        "201609": "19.10",
        "201610": "18.76",
        "201611": "17.58",
        "201612": "17.53",
        "201701": "17.28",
        "201702": "16.50",
        "201703": "16.34",
        "201704": "16.19",
        "201705": "16.19",
        "201706": "17.21",
        "201707": "18.13",
        "201708": "18.96",
        "201709": "20.88",
        "201710": "21.31",
        "201711": "19.12",
        "201712": "22.29",
        "201801": "29.56",
        "201802": "27.32",
        "201803": "29.14",
        "201804": "28.73",
        "201805": "29.28",
        "201806": "27.41",
        "201807": "27.03",
        "201808": "25.82",
        "201809": "27.57",
        "201810": "25.71",
        "201811": "26.74",
        "201812": "26.67",
        "201901": "25.38",
        "201902": "26.18",
        "201903": "26.96",
        "201904": "26.20",
        "201905": "25.82",
        "201906": "25.83",
        "201907": "25.87",
        "201908": "25.73",
        "201909": "25.33",
        "201910": "26.11",
        "201911": "25.99",
        "201912": "27.97",
        "202001": "32.66",
        "202002": "32.18",
        "202003": "27.34",
        "202004": "27.71",
        "202005": "27.74",
        "202006": "27.59",
        "202007": "30.00",
        "202008": "34.75",
        "202009": "34.05",
        "202010": "35.74",
        "202011": "33.82",
        "202012": "33.51",
        "202101": "31.39",
        "202102": "30.51",
        "202103": "33.49",
        "202104": "35.59",
        "202105": "29.11",
        "202106": "29.28",
        "202107": "30.60",
        "202108": "29.86",
        "202109": "27.99",
        "202110": "27.73",
        "202111": "28.48",
        "202112": "28.80",
        "202201": "31.93",
        "202202": "30.10",
        "202203": "27.89",
        "202204": "28.92",
        "202205": "27.51",
        "202206": "26.99",
        "202207": "26.12",
        "202208": "26.15",
        "202209": "25.04",
        "202210": "25.49",
        "202211": "26.05",
        "202212": "24.87",
        "202301": "24.07",
        "202302": "28.67",
        "202303": "30.17",
        "202304": "29.04",
        "202305": "29.32",
        "202306": "37.23",
        "202307": "38.88",
        "202308": "39.28",
        "202309": "34.39",
        "202310": "37.74",
        "202311": "39.81",
        "202312": "39.85"
    },
    "quarters": {
        "20011": {
            "year_quarter": 20011,
            "year": 2001,
            "quarter": 1,
            "eps": null,
            "eps_growth_year": null,
            "eps_4q": null,
            "eps_4q_growth_year": null,
            "roe": null,
            "roe_4q": 0,
            "gross_profit": null,
            "gross_margin": null,
            "gross_margin_4q_avg": 0,
            "net_income": null,
            "net_income_4q": null,
            "revenue": null,
            "revenue_4q": null,
            "common_shares": null,
            "book_valuer_per_share": null,
            "book_valuer_per_share_4q_avg": 0,
            "equity": null,
            "current_ratio": null,
            "debt_ratio": null,
            "inventory_turnover_ratio": null,
            "account_receivable_turnover_ratio": null,
            "reinvestment_rate": null,
            "research_to_sale_ratio": null,
            "price_fair": 0,
            "eps_avg_yearly": 0,
            "eps_latest_yearly": 0,
            "eps_growth_yearly": 0
        },
        "20012": {
            "year_quarter": 20012,
            "year": 2001,
            "quarter": 2,
            "eps": null,
            "eps_growth_year": null,
            "eps_4q": null,
            "eps_4q_growth_year": null,
            "roe": null,
            "roe_4q": 0,
            "gross_profit": null,
            "gross_margin": null,
            "gross_margin_4q_avg": 0,
            "net_income": null,
            "net_income_4q": null,
            "revenue": null,
            "revenue_4q": null,
            "common_shares": null,
            "book_valuer_per_share": null,
            "book_valuer_per_share_4q_avg": 0,
            "equity": null,
            "current_ratio": null,
            "debt_ratio": null,
            "inventory_turnover_ratio": null,
            "account_receivable_turnover_ratio": null,
            "reinvestment_rate": null,
            "research_to_sale_ratio": null,
            "price_fair": 0,
            "eps_avg_yearly": 0,
            "eps_latest_yearly": 0,
            "eps_growth_yearly": 0
        },
        "20013": {
            "year_quarter": 20013,
            "year": 2001,
            "quarter": 3,
            "eps": 0.67,
            "eps_growth_year": null,
            "eps_4q": null,
            "eps_4q_growth_year": null,
            "roe": 4.12,
            "roe_4q": 4.12,
            "gross_profit": 133756,
            "gross_margin": 25.05,
            "gross_margin_4q_avg": 8.35,
            "net_income": 68512,
            "net_income_4q": null,
            "revenue": 533865,
            "revenue_4q": null,
            "common_shares": 1025300,
            "book_valuer_per_share": 16.22,
            "book_valuer_per_share_4q_avg": 5.41,
            "equity": 1663136,
            "current_ratio": 227.74,
            "debt_ratio": 33.37,
            "inventory_turnover_ratio": 3.41,
            "account_receivable_turnover_ratio": null,
            "reinvestment_rate": null,
            "research_to_sale_ratio": null,
            "price_fair": 0,
            "eps_avg_yearly": 0,
            "eps_latest_yearly": 0,
            "eps_growth_yearly": 0
        },
        "20014": {
            "year_quarter": 20014,
            "year": 2001,
            "quarter": 4,
            "eps": 2.06,
            "eps_growth_year": null,
            "eps_4q": null,
            "eps_4q_growth_year": null,
            "roe": 11.99,
            "roe_4q": 16.11,
            "gross_profit": 110324,
            "gross_margin": 25.89,
            "gross_margin_4q_avg": 12.74,
            "net_income": 211709,
            "net_income_4q": null,
            "revenue": 426084,
            "revenue_4q": null,
            "common_shares": 1025300,
            "book_valuer_per_share": 18.22,
            "book_valuer_per_share_4q_avg": 8.61,
            "equity": 1867987,
            "current_ratio": 302.11,
            "debt_ratio": 25.79,
            "inventory_turnover_ratio": 2.8,
            "account_receivable_turnover_ratio": null,
            "reinvestment_rate": null,
            "research_to_sale_ratio": null,
            "price_fair": 0,
            "eps_avg_yearly": 0,
            "eps_latest_yearly": 0,
            "eps_growth_yearly": 0
        },
        "20021": {
            "year_quarter": 20021,
            "year": 2002,
            "quarter": 1,
            "eps": 0.29,
            "eps_growth_year": null,
            "eps_4q": null,
            "eps_4q_growth_year": null,
            "roe": 1.84,
            "roe_4q": 17.95,
            "gross_profit": 90227,
            "gross_margin": 15.64,
            "gross_margin_4q_avg": 16.65,
            "net_income": 34730,
            "net_income_4q": null,
            "revenue": 576766,
            "revenue_4q": null,
            "common_shares": 1025300,
            "book_valuer_per_share": 18.6,
            "book_valuer_per_share_4q_avg": 13.26,
            "equity": 1907458,
            "current_ratio": 272.26,
            "debt_ratio": 25.62,
            "inventory_turnover_ratio": 5,
            "account_receivable_turnover_ratio": null,
            "reinvestment_rate": null,
            "research_to_sale_ratio": null,
            "price_fair": 3.48,
            "eps_avg_yearly": 1.16,
            "eps_latest_yearly": 1.16,
            "eps_growth_yearly": -343.69
        },
        "20022": {
            "year_quarter": 20022,
            "year": 2002,
            "quarter": 2,
            "eps": 1.02,
            "eps_growth_year": null,
            "eps_4q": 4.15,
            "eps_4q_growth_year": null,
            "roe": 5.47,
            "roe_4q": 23.42,
            "gross_profit": 201669,
            "gross_margin": 18.62,
            "gross_margin_4q_avg": 21.3,
            "net_income": 102572,
            "net_income_4q": null,
            "revenue": 1083083,
            "revenue_4q": null,
            "common_shares": 1025300,
            "book_valuer_per_share": 18,
            "book_valuer_per_share_4q_avg": 17.76,
            "equity": 1845442,
            "current_ratio": 189.74,
            "debt_ratio": 38.72,
            "inventory_turnover_ratio": 12.73,
            "account_receivable_turnover_ratio": null,
            "reinvestment_rate": null,
            "research_to_sale_ratio": null,
            "price_fair": 91.7,
            "eps_avg_yearly": 2.62,
            "eps_latest_yearly": 4.08,
            "eps_growth_yearly": 331.6
        },
        "20023": {
            "year_quarter": 20023,
            "year": 2002,
            "quarter": 3,
            "eps": 0.53,
            "eps_growth_year": -20.9,
            "eps_4q": 4.02,
            "eps_4q_growth_year": null,
            "roe": 2.82,
            "roe_4q": 22.119999999999997,
            "gross_profit": 174727,
            "gross_margin": 14.94,
            "gross_margin_4q_avg": 18.77,
            "net_income": 52949,
            "net_income_4q": null,
            "revenue": 1169335,
            "revenue_4q": null,
            "common_shares": 1025300,
            "book_valuer_per_share": 18.69,
            "book_valuer_per_share_4q_avg": 18.38,
            "equity": 1916037,
            "current_ratio": 186.19,
            "debt_ratio": 41.12,
            "inventory_turnover_ratio": 16.55,
            "account_receivable_turnover_ratio": null,
            "reinvestment_rate": null,
            "research_to_sale_ratio": null,
            "price_fair": 85.87,
            "eps_avg_yearly": 2.45,
            "eps_latest_yearly": 2.12,
            "eps_growth_yearly": 157.02
        },
        "20024": {
            "year_quarter": 20024,
            "year": 2002,
            "quarter": 4,
            "eps": 1,
            "eps_growth_year": -51.46,
            "eps_4q": 2.59,
            "eps_4q_growth_year": null,
            "roe": 6.02,
            "roe_4q": 16.15,
            "gross_profit": 163789,
            "gross_margin": 23.12,
            "gross_margin_4q_avg": 18.08,
            "net_income": 119848,
            "net_income_4q": null,
            "revenue": 708359,
            "revenue_4q": null,
            "common_shares": 1211965,
            "book_valuer_per_share": 17.03,
            "book_valuer_per_share_4q_avg": 18.08,
            "equity": 2063636,
            "current_ratio": 246.35,
            "debt_ratio": 33.77,
            "inventory_turnover_ratio": 7.78,
            "account_receivable_turnover_ratio": null,
            "reinvestment_rate": null,
            "research_to_sale_ratio": null,
            "price_fair": 99.4,
            "eps_avg_yearly": 2.84,
            "eps_latest_yearly": 4,
            "eps_growth_yearly": 206.44
        },
        "20031": {
            "year_quarter": 20031,
            "year": 2003,
            "quarter": 1,
            "eps": 0.36,
            "eps_growth_year": 24.14,
            "eps_4q": 2.64,
            "eps_4q_growth_year": null,
            "roe": 2.08,
            "roe_4q": 16.39,
            "gross_profit": 157215,
            "gross_margin": 18.71,
            "gross_margin_4q_avg": 18.85,
            "net_income": 43402,
            "net_income_4q": null,
            "revenue": 840300,
            "revenue_4q": null,
            "common_shares": 1211965,
            "book_valuer_per_share": 17.39,
            "book_valuer_per_share_4q_avg": 17.78,
            "equity": 2107328,
            "current_ratio": 225.23,
            "debt_ratio": 32.36,
            "inventory_turnover_ratio": 6.55,
            "account_receivable_turnover_ratio": null,
            "reinvestment_rate": null,
            "research_to_sale_ratio": null,
            "price_fair": 89.6,
            "eps_avg_yearly": 2.56,
            "eps_latest_yearly": 1.44,
            "eps_growth_yearly": 113.95
        },
        "20032": {
            "year_quarter": 20032,
            "year": 2003,
            "quarter": 2,
            "eps": 0.38,
            "eps_growth_year": -62.75,
            "eps_4q": 2.04,
            "eps_4q_growth_year": -50.94,
            "roe": 2.44,
            "roe_4q": 13.36,
            "gross_profit": 181731,
            "gross_margin": 25.02,
            "gross_margin_4q_avg": 20.45,
            "net_income": 49585,
            "net_income_4q": null,
            "revenue": 726399,
            "revenue_4q": null,
            "common_shares": 1211965,
            "book_valuer_per_share": 16.09,
            "book_valuer_per_share_4q_avg": 17.3,
            "equity": 1950244,
            "current_ratio": 210.94,
            "debt_ratio": 34.56,
            "inventory_turnover_ratio": 5.25,
            "account_receivable_turnover_ratio": null,
            "reinvestment_rate": null,
            "research_to_sale_ratio": null,
            "price_fair": 83.53,
            "eps_avg_yearly": 2.39,
            "eps_latest_yearly": 1.52,
            "eps_growth_yearly": 98.66
        },
        "20033": {
            "year_quarter": 20033,
            "year": 2003,
            "quarter": 3,
            "eps": 0.62,
            "eps_growth_year": 16.98,
            "eps_4q": 2.26,
            "eps_4q_growth_year": -43.93,
            "roe": 3.96,
            "roe_4q": 14.5,
            "gross_profit": 188323,
            "gross_margin": 20.37,
            "gross_margin_4q_avg": 21.81,
            "net_income": 80665,
            "net_income_4q": null,
            "revenue": 924691,
            "revenue_4q": null,
            "common_shares": 1348931,
            "book_valuer_per_share": 15.77,
            "book_valuer_per_share_4q_avg": 16.57,
            "equity": 2126977,
            "current_ratio": 291.93,
            "debt_ratio": 35.52,
            "inventory_turnover_ratio": 9.97,
            "account_receivable_turnover_ratio": null,
            "reinvestment_rate": null,
            "research_to_sale_ratio": null,
            "price_fair": 84,
            "eps_avg_yearly": 2.4,
            "eps_latest_yearly": 2.48,
            "eps_growth_yearly": 120.66
        },
        "20034": {
            "year_quarter": 20034,
            "year": 2003,
            "quarter": 4,
            "eps": 1.13,
            "eps_growth_year": 13,
            "eps_4q": 2.46,
            "eps_4q_growth_year": -5.06,
            "roe": 6.72,
            "roe_4q": 15.2,
            "gross_profit": 175143,
            "gross_margin": 16.49,
            "gross_margin_4q_avg": 20.15,
            "net_income": 147929,
            "net_income_4q": null,
            "revenue": 1061916,
            "revenue_4q": null,
            "common_shares": 1348931,
            "book_valuer_per_share": 16.9,
            "book_valuer_per_share_4q_avg": 16.54,
            "equity": 2273379,
            "current_ratio": 252.69,
            "debt_ratio": 42.71,
            "inventory_turnover_ratio": 9.24,
            "account_receivable_turnover_ratio": null,
            "reinvestment_rate": null,
            "research_to_sale_ratio": null,
            "price_fair": 93.28,
            "eps_avg_yearly": 2.67,
            "eps_latest_yearly": 4.52,
            "eps_growth_yearly": 146.71
        },
        "20041": {
            "year_quarter": 20041,
            "year": 2004,
            "quarter": 1,
            "eps": 1.58,
            "eps_growth_year": 338.89,
            "eps_4q": 3.66,
            "eps_4q_growth_year": 38.28,
            "roe": 8.9,
            "roe_4q": 22.020000000000003,
            "gross_profit": 332046,
            "gross_margin": 15.33,
            "gross_margin_4q_avg": 19.3,
            "net_income": 211693,
            "net_income_4q": null,
            "revenue": 2166353,
            "revenue_4q": null,
            "common_shares": 1348931,
            "book_valuer_per_share": 18.42,
            "book_valuer_per_share_4q_avg": 16.8,
            "equity": 2484124,
            "current_ratio": 180.29,
            "debt_ratio": 49.65,
            "inventory_turnover_ratio": 21.15,
            "account_receivable_turnover_ratio": null,
            "reinvestment_rate": null,
            "research_to_sale_ratio": null,
            "price_fair": 107.49,
            "eps_avg_yearly": 3.07,
            "eps_latest_yearly": 6.32,
            "eps_growth_yearly": 148.11
        },
        "20042": {
            "year_quarter": 20042,
            "year": 2004,
            "quarter": 2,
            "eps": 1.44,
            "eps_growth_year": 278.95,
            "eps_4q": 4.71,
            "eps_4q_growth_year": 131.43,
            "roe": 7.89,
            "roe_4q": 27.47,
            "gross_profit": 369336,
            "gross_margin": 17.25,
            "gross_margin_4q_avg": 17.36,
            "net_income": 193655,
            "net_income_4q": null,
            "revenue": 2141354,
            "revenue_4q": null,
            "common_shares": 1348931,
            "book_valuer_per_share": 17.96,
            "book_valuer_per_share_4q_avg": 17.26,
            "equity": 2422874,
            "current_ratio": 162.06,
            "debt_ratio": 54.75,
            "inventory_turnover_ratio": 24.66,
            "account_receivable_turnover_ratio": null,
            "reinvestment_rate": null,
            "research_to_sale_ratio": null,
            "price_fair": 116.9,
            "eps_avg_yearly": 3.34,
            "eps_latest_yearly": 5.76,
            "eps_growth_yearly": 129.75
        },
        "20043": {
            "year_quarter": 20043,
            "year": 2004,
            "quarter": 3,
            "eps": 1.62,
            "eps_growth_year": 161.29,
            "eps_4q": 5.47,
            "eps_4q_growth_year": 142.39,
            "roe": 9.16,
            "roe_4q": 32.67,
            "gross_profit": 393273,
            "gross_margin": 15.53,
            "gross_margin_4q_avg": 16.15,
            "net_income": 232929,
            "net_income_4q": null,
            "revenue": 2532352,
            "revenue_4q": null,
            "common_shares": 1445319,
            "book_valuer_per_share": 18.41,
            "book_valuer_per_share_4q_avg": 17.92,
            "equity": 2660819,
            "current_ratio": 153.56,
            "debt_ratio": 53.34,
            "inventory_turnover_ratio": 17.42,
            "account_receivable_turnover_ratio": null,
            "reinvestment_rate": null,
            "research_to_sale_ratio": null,
            "price_fair": 126.89,
            "eps_avg_yearly": 3.63,
            "eps_latest_yearly": 6.48,
            "eps_growth_yearly": 122.5
        },
        "20044": {
            "year_quarter": 20044,
            "year": 2004,
            "quarter": 4,
            "eps": 0.88,
            "eps_growth_year": -22.12,
            "eps_4q": 5.31,
            "eps_4q_growth_year": 115.98,
            "roe": 4.66,
            "roe_4q": 30.61,
            "gross_profit": 316901,
            "gross_margin": 19.52,
            "gross_margin_4q_avg": 16.91,
            "net_income": 126917,
            "net_income_4q": null,
            "revenue": 1623318,
            "revenue_4q": null,
            "common_shares": 1445319,
            "book_valuer_per_share": 19.27,
            "book_valuer_per_share_4q_avg": 18.52,
            "equity": 2784669,
            "current_ratio": 200.7,
            "debt_ratio": 43.54,
            "inventory_turnover_ratio": 7.13,
            "account_receivable_turnover_ratio": null,
            "reinvestment_rate": null,
            "research_to_sale_ratio": null,
            "price_fair": 126.58,
            "eps_avg_yearly": 3.62,
            "eps_latest_yearly": 3.52,
            "eps_growth_yearly": 97.07
        },
        "20051": {
            "year_quarter": 20051,
            "year": 2005,
            "quarter": 1,
            "eps": 1.21,
            "eps_growth_year": -23.42,
            "eps_4q": 4.98,
            "eps_4q_growth_year": 36.34,
            "roe": 6.16,
            "roe_4q": 27.87,
            "gross_profit": 279420,
            "gross_margin": 18.01,
            "gross_margin_4q_avg": 17.58,
            "net_income": 177424,
            "net_income_4q": null,
            "revenue": 1551342,
            "revenue_4q": null,
            "common_shares": 1466709,
            "book_valuer_per_share": 20.28,
            "book_valuer_per_share_4q_avg": 18.98,
            "equity": 2974459,
            "current_ratio": 184,
            "debt_ratio": 44.28,
            "inventory_turnover_ratio": 7.53,
            "account_receivable_turnover_ratio": null,
            "reinvestment_rate": null,
            "research_to_sale_ratio": null,
            "price_fair": 129.88,
            "eps_avg_yearly": 3.71,
            "eps_latest_yearly": 4.84,
            "eps_growth_yearly": 101.14
        },
        "20052": {
            "year_quarter": 20052,
            "year": 2005,
            "quarter": 2,
            "eps": 1.15,
            "eps_growth_year": -20.14,
            "eps_4q": 4.82,
            "eps_4q_growth_year": 2.15,
            "roe": 5.9,
            "roe_4q": 25.88,
            "gross_profit": 272354,
            "gross_margin": 21.94,
            "gross_margin_4q_avg": 18.75,
            "net_income": 168570,
            "net_income_4q": null,
            "revenue": 1241350,
            "revenue_4q": null,
            "common_shares": 1478859,
            "book_valuer_per_share": 18.52,
            "book_valuer_per_share_4q_avg": 19.12,
            "equity": 2738580,
            "current_ratio": 167.13,
            "debt_ratio": 46.89,
            "inventory_turnover_ratio": 8.51,
            "account_receivable_turnover_ratio": null,
            "reinvestment_rate": 38.36,
            "research_to_sale_ratio": null,
            "price_fair": 132.1,
            "eps_avg_yearly": 3.77,
            "eps_latest_yearly": 4.6,
            "eps_growth_yearly": 92.5
        },
        "20053": {
            "year_quarter": 20053,
            "year": 2005,
            "quarter": 3,
            "eps": 0.88,
            "eps_growth_year": -45.68,
            "eps_4q": 3.83,
            "eps_4q_growth_year": -30.03,
            "roe": 5,
            "roe_4q": 21.720000000000002,
            "gross_profit": 280826,
            "gross_margin": 15.75,
            "gross_margin_4q_avg": 18.81,
            "net_income": 141260,
            "net_income_4q": null,
            "revenue": 1783581,
            "revenue_4q": null,
            "common_shares": 1615788,
            "book_valuer_per_share": 18.01,
            "book_valuer_per_share_4q_avg": 19.02,
            "equity": 2910213,
            "current_ratio": 158.19,
            "debt_ratio": 50.72,
            "inventory_turnover_ratio": 10.62,
            "account_receivable_turnover_ratio": null,
            "reinvestment_rate": 34.02,
            "research_to_sale_ratio": null,
            "price_fair": 131.51,
            "eps_avg_yearly": 3.76,
            "eps_latest_yearly": 3.52,
            "eps_growth_yearly": 80.07
        },
        "20054": {
            "year_quarter": 20054,
            "year": 2005,
            "quarter": 4,
            "eps": 0.92,
            "eps_growth_year": 4.55,
            "eps_4q": 3.97,
            "eps_4q_growth_year": -25.1,
            "roe": 4.92,
            "roe_4q": 21.98,
            "gross_profit": 393748,
            "gross_margin": 15.98,
            "gross_margin_4q_avg": 17.92,
            "net_income": 146792,
            "net_income_4q": null,
            "revenue": 2464106,
            "revenue_4q": null,
            "common_shares": 1617578,
            "book_valuer_per_share": 18.92,
            "book_valuer_per_share_4q_avg": 18.93,
            "equity": 3061051,
            "current_ratio": 182.63,
            "debt_ratio": 51.6,
            "inventory_turnover_ratio": 9.59,
            "account_receivable_turnover_ratio": null,
            "reinvestment_rate": 34.4,
            "research_to_sale_ratio": null,
            "price_fair": 131.34,
            "eps_avg_yearly": 3.75,
            "eps_latest_yearly": 3.68,
            "eps_growth_yearly": 76.2
        },
        "20061": {
            "year_quarter": 20061,
            "year": 2006,
            "quarter": 1,
            "eps": 0.93,
            "eps_growth_year": -23.14,
            "eps_4q": 3.73,
            "eps_4q_growth_year": -25.08,
            "roe": 4.57,
            "roe_4q": 20.39,
            "gross_profit": 248917,
            "gross_margin": 17.55,
            "gross_margin_4q_avg": 17.81,
            "net_income": 151427,
            "net_income_4q": null,
            "revenue": 1418592,
            "revenue_4q": null,
            "common_shares": 1622638,
            "book_valuer_per_share": 21.95,
            "book_valuer_per_share_4q_avg": 19.35,
            "equity": 3562223,
            "current_ratio": 178.38,
            "debt_ratio": 42.21,
            "inventory_turnover_ratio": 6.78,
            "account_receivable_turnover_ratio": null,
            "reinvestment_rate": 31.92,
            "research_to_sale_ratio": null,
            "price_fair": 136.94,
            "eps_avg_yearly": 3.91,
            "eps_latest_yearly": 3.72,
            "eps_growth_yearly": 97.95
        },
        "20062": {
            "year_quarter": 20062,
            "year": 2006,
            "quarter": 2,
            "eps": 1.22,
            "eps_growth_year": 6.09,
            "eps_4q": 3.92,
            "eps_4q_growth_year": -18.69,
            "roe": 5.75,
            "roe_4q": 20.240000000000002,
            "gross_profit": 243399,
            "gross_margin": 15.23,
            "gross_margin_4q_avg": 16.13,
            "net_income": 198936,
            "net_income_4q": null,
            "revenue": 1598261,
            "revenue_4q": null,
            "common_shares": 1641748,
            "book_valuer_per_share": 20.48,
            "book_valuer_per_share_4q_avg": 19.84,
            "equity": 3363013,
            "current_ratio": 153.57,
            "debt_ratio": 48.33,
            "inventory_turnover_ratio": 12.3,
            "account_receivable_turnover_ratio": null,
            "reinvestment_rate": 29.29,
            "research_to_sale_ratio": null,
            "price_fair": 138.69,
            "eps_avg_yearly": 3.96,
            "eps_latest_yearly": 4.88,
            "eps_growth_yearly": 42.82
        },
        "20063": {
            "year_quarter": 20063,
            "year": 2006,
            "quarter": 3,
            "eps": 0.72,
            "eps_growth_year": -18.18,
            "eps_4q": 3.5,
            "eps_4q_growth_year": -8.46,
            "roe": 3.6,
            "roe_4q": 18.84,
            "gross_profit": 270262,
            "gross_margin": 16.36,
            "gross_margin_4q_avg": 16.28,
            "net_income": 128651,
            "net_income_4q": null,
            "revenue": 1652214,
            "revenue_4q": null,
            "common_shares": 1823039,
            "book_valuer_per_share": 20.71,
            "book_valuer_per_share_4q_avg": 20.52,
            "equity": 3776169,
            "current_ratio": 164.7,
            "debt_ratio": 44.43,
            "inventory_turnover_ratio": 10.45,
            "account_receivable_turnover_ratio": null,
            "reinvestment_rate": 27.7,
            "research_to_sale_ratio": null,
            "price_fair": 140.35,
            "eps_avg_yearly": 4.01,
            "eps_latest_yearly": 2.88,
            "eps_growth_yearly": 44.58
        },
        "20064": {
            "year_quarter": 20064,
            "year": 2006,
            "quarter": 4,
            "eps": 0.5,
            "eps_growth_year": -45.65,
            "eps_4q": 3.17,
            "eps_4q_growth_year": -20.11,
            "roe": 2.26,
            "roe_4q": 16.18,
            "gross_profit": 302543,
            "gross_margin": 18.64,
            "gross_margin_4q_avg": 16.95,
            "net_income": 89547,
            "net_income_4q": null,
            "revenue": 1622754,
            "revenue_4q": null,
            "common_shares": 1823389,
            "book_valuer_per_share": 22.71,
            "book_valuer_per_share_4q_avg": 21.46,
            "equity": 4140340,
            "current_ratio": 221.45,
            "debt_ratio": 37.66,
            "inventory_turnover_ratio": 6.92,
            "account_receivable_turnover_ratio": null,
            "reinvestment_rate": 29.56,
            "research_to_sale_ratio": null,
            "price_fair": 96.24,
            "eps_avg_yearly": 3.89,
            "eps_latest_yearly": 2,
            "eps_growth_yearly": 14.77
        },
        "20071": {
            "year_quarter": 20071,
            "year": 2007,
            "quarter": 1,
            "eps": 0.79,
            "eps_growth_year": -15.05,
            "eps_4q": 3.07,
            "eps_4q_growth_year": -17.9,
            "roe": 3.49,
            "roe_4q": 15.1,
            "gross_profit": 219246,
            "gross_margin": 14.25,
            "gross_margin_4q_avg": 16.12,
            "net_income": 144798,
            "net_income_4q": null,
            "revenue": 1538098,
            "revenue_4q": null,
            "common_shares": 1829999,
            "book_valuer_per_share": 22.73,
            "book_valuer_per_share_4q_avg": 21.66,
            "equity": 4159554,
            "current_ratio": 194.59,
            "debt_ratio": 37.13,
            "inventory_turnover_ratio": 6.97,
            "account_receivable_turnover_ratio": null,
            "reinvestment_rate": 27.19,
            "research_to_sale_ratio": null,
            "price_fair": 139.74,
            "eps_avg_yearly": 3.99,
            "eps_latest_yearly": 3.16,
            "eps_growth_yearly": 45.27
        },
        "20072": {
            "year_quarter": 20072,
            "year": 2007,
            "quarter": 2,
            "eps": 1.67,
            "eps_growth_year": 36.89,
            "eps_4q": 3.66,
            "eps_4q_growth_year": -6.47,
            "roe": 7.16,
            "roe_4q": 16.51,
            "gross_profit": 331681,
            "gross_margin": 16.74,
            "gross_margin_4q_avg": 16.5,
            "net_income": 304357,
            "net_income_4q": null,
            "revenue": 1981281,
            "revenue_4q": null,
            "common_shares": 1840449,
            "book_valuer_per_share": 23.62,
            "book_valuer_per_share_4q_avg": 22.44,
            "equity": 4347950,
            "current_ratio": 163.05,
            "debt_ratio": 41.34,
            "inventory_turnover_ratio": 11.96,
            "account_receivable_turnover_ratio": null,
            "reinvestment_rate": 23.46,
            "research_to_sale_ratio": null,
            "price_fair": 151.03,
            "eps_avg_yearly": 4.32,
            "eps_latest_yearly": 6.68,
            "eps_growth_yearly": 71.73
        },
        "20073": {
            "year_quarter": 20073,
            "year": 2007,
            "quarter": 3,
            "eps": 1.07,
            "eps_growth_year": 48.61,
            "eps_4q": 3.85,
            "eps_4q_growth_year": 10.03,
            "roe": 4.91,
            "roe_4q": 17.82,
            "gross_profit": 337031,
            "gross_margin": 17.72,
            "gross_margin_4q_avg": 16.84,
            "net_income": 207070,
            "net_income_4q": null,
            "revenue": 1901656,
            "revenue_4q": null,
            "common_shares": 1941836,
            "book_valuer_per_share": 21.08,
            "book_valuer_per_share_4q_avg": 22.54,
            "equity": 4093550,
            "current_ratio": 187.77,
            "debt_ratio": 38.83,
            "inventory_turnover_ratio": 10.86,
            "account_receivable_turnover_ratio": null,
            "reinvestment_rate": 19.76,
            "research_to_sale_ratio": null,
            "price_fair": 154.96,
            "eps_avg_yearly": 4.43,
            "eps_latest_yearly": 4.28,
            "eps_growth_yearly": 46.96
        },
        "20074": {
            "year_quarter": 20074,
            "year": 2007,
            "quarter": 4,
            "eps": 0.65,
            "eps_growth_year": 30,
            "eps_4q": 4.07,
            "eps_4q_growth_year": 28.3,
            "roe": 3.07,
            "roe_4q": 18.630000000000003,
            "gross_profit": 253476,
            "gross_margin": 19.62,
            "gross_margin_4q_avg": 17.08,
            "net_income": 124613,
            "net_income_4q": null,
            "revenue": 1292071,
            "revenue_4q": null,
            "common_shares": 1942966,
            "book_valuer_per_share": 20.69,
            "book_valuer_per_share_4q_avg": 22.03,
            "equity": 4020568,
            "current_ratio": 262.92,
            "debt_ratio": 34.92,
            "inventory_turnover_ratio": 6.67,
            "account_receivable_turnover_ratio": null,
            "reinvestment_rate": 20.36,
            "research_to_sale_ratio": null,
            "price_fair": 114.51,
            "eps_avg_yearly": 4.31,
            "eps_latest_yearly": 2.6,
            "eps_growth_yearly": 16.58
        },
        "20081": {
            "year_quarter": 20081,
            "year": 2008,
            "quarter": 1,
            "eps": 0.2,
            "eps_growth_year": -74.68,
            "eps_4q": 3.44,
            "eps_4q_growth_year": 12.25,
            "roe": 1,
            "roe_4q": 16.14,
            "gross_profit": 236960,
            "gross_margin": 19.76,
            "gross_margin_4q_avg": 18.46,
            "net_income": 39243,
            "net_income_4q": null,
            "revenue": 1199140,
            "revenue_4q": null,
            "common_shares": 1943316,
            "book_valuer_per_share": 19.88,
            "book_valuer_per_share_4q_avg": 21.32,
            "equity": 3862503,
            "current_ratio": 287.24,
            "debt_ratio": 33.42,
            "inventory_turnover_ratio": 6.56,
            "account_receivable_turnover_ratio": null,
            "reinvestment_rate": 22.55,
            "research_to_sale_ratio": null,
            "price_fair": 11.89,
            "eps_avg_yearly": 3.96,
            "eps_latest_yearly": 0.8,
            "eps_growth_yearly": -10.68
        },
        "20082": {
            "year_quarter": 20082,
            "year": 2008,
            "quarter": 2,
            "eps": 0.54,
            "eps_growth_year": -67.66,
            "eps_4q": 2.32,
            "eps_4q_growth_year": -36.66,
            "roe": 3.05,
            "roe_4q": 12.03,
            "gross_profit": 229229,
            "gross_margin": 17.95,
            "gross_margin_4q_avg": 18.76,
            "net_income": 112570,
            "net_income_4q": null,
            "revenue": 1277332,
            "revenue_4q": null,
            "common_shares": 1949216,
            "book_valuer_per_share": 18.07,
            "book_valuer_per_share_4q_avg": 19.93,
            "equity": 3522522,
            "current_ratio": 226.88,
            "debt_ratio": 40.16,
            "inventory_turnover_ratio": 7.8,
            "account_receivable_turnover_ratio": null,
            "reinvestment_rate": 21.74,
            "research_to_sale_ratio": null,
            "price_fair": 130.81,
            "eps_avg_yearly": 3.74,
            "eps_latest_yearly": 2.16,
            "eps_growth_yearly": 34.04
        },
        "20083": {
            "year_quarter": 20083,
            "year": 2008,
            "quarter": 3,
            "eps": 0.21,
            "eps_growth_year": -80.37,
            "eps_4q": 1.54,
            "eps_4q_growth_year": -60.16,
            "roe": 1.42,
            "roe_4q": 8.54,
            "gross_profit": 179120,
            "gross_margin": 19.87,
            "gross_margin_4q_avg": 19.3,
            "net_income": 43805,
            "net_income_4q": null,
            "revenue": 901652,
            "revenue_4q": null,
            "common_shares": 1260424,
            "book_valuer_per_share": 20.95,
            "book_valuer_per_share_4q_avg": 19.9,
            "equity": 2640845,
            "current_ratio": 166.19,
            "debt_ratio": 51.16,
            "inventory_turnover_ratio": 3.86,
            "account_receivable_turnover_ratio": null,
            "reinvestment_rate": 22.45,
            "research_to_sale_ratio": null,
            "price_fair": 86.77,
            "eps_avg_yearly": 3.39,
            "eps_latest_yearly": 0.84,
            "eps_growth_yearly": 15.63
        },
        "20084": {
            "year_quarter": 20084,
            "year": 2008,
            "quarter": 4,
            "eps": 0.07,
            "eps_growth_year": -89.23,
            "eps_4q": 1.16,
            "eps_4q_growth_year": -71.59,
            "roe": 0.48,
            "roe_4q": 5.949999999999999,
            "gross_profit": 166097,
            "gross_margin": 28.19,
            "gross_margin_4q_avg": 21.44,
            "net_income": 12595,
            "net_income_4q": null,
            "revenue": 589136,
            "revenue_4q": null,
            "common_shares": 1260424,
            "book_valuer_per_share": 20.86,
            "book_valuer_per_share_4q_avg": 19.94,
            "equity": 2629608,
            "current_ratio": 237.54,
            "debt_ratio": 36.34,
            "inventory_turnover_ratio": 1.82,
            "account_receivable_turnover_ratio": 1.61,
            "reinvestment_rate": 17.92,
            "research_to_sale_ratio": null,
            "price_fair": 64.88,
            "eps_avg_yearly": 3.18,
            "eps_latest_yearly": 0.28,
            "eps_growth_yearly": 10.39
        },
        "20091": {
            "year_quarter": 20091,
            "year": 2009,
            "quarter": 1,
            "eps": 0.4,
            "eps_growth_year": 100,
            "eps_4q": 1.76,
            "eps_4q_growth_year": -48.94,
            "roe": 1.86,
            "roe_4q": 6.81,
            "gross_profit": 106089,
            "gross_margin": 45.72,
            "gross_margin_4q_avg": 27.93,
            "net_income": 49800,
            "net_income_4q": null,
            "revenue": 232055,
            "revenue_4q": null,
            "common_shares": 1260424,
            "book_valuer_per_share": 21.65,
            "book_valuer_per_share_4q_avg": 20.38,
            "equity": 2729229,
            "current_ratio": 348.17,
            "debt_ratio": 27.05,
            "inventory_turnover_ratio": 0.55,
            "account_receivable_turnover_ratio": 0.4,
            "reinvestment_rate": 0.49,
            "research_to_sale_ratio": null,
            "price_fair": 104.3,
            "eps_avg_yearly": 2.98,
            "eps_latest_yearly": 1.6,
            "eps_growth_yearly": 118.87
        },
        "20092": {
            "year_quarter": 20092,
            "year": 2009,
            "quarter": 2,
            "eps": 0.26,
            "eps_growth_year": -51.85,
            "eps_4q": 1.09,
            "eps_4q_growth_year": -52.97,
            "roe": 1.22,
            "roe_4q": 4.98,
            "gross_profit": 159102,
            "gross_margin": 22.14,
            "gross_margin_4q_avg": 28.98,
            "net_income": 33237,
            "net_income_4q": null,
            "revenue": 718675,
            "revenue_4q": null,
            "common_shares": 1260424,
            "book_valuer_per_share": 21.68,
            "book_valuer_per_share_4q_avg": 21.29,
            "equity": 2733196,
            "current_ratio": 282.6,
            "debt_ratio": 31.03,
            "inventory_turnover_ratio": 2.73,
            "account_receivable_turnover_ratio": 1.33,
            "reinvestment_rate": 0.01,
            "research_to_sale_ratio": null,
            "price_fair": 96.51,
            "eps_avg_yearly": 2.76,
            "eps_latest_yearly": 1.04,
            "eps_growth_yearly": 111.36
        },
        "20093": {
            "year_quarter": 20093,
            "year": 2009,
            "quarter": 3,
            "eps": 0.4,
            "eps_growth_year": 90.48,
            "eps_4q": 1.12,
            "eps_4q_growth_year": -27.18,
            "roe": 1.93,
            "roe_4q": 5.49,
            "gross_profit": 162027,
            "gross_margin": 19.56,
            "gross_margin_4q_avg": 28.9,
            "net_income": 53281,
            "net_income_4q": null,
            "revenue": 828534,
            "revenue_4q": null,
            "common_shares": 1341007,
            "book_valuer_per_share": 20.86,
            "book_valuer_per_share_4q_avg": 21.26,
            "equity": 2796802,
            "current_ratio": 284.74,
            "debt_ratio": 30.59,
            "inventory_turnover_ratio": 4.42,
            "account_receivable_turnover_ratio": 1.24,
            "reinvestment_rate": 0.23,
            "research_to_sale_ratio": null,
            "price_fair": 92.31,
            "eps_avg_yearly": 2.64,
            "eps_latest_yearly": 1.6,
            "eps_growth_yearly": 130.69
        },
        "20094": {
            "year_quarter": 20094,
            "year": 2009,
            "quarter": 4,
            "eps": 0.5,
            "eps_growth_year": 614.29,
            "eps_4q": 1.52,
            "eps_4q_growth_year": 31.24,
            "roe": 2.36,
            "roe_4q": 7.37,
            "gross_profit": 216262,
            "gross_margin": 22.22,
            "gross_margin_4q_avg": 27.41,
            "net_income": 66667,
            "net_income_4q": null,
            "revenue": 973400,
            "revenue_4q": null,
            "common_shares": 1341007,
            "book_valuer_per_share": 21.26,
            "book_valuer_per_share_4q_avg": 21.36,
            "equity": 2842122,
            "current_ratio": 239.85,
            "debt_ratio": 35.2,
            "inventory_turnover_ratio": 5.53,
            "account_receivable_turnover_ratio": 2.37,
            "reinvestment_rate": 35.32,
            "research_to_sale_ratio": null,
            "price_fair": 88.64,
            "eps_avg_yearly": 2.53,
            "eps_latest_yearly": 2,
            "eps_growth_yearly": 135.8
        },
        "20101": {
            "year_quarter": 20101,
            "year": 2010,
            "quarter": 1,
            "eps": 0.5,
            "eps_growth_year": 25,
            "eps_4q": 1.64,
            "eps_4q_growth_year": -6.58,
            "roe": 2.31,
            "roe_4q": 7.819999999999999,
            "gross_profit": 229209,
            "gross_margin": 16.39,
            "gross_margin_4q_avg": 20.08,
            "net_income": 66215,
            "net_income_4q": null,
            "revenue": 1398554,
            "revenue_4q": null,
            "common_shares": 1341007,
            "book_valuer_per_share": 21.55,
            "book_valuer_per_share_4q_avg": 21.34,
            "equity": 2880881,
            "current_ratio": 207.95,
            "debt_ratio": 40.57,
            "inventory_turnover_ratio": 5.72,
            "account_receivable_turnover_ratio": 1.43,
            "reinvestment_rate": 37.34,
            "research_to_sale_ratio": 1.33,
            "price_fair": 84.88,
            "eps_avg_yearly": 2.43,
            "eps_latest_yearly": 2,
            "eps_growth_yearly": 135.53
        },
        "20102": {
            "year_quarter": 20102,
            "year": 2010,
            "quarter": 2,
            "eps": 1.33,
            "eps_growth_year": 412.59,
            "eps_4q": 2.73,
            "eps_4q_growth_year": 149.88,
            "roe": 6.12,
            "roe_4q": 12.719999999999999,
            "gross_profit": 330452,
            "gross_margin": 21.68,
            "gross_margin_4q_avg": 19.96,
            "net_income": 178131,
            "net_income_4q": null,
            "revenue": 1524487,
            "revenue_4q": null,
            "common_shares": 1341007,
            "book_valuer_per_share": 21.97,
            "book_valuer_per_share_4q_avg": 21.41,
            "equity": 2937098,
            "current_ratio": 194.44,
            "debt_ratio": 42.93,
            "inventory_turnover_ratio": 5.2,
            "account_receivable_turnover_ratio": 1.34,
            "reinvestment_rate": 40.66,
            "research_to_sale_ratio": 1.13,
            "price_fair": 85.84,
            "eps_avg_yearly": 2.45,
            "eps_latest_yearly": 5.32,
            "eps_growth_yearly": 169.23
        },
        "20103": {
            "year_quarter": 20103,
            "year": 2010,
            "quarter": 3,
            "eps": 0.83,
            "eps_growth_year": 107.7,
            "eps_4q": 3.16,
            "eps_4q_growth_year": 182.46,
            "roe": 3.74,
            "roe_4q": 14.53,
            "gross_profit": 238357,
            "gross_margin": 20.21,
            "gross_margin_4q_avg": 20.13,
            "net_income": 111043,
            "net_income_4q": null,
            "revenue": 1179328,
            "revenue_4q": null,
            "common_shares": 1341007,
            "book_valuer_per_share": 22.5,
            "book_valuer_per_share_4q_avg": 21.82,
            "equity": 3007545,
            "current_ratio": 227.32,
            "debt_ratio": 37.47,
            "inventory_turnover_ratio": 4.33,
            "account_receivable_turnover_ratio": 0.96,
            "reinvestment_rate": 39.62,
            "research_to_sale_ratio": 1.66,
            "price_fair": 86.8,
            "eps_avg_yearly": 2.48,
            "eps_latest_yearly": 3.32,
            "eps_growth_yearly": 170.08
        },
        "20104": {
            "year_quarter": 20104,
            "year": 2010,
            "quarter": 4,
            "eps": 0.03,
            "eps_growth_year": -93.23,
            "eps_4q": 2.69,
            "eps_4q_growth_year": 77.31,
            "roe": 0.15,
            "roe_4q": 12.32,
            "gross_profit": 163584,
            "gross_margin": 23.41,
            "gross_margin_4q_avg": 20.42,
            "net_income": 4525,
            "net_income_4q": null,
            "revenue": 698823,
            "revenue_4q": null,
            "common_shares": 1341007,
            "book_valuer_per_share": 21.88,
            "book_valuer_per_share_4q_avg": 21.98,
            "equity": 2923904,
            "current_ratio": 279.66,
            "debt_ratio": 30.86,
            "inventory_turnover_ratio": 2.39,
            "account_receivable_turnover_ratio": 0.67,
            "reinvestment_rate": 39.28,
            "research_to_sale_ratio": 3.01,
            "price_fair": 82.69,
            "eps_avg_yearly": 2.36,
            "eps_latest_yearly": 0.12,
            "eps_growth_yearly": 153.62
        },
        "20111": {
            "year_quarter": 20111,
            "year": 2011,
            "quarter": 1,
            "eps": 0.29,
            "eps_growth_year": -42,
            "eps_4q": 2.49,
            "eps_4q_growth_year": 51.5,
            "roe": 1.31,
            "roe_4q": 11.32,
            "gross_profit": 178626,
            "gross_margin": 19.15,
            "gross_margin_4q_avg": 21.11,
            "net_income": 38683,
            "net_income_4q": null,
            "revenue": 932696,
            "revenue_4q": null,
            "common_shares": 1341007,
            "book_valuer_per_share": 22.23,
            "book_valuer_per_share_4q_avg": 22.15,
            "equity": 2971469,
            "current_ratio": 255.58,
            "debt_ratio": 32.55,
            "inventory_turnover_ratio": 3.14,
            "account_receivable_turnover_ratio": 1.21,
            "reinvestment_rate": 47.27,
            "research_to_sale_ratio": 2.42,
            "price_fair": 78.31,
            "eps_avg_yearly": 2.24,
            "eps_latest_yearly": 1.16,
            "eps_growth_yearly": 355.79
        },
        "20112": {
            "year_quarter": 20112,
            "year": 2011,
            "quarter": 2,
            "eps": 0.42,
            "eps_growth_year": -68.73,
            "eps_4q": 1.57,
            "eps_4q_growth_year": -42.37,
            "roe": 1.95,
            "roe_4q": 7.15,
            "gross_profit": 215864,
            "gross_margin": 20.24,
            "gross_margin_4q_avg": 20.75,
            "net_income": 55706,
            "net_income_4q": null,
            "revenue": 1066713,
            "revenue_4q": null,
            "common_shares": 1341007,
            "book_valuer_per_share": 20.6,
            "book_valuer_per_share_4q_avg": 21.8,
            "equity": 2753078,
            "current_ratio": 204.3,
            "debt_ratio": 38.84,
            "inventory_turnover_ratio": 3.25,
            "account_receivable_turnover_ratio": 1.35,
            "reinvestment_rate": 64.32,
            "research_to_sale_ratio": 1.95,
            "price_fair": 67.38,
            "eps_avg_yearly": 1.93,
            "eps_latest_yearly": 1.68,
            "eps_growth_yearly": 339.15
        },
        "20113": {
            "year_quarter": 20113,
            "year": 2011,
            "quarter": 3,
            "eps": 0.06,
            "eps_growth_year": -93.23,
            "eps_4q": 0.81,
            "eps_4q_growth_year": -74.38,
            "roe": 0.27,
            "roe_4q": 3.6799999999999997,
            "gross_profit": 151349,
            "gross_margin": 22.18,
            "gross_margin_4q_avg": 21.25,
            "net_income": 7389,
            "net_income_4q": null,
            "revenue": 682247,
            "revenue_4q": null,
            "common_shares": 1341007,
            "book_valuer_per_share": 20.83,
            "book_valuer_per_share_4q_avg": 21.39,
            "equity": 2737138,
            "current_ratio": 281.88,
            "debt_ratio": 28.96,
            "inventory_turnover_ratio": 1.78,
            "account_receivable_turnover_ratio": 0.96,
            "reinvestment_rate": 75.77,
            "research_to_sale_ratio": 3.21,
            "price_fair": 58.54,
            "eps_avg_yearly": 1.67,
            "eps_latest_yearly": 0.24,
            "eps_growth_yearly": 326.7
        },
        "20114": {
            "year_quarter": 20114,
            "year": 2011,
            "quarter": 4,
            "eps": -0.02,
            "eps_growth_year": -152.52,
            "eps_4q": 0.76,
            "eps_4q_growth_year": -71.62,
            "roe": -0.1,
            "roe_4q": 3.43,
            "gross_profit": 169470,
            "gross_margin": 23.66,
            "gross_margin_4q_avg": 21.31,
            "net_income": -2869,
            "net_income_4q": null,
            "revenue": 716371,
            "revenue_4q": null,
            "common_shares": 1341007,
            "book_valuer_per_share": 20.81,
            "book_valuer_per_share_4q_avg": 21.12,
            "equity": 2848367,
            "current_ratio": 307.7,
            "debt_ratio": 26.28,
            "inventory_turnover_ratio": 1.43,
            "account_receivable_turnover_ratio": 1.24,
            "reinvestment_rate": 84.07,
            "research_to_sale_ratio": 3.44,
            "price_fair": 56.37,
            "eps_avg_yearly": 1.61,
            "eps_latest_yearly": 0.24,
            "eps_growth_yearly": 358.95
        },
        "20121": {
            "year_quarter": 20121,
            "year": 2012,
            "quarter": 1,
            "eps": -0.28,
            "eps_growth_year": -196.55,
            "eps_4q": 0.19,
            "eps_4q_growth_year": -92.49,
            "roe": -1.38,
            "roe_4q": 0.74,
            "gross_profit": 118839,
            "gross_margin": 21.57,
            "gross_margin_4q_avg": 21.91,
            "net_income": -39486,
            "net_income_4q": null,
            "revenue": 550928,
            "revenue_4q": null,
            "common_shares": 1305947,
            "book_valuer_per_share": 21.2,
            "book_valuer_per_share_4q_avg": 20.86,
            "equity": 2868984,
            "current_ratio": 322.42,
            "debt_ratio": 24.6,
            "inventory_turnover_ratio": 1.04,
            "account_receivable_turnover_ratio": 1.05,
            "reinvestment_rate": 102.21,
            "research_to_sale_ratio": 4.37,
            "price_fair": 58.4,
            "eps_avg_yearly": 1.67,
            "eps_latest_yearly": 0.24,
            "eps_growth_yearly": 404.37
        },
        "20122": {
            "year_quarter": 20122,
            "year": 2012,
            "quarter": 2,
            "eps": 0.46,
            "eps_growth_year": 10.65,
            "eps_4q": 0.22,
            "eps_4q_growth_year": -86,
            "roe": 2.12,
            "roe_4q": 0.9100000000000003,
            "gross_profit": 217090,
            "gross_margin": 19.46,
            "gross_margin_4q_avg": 21.72,
            "net_income": 60597,
            "net_income_4q": null,
            "revenue": 1115459,
            "revenue_4q": null,
            "common_shares": 1305947,
            "book_valuer_per_share": 20.82,
            "book_valuer_per_share_4q_avg": 20.92,
            "equity": 2847008,
            "current_ratio": 253.66,
            "debt_ratio": 30.76,
            "inventory_turnover_ratio": 2.61,
            "account_receivable_turnover_ratio": 1.85,
            "reinvestment_rate": 99.05,
            "research_to_sale_ratio": 2.46,
            "price_fair": 57.08,
            "eps_avg_yearly": 1.63,
            "eps_latest_yearly": 0.24,
            "eps_growth_yearly": 383.17
        },
        "20123": {
            "year_quarter": 20123,
            "year": 2012,
            "quarter": 3,
            "eps": 0.29,
            "eps_growth_year": 419.24,
            "eps_4q": 0.46,
            "eps_4q_growth_year": -43.74,
            "roe": 1.48,
            "roe_4q": 2.12,
            "gross_profit": 209350,
            "gross_margin": 24.02,
            "gross_margin_4q_avg": 22.18,
            "net_income": 41859,
            "net_income_4q": null,
            "revenue": 871394,
            "revenue_4q": null,
            "common_shares": 1305948,
            "book_valuer_per_share": 21.06,
            "book_valuer_per_share_4q_avg": 20.97,
            "equity": 2796199,
            "current_ratio": 310.38,
            "debt_ratio": 26.89,
            "inventory_turnover_ratio": 2.33,
            "account_receivable_turnover_ratio": 1.33,
            "reinvestment_rate": 95.47,
            "research_to_sale_ratio": 3.01,
            "price_fair": 57.94,
            "eps_avg_yearly": 1.66,
            "eps_latest_yearly": 1.16,
            "eps_growth_yearly": 390.6
        },
        "20124": {
            "year_quarter": 20124,
            "year": 2012,
            "quarter": 4,
            "eps": 0.02,
            "eps_growth_year": null,
            "eps_4q": 0.49,
            "eps_4q_growth_year": -36.01,
            "roe": -0.09,
            "roe_4q": 2.13,
            "gross_profit": 159960,
            "gross_margin": 20.63,
            "gross_margin_4q_avg": 21.42,
            "net_income": -2570,
            "net_income_4q": null,
            "revenue": 775487,
            "revenue_4q": null,
            "common_shares": 1305947,
            "book_valuer_per_share": 20.81,
            "book_valuer_per_share_4q_avg": 20.97,
            "equity": 2769901,
            "current_ratio": 301.43,
            "debt_ratio": 28.1,
            "inventory_turnover_ratio": 2.24,
            "account_receivable_turnover_ratio": 1.33,
            "reinvestment_rate": 288.61,
            "research_to_sale_ratio": 2.41,
            "price_fair": 57.4,
            "eps_avg_yearly": 1.64,
            "eps_latest_yearly": 0.08,
            "eps_growth_yearly": 382.47
        },
        "20131": {
            "year_quarter": 20131,
            "year": 2013,
            "quarter": 1,
            "eps": 0.11,
            "eps_growth_year": null,
            "eps_4q": 0.88,
            "eps_4q_growth_year": 369.6,
            "roe": 0.5,
            "roe_4q": 4.01,
            "gross_profit": 147253,
            "gross_margin": 24.44,
            "gross_margin_4q_avg": 22.14,
            "net_income": 14048,
            "net_income_4q": null,
            "revenue": 602551,
            "revenue_4q": null,
            "common_shares": 1305947,
            "book_valuer_per_share": 21.44,
            "book_valuer_per_share_4q_avg": 21.03,
            "equity": 2853316,
            "current_ratio": 334.74,
            "debt_ratio": 20.41,
            "inventory_turnover_ratio": 1.59,
            "account_receivable_turnover_ratio": 1.06,
            "reinvestment_rate": 91.41,
            "research_to_sale_ratio": 2.7,
            "price_fair": 54.28,
            "eps_avg_yearly": 1.55,
            "eps_latest_yearly": 0.44,
            "eps_growth_yearly": 375.87
        },
        "20132": {
            "year_quarter": 20132,
            "year": 2013,
            "quarter": 2,
            "eps": 0.27,
            "eps_growth_year": -41.45,
            "eps_4q": 0.68,
            "eps_4q_growth_year": 210.9,
            "roe": 1.16,
            "roe_4q": 3.05,
            "gross_profit": 180198,
            "gross_margin": 25.95,
            "gross_margin_4q_avg": 23.76,
            "net_income": 33215,
            "net_income_4q": null,
            "revenue": 694412,
            "revenue_4q": null,
            "common_shares": 1305947,
            "book_valuer_per_share": 21.47,
            "book_valuer_per_share_4q_avg": 21.2,
            "equity": 2854257,
            "current_ratio": 324.21,
            "debt_ratio": 21.19,
            "inventory_turnover_ratio": 1.63,
            "account_receivable_turnover_ratio": 1.14,
            "reinvestment_rate": 89.82,
            "research_to_sale_ratio": 2.16,
            "price_fair": 54.38,
            "eps_avg_yearly": 1.55,
            "eps_latest_yearly": 1.08,
            "eps_growth_yearly": 431.4
        },
        "20133": {
            "year_quarter": 20133,
            "year": 2013,
            "quarter": 3,
            "eps": -0.64,
            "eps_growth_year": -319.16,
            "eps_4q": -0.24,
            "eps_4q_growth_year": -153.78,
            "roe": -3.18,
            "roe_4q": -1.6100000000000005,
            "gross_profit": 42061,
            "gross_margin": 5.42,
            "gross_margin_4q_avg": 19.11,
            "net_income": -89124,
            "net_income_4q": null,
            "revenue": 775987,
            "revenue_4q": null,
            "common_shares": 1305947,
            "book_valuer_per_share": 20.7,
            "book_valuer_per_share_4q_avg": 21.11,
            "equity": 2748570,
            "current_ratio": 289.76,
            "debt_ratio": 23.35,
            "inventory_turnover_ratio": 3.32,
            "account_receivable_turnover_ratio": 1.27,
            "reinvestment_rate": 110.19,
            "research_to_sale_ratio": 2.17,
            "price_fair": 54.25,
            "eps_avg_yearly": 1.55,
            "eps_latest_yearly": 1.08,
            "eps_growth_yearly": 449.4
        },
        "20134": {
            "year_quarter": 20134,
            "year": 2013,
            "quarter": 4,
            "eps": -3.63,
            "eps_growth_year": -22774.47,
            "eps_4q": -3.89,
            "eps_4q_growth_year": -895.39,
            "roe": -18.86,
            "roe_4q": -20.38,
            "gross_profit": 117746,
            "gross_margin": 16.52,
            "gross_margin_4q_avg": 18.08,
            "net_income": -471758,
            "net_income_4q": null,
            "revenue": 712843,
            "revenue_4q": null,
            "common_shares": 1305947,
            "book_valuer_per_share": 17.09,
            "book_valuer_per_share_4q_avg": 20.18,
            "equity": 2255434,
            "current_ratio": 287.89,
            "debt_ratio": 26.32,
            "inventory_turnover_ratio": 5.27,
            "account_receivable_turnover_ratio": 1.37,
            "reinvestment_rate": -2604.78,
            "research_to_sale_ratio": 6.85,
            "price_fair": 52.82,
            "eps_avg_yearly": 1.51,
            "eps_latest_yearly": 1.08,
            "eps_growth_yearly": 481.16
        },
        "20141": {
            "year_quarter": 20141,
            "year": 2014,
            "quarter": 1,
            "eps": 0.32,
            "eps_growth_year": 190.91,
            "eps_4q": -3.73,
            "eps_4q_growth_year": -525.66,
            "roe": 1.95,
            "roe_4q": -18.93,
            "gross_profit": 163483,
            "gross_margin": 22.65,
            "gross_margin_4q_avg": 17.64,
            "net_income": 43925,
            "net_income_4q": null,
            "revenue": 721868,
            "revenue_4q": null,
            "common_shares": 1298587,
            "book_valuer_per_share": 17.58,
            "book_valuer_per_share_4q_avg": 19.21,
            "equity": 2245514,
            "current_ratio": 279.54,
            "debt_ratio": 26.76,
            "inventory_turnover_ratio": 4.52,
            "account_receivable_turnover_ratio": 1.78,
            "reinvestment_rate": null,
            "research_to_sale_ratio": 2.29,
            "price_fair": 51.1,
            "eps_avg_yearly": 1.46,
            "eps_latest_yearly": 1.08,
            "eps_growth_yearly": 529.28
        },
        "20142": {
            "year_quarter": 20142,
            "year": 2014,
            "quarter": 2,
            "eps": 0.98,
            "eps_growth_year": 262.96,
            "eps_4q": -3.07,
            "eps_4q_growth_year": -549.44,
            "roe": 5.49,
            "roe_4q": -14.599999999999998,
            "gross_profit": 279981,
            "gross_margin": 25.84,
            "gross_margin_4q_avg": 17.61,
            "net_income": 124600,
            "net_income_4q": null,
            "revenue": 1083561,
            "revenue_4q": null,
            "common_shares": 1300108,
            "book_valuer_per_share": 18.21,
            "book_valuer_per_share_4q_avg": 18.4,
            "equity": 2293202,
            "current_ratio": 246.21,
            "debt_ratio": 31.62,
            "inventory_turnover_ratio": 6.55,
            "account_receivable_turnover_ratio": 2.37,
            "reinvestment_rate": null,
            "research_to_sale_ratio": 1.65,
            "price_fair": 46.2,
            "eps_avg_yearly": 1.32,
            "eps_latest_yearly": 3.92,
            "eps_growth_yearly": 545.38
        },
        "20143": {
            "year_quarter": 20143,
            "year": 2014,
            "quarter": 3,
            "eps": 0.81,
            "eps_growth_year": null,
            "eps_4q": -1.56,
            "eps_4q_growth_year": null,
            "roe": 4.33,
            "roe_4q": -7.09,
            "gross_profit": 242891,
            "gross_margin": 23.96,
            "gross_margin_4q_avg": 22.24,
            "net_income": 103344,
            "net_income_4q": null,
            "revenue": 1013910,
            "revenue_4q": null,
            "common_shares": 1288637,
            "book_valuer_per_share": 19.24,
            "book_valuer_per_share_4q_avg": 18.03,
            "equity": 2477949,
            "current_ratio": 253.7,
            "debt_ratio": 31.55,
            "inventory_turnover_ratio": 8.06,
            "account_receivable_turnover_ratio": 1.78,
            "reinvestment_rate": null,
            "research_to_sale_ratio": 1.79,
            "price_fair": 45.92,
            "eps_avg_yearly": 1.31,
            "eps_latest_yearly": 3.24,
            "eps_growth_yearly": 553.48
        },
        "20144": {
            "year_quarter": 20144,
            "year": 2014,
            "quarter": 4,
            "eps": 0.14,
            "eps_growth_year": null,
            "eps_4q": 2.18,
            "eps_4q_growth_year": null,
            "roe": 0.71,
            "roe_4q": 12.48,
            "gross_profit": 151877,
            "gross_margin": 24.33,
            "gross_margin_4q_avg": 24.2,
            "net_income": 17821,
            "net_income_4q": null,
            "revenue": 624266,
            "revenue_4q": null,
            "common_shares": 1319387,
            "book_valuer_per_share": 19.16,
            "book_valuer_per_share_4q_avg": 18.55,
            "equity": 2527368,
            "current_ratio": 275.97,
            "debt_ratio": 28.91,
            "inventory_turnover_ratio": 5.71,
            "account_receivable_turnover_ratio": 1.14,
            "reinvestment_rate": null,
            "research_to_sale_ratio": 2.69,
            "price_fair": 47.46,
            "eps_avg_yearly": 1.36,
            "eps_latest_yearly": 0.56,
            "eps_growth_yearly": 558.94
        },
        "20151": {
            "year_quarter": 20151,
            "year": 2015,
            "quarter": 1,
            "eps": 0.21,
            "eps_growth_year": -34.38,
            "eps_4q": 2.07,
            "eps_4q_growth_year": null,
            "roe": 1.08,
            "roe_4q": 11.61,
            "gross_profit": 158315,
            "gross_margin": 24.29,
            "gross_margin_4q_avg": 24.61,
            "net_income": 27356,
            "net_income_4q": null,
            "revenue": 651864,
            "revenue_4q": null,
            "common_shares": 1321047,
            "book_valuer_per_share": 19.36,
            "book_valuer_per_share_4q_avg": 18.99,
            "equity": 2556484,
            "current_ratio": 302.41,
            "debt_ratio": 26.55,
            "inventory_turnover_ratio": 5.89,
            "account_receivable_turnover_ratio": 1.35,
            "reinvestment_rate": null,
            "research_to_sale_ratio": 2.43,
            "price_fair": 46.34,
            "eps_avg_yearly": 1.32,
            "eps_latest_yearly": 0.84,
            "eps_growth_yearly": 232.28
        },
        "20152": {
            "year_quarter": 20152,
            "year": 2015,
            "quarter": 2,
            "eps": 0.27,
            "eps_growth_year": -72.45,
            "eps_4q": 1.39,
            "eps_4q_growth_year": null,
            "roe": 1.41,
            "roe_4q": 7.53,
            "gross_profit": 198173,
            "gross_margin": 21.42,
            "gross_margin_4q_avg": 23.5,
            "net_income": 35250,
            "net_income_4q": null,
            "revenue": 925300,
            "revenue_4q": null,
            "common_shares": 1320747,
            "book_valuer_per_share": 18.4,
            "book_valuer_per_share_4q_avg": 19.04,
            "equity": 2429842,
            "current_ratio": 223.04,
            "debt_ratio": 34.98,
            "inventory_turnover_ratio": 9.49,
            "account_receivable_turnover_ratio": 1.87,
            "reinvestment_rate": null,
            "research_to_sale_ratio": 2.02,
            "price_fair": 44.24,
            "eps_avg_yearly": 1.26,
            "eps_latest_yearly": 1.08,
            "eps_growth_yearly": 225.78
        },
        "20153": {
            "year_quarter": 20153,
            "year": 2015,
            "quarter": 3,
            "eps": 0.1,
            "eps_growth_year": -87.65,
            "eps_4q": 0.71,
            "eps_4q_growth_year": null,
            "roe": 0.53,
            "roe_4q": 3.73,
            "gross_profit": 123393,
            "gross_margin": 22.21,
            "gross_margin_4q_avg": 23.06,
            "net_income": 12912,
            "net_income_4q": null,
            "revenue": 555595,
            "revenue_4q": null,
            "common_shares": 1318757,
            "book_valuer_per_share": 18.81,
            "book_valuer_per_share_4q_avg": 18.93,
            "equity": 2479831,
            "current_ratio": 269.64,
            "debt_ratio": 28.59,
            "inventory_turnover_ratio": 4.74,
            "account_receivable_turnover_ratio": 0.96,
            "reinvestment_rate": null,
            "research_to_sale_ratio": 3.08,
            "price_fair": 44.8,
            "eps_avg_yearly": 1.28,
            "eps_latest_yearly": 0.4,
            "eps_growth_yearly": 234.88
        },
        "20154": {
            "year_quarter": 20154,
            "year": 2015,
            "quarter": 4,
            "eps": 3.99,
            "eps_growth_year": 2847.97,
            "eps_4q": 4.56,
            "eps_4q_growth_year": 108.81,
            "roe": 19.18,
            "roe_4q": 22.200000000000003,
            "gross_profit": 166641,
            "gross_margin": 20.74,
            "gross_margin_4q_avg": 22.17,
            "net_income": 527247,
            "net_income_4q": null,
            "revenue": 803310,
            "revenue_4q": null,
            "common_shares": 1324802,
            "book_valuer_per_share": 22.79,
            "book_valuer_per_share_4q_avg": 19.84,
            "equity": 3016780,
            "current_ratio": 288.6,
            "debt_ratio": 30.36,
            "inventory_turnover_ratio": 5.72,
            "account_receivable_turnover_ratio": 1.34,
            "reinvestment_rate": -115.5,
            "research_to_sale_ratio": 2.63,
            "price_fair": 91.51,
            "eps_avg_yearly": 2.61,
            "eps_latest_yearly": 15.96,
            "eps_growth_yearly": 1628.07
        },
        "20161": {
            "year_quarter": 20161,
            "year": 2016,
            "quarter": 1,
            "eps": 0.36,
            "eps_growth_year": 71.43,
            "eps_4q": 4.7,
            "eps_4q_growth_year": 126.88,
            "roe": 1.55,
            "roe_4q": 22.67,
            "gross_profit": 198634,
            "gross_margin": 22.49,
            "gross_margin_4q_avg": 21.72,
            "net_income": 46940,
            "net_income_4q": null,
            "revenue": 883197,
            "revenue_4q": null,
            "common_shares": 1328043,
            "book_valuer_per_share": 23.03,
            "book_valuer_per_share_4q_avg": 20.76,
            "equity": 3056016,
            "current_ratio": 267.12,
            "debt_ratio": 32.77,
            "inventory_turnover_ratio": 7.09,
            "account_receivable_turnover_ratio": 1.41,
            "reinvestment_rate": -116.55,
            "research_to_sale_ratio": 1.4,
            "price_fair": 88.08,
            "eps_avg_yearly": 2.52,
            "eps_latest_yearly": 1.44,
            "eps_growth_yearly": 1462.07
        },
        "20162": {
            "year_quarter": 20162,
            "year": 2016,
            "quarter": 2,
            "eps": 0.28,
            "eps_growth_year": 3.7,
            "eps_4q": 4.7,
            "eps_4q_growth_year": 237.95,
            "roe": 1.23,
            "roe_4q": 22.490000000000002,
            "gross_profit": 245810,
            "gross_margin": 23.77,
            "gross_margin_4q_avg": 22.3,
            "net_income": 36858,
            "net_income_4q": null,
            "revenue": 1034174,
            "revenue_4q": null,
            "common_shares": 1329993,
            "book_valuer_per_share": 22.27,
            "book_valuer_per_share_4q_avg": 21.73,
            "equity": 2959982,
            "current_ratio": 227.44,
            "debt_ratio": 38.5,
            "inventory_turnover_ratio": 7.93,
            "account_receivable_turnover_ratio": 1.66,
            "reinvestment_rate": -108.3,
            "research_to_sale_ratio": 1.48,
            "price_fair": 84.32,
            "eps_avg_yearly": 2.41,
            "eps_latest_yearly": 1.12,
            "eps_growth_yearly": 1342.77
        },
        "20163": {
            "year_quarter": 20163,
            "year": 2016,
            "quarter": 3,
            "eps": 0.1,
            "eps_growth_year": 0,
            "eps_4q": 5.87,
            "eps_4q_growth_year": 728.98,
            "roe": 0.38,
            "roe_4q": 22.34,
            "gross_profit": 148134,
            "gross_margin": 19.61,
            "gross_margin_4q_avg": 21.65,
            "net_income": 10693,
            "net_income_4q": null,
            "revenue": 755250,
            "revenue_4q": null,
            "common_shares": 1063168,
            "book_valuer_per_share": 25.28,
            "book_valuer_per_share_4q_avg": 23.34,
            "equity": 2687176,
            "current_ratio": 251.1,
            "debt_ratio": 34.28,
            "inventory_turnover_ratio": 4.82,
            "account_receivable_turnover_ratio": 1.4,
            "reinvestment_rate": -107.07,
            "research_to_sale_ratio": 1.92,
            "price_fair": 82.28,
            "eps_avg_yearly": 2.35,
            "eps_latest_yearly": 0.4,
            "eps_growth_yearly": 1334.36
        },
        "20164": {
            "year_quarter": 20164,
            "year": 2016,
            "quarter": 4,
            "eps": 0.43,
            "eps_growth_year": -89.28,
            "eps_4q": 1.34,
            "eps_4q_growth_year": -70.56,
            "roe": 1.64,
            "roe_4q": 4.8,
            "gross_profit": 153678,
            "gross_margin": 18.26,
            "gross_margin_4q_avg": 21.03,
            "net_income": 44118,
            "net_income_4q": null,
            "revenue": 841825,
            "revenue_4q": null,
            "common_shares": 1063448,
            "book_valuer_per_share": 25.97,
            "book_valuer_per_share_4q_avg": 24.14,
            "equity": 2687336,
            "current_ratio": 246.95,
            "debt_ratio": 35.07,
            "inventory_turnover_ratio": 4.84,
            "account_receivable_turnover_ratio": 1.57,
            "reinvestment_rate": -370.16,
            "research_to_sale_ratio": 4.42,
            "price_fair": 86.69,
            "eps_avg_yearly": 2.48,
            "eps_latest_yearly": 1.72,
            "eps_growth_yearly": 1464.54
        },
        "20171": {
            "year_quarter": 20171,
            "year": 2017,
            "quarter": 1,
            "eps": 0.01,
            "eps_growth_year": -97.22,
            "eps_4q": 0.94,
            "eps_4q_growth_year": -79.91,
            "roe": 0.04,
            "roe_4q": 3.29,
            "gross_profit": 138005,
            "gross_margin": 21.86,
            "gross_margin_4q_avg": 20.88,
            "net_income": 968,
            "net_income_4q": null,
            "revenue": 631423,
            "revenue_4q": null,
            "common_shares": 1034921,
            "book_valuer_per_share": 26.14,
            "book_valuer_per_share_4q_avg": 24.92,
            "equity": 2567462,
            "current_ratio": 267,
            "debt_ratio": 32.19,
            "inventory_turnover_ratio": 3.86,
            "account_receivable_turnover_ratio": 1.12,
            "reinvestment_rate": -93.35,
            "research_to_sale_ratio": 4.65,
            "price_fair": 85.62,
            "eps_avg_yearly": 2.45,
            "eps_latest_yearly": 0.04,
            "eps_growth_yearly": 1296.03
        },
        "20172": {
            "year_quarter": 20172,
            "year": 2017,
            "quarter": 2,
            "eps": 0.17,
            "eps_growth_year": -39.29,
            "eps_4q": 0.74,
            "eps_4q_growth_year": -84.17,
            "roe": 0.66,
            "roe_4q": 2.7199999999999998,
            "gross_profit": 142142,
            "gross_margin": 18.37,
            "gross_margin_4q_avg": 19.53,
            "net_income": 16586,
            "net_income_4q": null,
            "revenue": 773885,
            "revenue_4q": null,
            "common_shares": 1035139,
            "book_valuer_per_share": 25.66,
            "book_valuer_per_share_4q_avg": 25.76,
            "equity": 2496287,
            "current_ratio": 241.57,
            "debt_ratio": 35.17,
            "inventory_turnover_ratio": 7.71,
            "account_receivable_turnover_ratio": 1.18,
            "reinvestment_rate": -93.47,
            "research_to_sale_ratio": 3.81,
            "price_fair": 84.54,
            "eps_avg_yearly": 2.42,
            "eps_latest_yearly": 0.68,
            "eps_growth_yearly": 1743.58
        },
        "20173": {
            "year_quarter": 20173,
            "year": 2017,
            "quarter": 3,
            "eps": 0.09,
            "eps_growth_year": -10,
            "eps_4q": 0.73,
            "eps_4q_growth_year": -87.59,
            "roe": 0.36,
            "roe_4q": 2.7,
            "gross_profit": 129816,
            "gross_margin": 25.4,
            "gross_margin_4q_avg": 20.97,
            "net_income": 9033,
            "net_income_4q": null,
            "revenue": 511119,
            "revenue_4q": null,
            "common_shares": 1035079,
            "book_valuer_per_share": 25.81,
            "book_valuer_per_share_4q_avg": 25.9,
            "equity": 2509936,
            "current_ratio": 279.42,
            "debt_ratio": 30.77,
            "inventory_turnover_ratio": 5.59,
            "account_receivable_turnover_ratio": 0.75,
            "reinvestment_rate": -77.72,
            "research_to_sale_ratio": 6.91,
            "price_fair": 79.4,
            "eps_avg_yearly": 2.27,
            "eps_latest_yearly": 0.36,
            "eps_growth_yearly": 1605.59
        },
        "20174": {
            "year_quarter": 20174,
            "year": 2017,
            "quarter": 4,
            "eps": 0.12,
            "eps_growth_year": -70.98,
            "eps_4q": 0.4,
            "eps_4q_growth_year": -70.42,
            "roe": 0.48,
            "roe_4q": 1.54,
            "gross_profit": 169688,
            "gross_margin": 23.09,
            "gross_margin_4q_avg": 22.18,
            "net_income": 12107,
            "net_income_4q": null,
            "revenue": 734809,
            "revenue_4q": null,
            "common_shares": 1035079,
            "book_valuer_per_share": 25.84,
            "book_valuer_per_share_4q_avg": 25.86,
            "equity": 2517406,
            "current_ratio": 273.3,
            "debt_ratio": 31.46,
            "inventory_turnover_ratio": 9.04,
            "account_receivable_turnover_ratio": 1.46,
            "reinvestment_rate": 3.88,
            "research_to_sale_ratio": 4.67,
            "price_fair": 75.23,
            "eps_avg_yearly": 2.15,
            "eps_latest_yearly": 0.48,
            "eps_growth_yearly": 1507.44
        },
        "20181": {
            "year_quarter": 20181,
            "year": 2018,
            "quarter": 1,
            "eps": 0.23,
            "eps_growth_year": 2200,
            "eps_4q": 0.59,
            "eps_4q_growth_year": -37.05,
            "roe": 0.91,
            "roe_4q": 2.41,
            "gross_profit": 157104,
            "gross_margin": 22.98,
            "gross_margin_4q_avg": 22.46,
            "net_income": 23579,
            "net_income_4q": null,
            "revenue": 683736,
            "revenue_4q": null,
            "common_shares": 1035079,
            "book_valuer_per_share": 25.76,
            "book_valuer_per_share_4q_avg": 25.77,
            "equity": 2657530,
            "current_ratio": 307.21,
            "debt_ratio": 28.36,
            "inventory_turnover_ratio": 9.83,
            "account_receivable_turnover_ratio": 1.4,
            "reinvestment_rate": -8.67,
            "research_to_sale_ratio": 4.64,
            "price_fair": 72.54,
            "eps_avg_yearly": 2.07,
            "eps_latest_yearly": 0.92,
            "eps_growth_yearly": 1436.14
        },
        "20182": {
            "year_quarter": 20182,
            "year": 2018,
            "quarter": 2,
            "eps": 0.33,
            "eps_growth_year": 94.12,
            "eps_4q": 0.76,
            "eps_4q_growth_year": 1.9,
            "roe": 1.26,
            "roe_4q": 3.01,
            "gross_profit": 197287,
            "gross_margin": 23.92,
            "gross_margin_4q_avg": 23.85,
            "net_income": 33570,
            "net_income_4q": null,
            "revenue": 824619,
            "revenue_4q": null,
            "common_shares": 1035079,
            "book_valuer_per_share": 25.7,
            "book_valuer_per_share_4q_avg": 25.78,
            "equity": 2651302,
            "current_ratio": 233.67,
            "debt_ratio": 36.52,
            "inventory_turnover_ratio": 5.61,
            "account_receivable_turnover_ratio": 1.47,
            "reinvestment_rate": -4.1,
            "research_to_sale_ratio": 4.21,
            "price_fair": 66.85,
            "eps_avg_yearly": 1.91,
            "eps_latest_yearly": 1.32,
            "eps_growth_yearly": 1395.45
        },
        "20183": {
            "year_quarter": 20183,
            "year": 2018,
            "quarter": 3,
            "eps": -0.03,
            "eps_growth_year": -133.33,
            "eps_4q": 0.64,
            "eps_4q_growth_year": -12.07,
            "roe": -0.12,
            "roe_4q": 2.5300000000000002,
            "gross_profit": 155819,
            "gross_margin": 19.6,
            "gross_margin_4q_avg": 22.4,
            "net_income": -3224,
            "net_income_4q": null,
            "revenue": 794844,
            "revenue_4q": null,
            "common_shares": 1035079,
            "book_valuer_per_share": 25.76,
            "book_valuer_per_share_4q_avg": 25.77,
            "equity": 2656710,
            "current_ratio": 281.45,
            "debt_ratio": 30.91,
            "inventory_turnover_ratio": 5.1,
            "account_receivable_turnover_ratio": 1.42,
            "reinvestment_rate": -5.55,
            "research_to_sale_ratio": 4.61,
            "price_fair": 63.75,
            "eps_avg_yearly": 1.82,
            "eps_latest_yearly": 1.32,
            "eps_growth_yearly": 1493.11
        },
        "20184": {
            "year_quarter": 20184,
            "year": 2018,
            "quarter": 4,
            "eps": 0.34,
            "eps_growth_year": 172.99,
            "eps_4q": 0.91,
            "eps_4q_growth_year": 128.01,
            "roe": 1.26,
            "roe_4q": 3.3100000000000005,
            "gross_profit": 194831,
            "gross_margin": 22.93,
            "gross_margin_4q_avg": 22.36,
            "net_income": 32248,
            "net_income_4q": null,
            "revenue": 849780,
            "revenue_4q": null,
            "common_shares": 1035079,
            "book_valuer_per_share": 25.95,
            "book_valuer_per_share_4q_avg": 25.79,
            "equity": 2469441,
            "current_ratio": 278.59,
            "debt_ratio": 29.42,
            "inventory_turnover_ratio": 5.77,
            "account_receivable_turnover_ratio": 1.42,
            "reinvestment_rate": 3.55,
            "research_to_sale_ratio": 4.61,
            "price_fair": 66.9,
            "eps_avg_yearly": 1.91,
            "eps_latest_yearly": 1.32,
            "eps_growth_yearly": 1623.39
        },
        "20191": {
            "year_quarter": 20191,
            "year": 2019,
            "quarter": 1,
            "eps": 0.29,
            "eps_growth_year": 26.09,
            "eps_4q": 0.95,
            "eps_4q_growth_year": 60.36,
            "roe": 1.11,
            "roe_4q": 3.51,
            "gross_profit": 124616,
            "gross_margin": 18.35,
            "gross_margin_4q_avg": 21.2,
            "net_income": 27562,
            "net_income_4q": null,
            "revenue": 679181,
            "revenue_4q": null,
            "common_shares": 1035079,
            "book_valuer_per_share": 26.39,
            "book_valuer_per_share_4q_avg": 25.95,
            "equity": 2513319,
            "current_ratio": 261.04,
            "debt_ratio": 28.82,
            "inventory_turnover_ratio": 4.56,
            "account_receivable_turnover_ratio": 1.07,
            "reinvestment_rate": 30.51,
            "research_to_sale_ratio": 4.77,
            "price_fair": 67.7,
            "eps_avg_yearly": 1.93,
            "eps_latest_yearly": 1.16,
            "eps_growth_yearly": 1604.9
        },
        "20192": {
            "year_quarter": 20192,
            "year": 2019,
            "quarter": 2,
            "eps": 0.11,
            "eps_growth_year": -66.67,
            "eps_4q": 0.66,
            "eps_4q_growth_year": -13.64,
            "roe": 0.38,
            "roe_4q": 2.63,
            "gross_profit": 130671,
            "gross_margin": 28.74,
            "gross_margin_4q_avg": 22.41,
            "net_income": 9500,
            "net_income_4q": null,
            "revenue": 454605,
            "revenue_4q": null,
            "common_shares": 1024419,
            "book_valuer_per_share": 23.29,
            "book_valuer_per_share_4q_avg": 25.35,
            "equity": 2510831,
            "current_ratio": 233.27,
            "debt_ratio": 29.79,
            "inventory_turnover_ratio": 1.79,
            "account_receivable_turnover_ratio": 0.75,
            "reinvestment_rate": 30.34,
            "research_to_sale_ratio": 7.18,
            "price_fair": 66.1,
            "eps_avg_yearly": 1.89,
            "eps_latest_yearly": 0.44,
            "eps_growth_yearly": 1579.01
        },
        "20193": {
            "year_quarter": 20193,
            "year": 2019,
            "quarter": 3,
            "eps": -0.67,
            "eps_growth_year": null,
            "eps_4q": 0.08,
            "eps_4q_growth_year": -87.48,
            "roe": -2.69,
            "roe_4q": 0.06000000000000005,
            "gross_profit": 88219,
            "gross_margin": 18.51,
            "gross_margin_4q_avg": 22.13,
            "net_income": -66474,
            "net_income_4q": null,
            "revenue": 476524,
            "revenue_4q": null,
            "common_shares": 1024419,
            "book_valuer_per_share": 24.53,
            "book_valuer_per_share_4q_avg": 25.04,
            "equity": 2432351,
            "current_ratio": 190.56,
            "debt_ratio": 36.15,
            "inventory_turnover_ratio": 1.41,
            "account_receivable_turnover_ratio": 0.9,
            "reinvestment_rate": 46.07,
            "research_to_sale_ratio": 6.86,
            "price_fair": 70.11,
            "eps_avg_yearly": 2,
            "eps_latest_yearly": 0.44,
            "eps_growth_yearly": 1719.84
        },
        "20194": {
            "year_quarter": 20194,
            "year": 2019,
            "quarter": 4,
            "eps": 0.37,
            "eps_growth_year": 9.38,
            "eps_4q": 0.11,
            "eps_4q_growth_year": -88.07,
            "roe": 1.77,
            "roe_4q": 0.5700000000000002,
            "gross_profit": 202944,
            "gross_margin": 15.61,
            "gross_margin_4q_avg": 20.3,
            "net_income": 43270,
            "net_income_4q": null,
            "revenue": 1300495,
            "revenue_4q": null,
            "common_shares": 1024419,
            "book_valuer_per_share": 24.58,
            "book_valuer_per_share_4q_avg": 24.7,
            "equity": 2451667,
            "current_ratio": 165.48,
            "debt_ratio": 50.21,
            "inventory_turnover_ratio": 3.05,
            "account_receivable_turnover_ratio": 1.48,
            "reinvestment_rate": 28.79,
            "research_to_sale_ratio": 2.49,
            "price_fair": 29.4,
            "eps_avg_yearly": 0.84,
            "eps_latest_yearly": 0.44,
            "eps_growth_yearly": 566.49
        },
        "20201": {
            "year_quarter": 20201,
            "year": 2020,
            "quarter": 1,
            "eps": -0.42,
            "eps_growth_year": -244.83,
            "eps_4q": -0.6,
            "eps_4q_growth_year": -163.04,
            "roe": -1.92,
            "roe_4q": -2.46,
            "gross_profit": 88925,
            "gross_margin": 13.8,
            "gross_margin_4q_avg": 19.17,
            "net_income": -46675,
            "net_income_4q": null,
            "revenue": 644483,
            "revenue_4q": null,
            "common_shares": 1024419,
            "book_valuer_per_share": 24.19,
            "book_valuer_per_share_4q_avg": 24.15,
            "equity": 2409465,
            "current_ratio": 166.61,
            "debt_ratio": 47.45,
            "inventory_turnover_ratio": 1.21,
            "account_receivable_turnover_ratio": 0.61,
            "reinvestment_rate": 47.4,
            "research_to_sale_ratio": 4.2,
            "price_fair": 27.49,
            "eps_avg_yearly": 0.79,
            "eps_latest_yearly": 0.44,
            "eps_growth_yearly": 651.08
        },
        "20202": {
            "year_quarter": 20202,
            "year": 2020,
            "quarter": 2,
            "eps": 0.13,
            "eps_growth_year": 18.18,
            "eps_4q": -0.59,
            "eps_4q_growth_year": -189.69,
            "roe": 0.18,
            "roe_4q": -2.66,
            "gross_profit": 139331,
            "gross_margin": 18.86,
            "gross_margin_4q_avg": 16.7,
            "net_income": 4197,
            "net_income_4q": null,
            "revenue": 738708,
            "revenue_4q": null,
            "common_shares": 1024419,
            "book_valuer_per_share": 23.72,
            "book_valuer_per_share_4q_avg": 24.26,
            "equity": 2325303,
            "current_ratio": 162.07,
            "debt_ratio": 47.56,
            "inventory_turnover_ratio": 1.35,
            "account_receivable_turnover_ratio": 0.76,
            "reinvestment_rate": 98.38,
            "research_to_sale_ratio": 3.28,
            "price_fair": 26.32,
            "eps_avg_yearly": 0.75,
            "eps_latest_yearly": 0.44,
            "eps_growth_yearly": 725.07
        },
        "20203": {
            "year_quarter": 20203,
            "year": 2020,
            "quarter": 3,
            "eps": 0.32,
            "eps_growth_year": null,
            "eps_4q": 0.4,
            "eps_4q_growth_year": 397.43,
            "roe": 1.59,
            "roe_4q": 1.62,
            "gross_profit": 140979,
            "gross_margin": 14.73,
            "gross_margin_4q_avg": 15.75,
            "net_income": 37112,
            "net_income_4q": null,
            "revenue": 956867,
            "revenue_4q": null,
            "common_shares": 1024419,
            "book_valuer_per_share": 23.89,
            "book_valuer_per_share_4q_avg": 24.1,
            "equity": 2351946,
            "current_ratio": 150.45,
            "debt_ratio": 51.76,
            "inventory_turnover_ratio": 2.44,
            "account_receivable_turnover_ratio": 0.8,
            "reinvestment_rate": 132.32,
            "research_to_sale_ratio": 2.99,
            "price_fair": 29.4,
            "eps_avg_yearly": 0.84,
            "eps_latest_yearly": 1.28,
            "eps_growth_yearly": 809.25
        },
        "20204": {
            "year_quarter": 20204,
            "year": 2020,
            "quarter": 4,
            "eps": -0.51,
            "eps_growth_year": -236.27,
            "eps_4q": -0.47,
            "eps_4q_growth_year": -537.77,
            "roe": -1.3,
            "roe_4q": -1.45,
            "gross_profit": 178421,
            "gross_margin": 13.12,
            "gross_margin_4q_avg": 15.13,
            "net_income": -30720,
            "net_income_4q": null,
            "revenue": 1360263,
            "revenue_4q": null,
            "common_shares": 1024419,
            "book_valuer_per_share": 23.77,
            "book_valuer_per_share_4q_avg": 23.89,
            "equity": 2360567,
            "current_ratio": 126.67,
            "debt_ratio": 61.79,
            "inventory_turnover_ratio": 3.65,
            "account_receivable_turnover_ratio": 0.85,
            "reinvestment_rate": 964.13,
            "research_to_sale_ratio": 2.31,
            "price_fair": 25.98,
            "eps_avg_yearly": 0.74,
            "eps_latest_yearly": 1.28,
            "eps_growth_yearly": 752.5
        },
        "20211": {
            "year_quarter": 20211,
            "year": 2021,
            "quarter": 1,
            "eps": -1.06,
            "eps_growth_year": null,
            "eps_4q": -1.12,
            "eps_4q_growth_year": null,
            "roe": -4.48,
            "roe_4q": -4.010000000000001,
            "gross_profit": 126237,
            "gross_margin": 11.69,
            "gross_margin_4q_avg": 14.6,
            "net_income": -104575,
            "net_income_4q": null,
            "revenue": 1080210,
            "revenue_4q": null,
            "common_shares": 1024419,
            "book_valuer_per_share": 23.22,
            "book_valuer_per_share_4q_avg": 23.65,
            "equity": 2308834,
            "current_ratio": 131.85,
            "debt_ratio": 61.72,
            "inventory_turnover_ratio": 2.62,
            "account_receivable_turnover_ratio": 0.62,
            "reinvestment_rate": null,
            "research_to_sale_ratio": 2.74,
            "price_fair": 29.05,
            "eps_avg_yearly": 0.83,
            "eps_latest_yearly": 1.28,
            "eps_growth_yearly": 895.4
        },
        "20212": {
            "year_quarter": 20212,
            "year": 2021,
            "quarter": 2,
            "eps": -0.91,
            "eps_growth_year": -800,
            "eps_4q": -2.16,
            "eps_4q_growth_year": null,
            "roe": -3.81,
            "roe_4q": -8.000000000000002,
            "gross_profit": 77733,
            "gross_margin": 11.89,
            "gross_margin_4q_avg": 12.86,
            "net_income": -85932,
            "net_income_4q": null,
            "revenue": 653606,
            "revenue_4q": null,
            "common_shares": 1024419,
            "book_valuer_per_share": 22.1,
            "book_valuer_per_share_4q_avg": 23.25,
            "equity": 2202408,
            "current_ratio": 118.16,
            "debt_ratio": 63.06,
            "inventory_turnover_ratio": 2.14,
            "account_receivable_turnover_ratio": 0.54,
            "reinvestment_rate": null,
            "research_to_sale_ratio": 4.83,
            "price_fair": 29.8,
            "eps_avg_yearly": 0.85,
            "eps_latest_yearly": 1.28,
            "eps_growth_yearly": 109.03
        },
        "20213": {
            "year_quarter": 20213,
            "year": 2021,
            "quarter": 3,
            "eps": -1.31,
            "eps_growth_year": -509.38,
            "eps_4q": -3.79,
            "eps_4q_growth_year": -1049.98,
            "roe": -5.55,
            "roe_4q": -15.14,
            "gross_profit": 50975,
            "gross_margin": 8.28,
            "gross_margin_4q_avg": 11.25,
            "net_income": -122952,
            "net_income_4q": null,
            "revenue": 615576,
            "revenue_4q": null,
            "common_shares": 1024419,
            "book_valuer_per_share": 20.6,
            "book_valuer_per_share_4q_avg": 22.42,
            "equity": 2231898,
            "current_ratio": 118.06,
            "debt_ratio": 64.66,
            "inventory_turnover_ratio": 3.04,
            "account_receivable_turnover_ratio": 0.74,
            "reinvestment_rate": null,
            "research_to_sale_ratio": 5.43,
            "price_fair": 32.67,
            "eps_avg_yearly": 0.93,
            "eps_latest_yearly": 1.28,
            "eps_growth_yearly": 158.57
        },
        "20214": {
            "year_quarter": 20214,
            "year": 2021,
            "quarter": 4,
            "eps": -0.4,
            "eps_growth_year": null,
            "eps_4q": -3.2,
            "eps_4q_growth_year": null,
            "roe": -2.1,
            "roe_4q": -15.940000000000001,
            "gross_profit": 111413,
            "gross_margin": 13.26,
            "gross_margin_4q_avg": 11.28,
            "net_income": -51204,
            "net_income_4q": null,
            "revenue": 840146,
            "revenue_4q": null,
            "common_shares": 1187419,
            "book_valuer_per_share": 20.76,
            "book_valuer_per_share_4q_avg": 21.67,
            "equity": 2640878,
            "current_ratio": 141.48,
            "debt_ratio": 58.78,
            "inventory_turnover_ratio": 4,
            "account_receivable_turnover_ratio": 0.98,
            "reinvestment_rate": null,
            "research_to_sale_ratio": 3.81,
            "price_fair": 35.84,
            "eps_avg_yearly": 1.02,
            "eps_latest_yearly": 1.28,
            "eps_growth_yearly": 163.62
        },
        "20221": {
            "year_quarter": 20221,
            "year": 2022,
            "quarter": 1,
            "eps": -0.82,
            "eps_growth_year": null,
            "eps_4q": -3.11,
            "eps_4q_growth_year": null,
            "roe": -3.65,
            "roe_4q": -15.110000000000001,
            "gross_profit": 63638,
            "gross_margin": 14.28,
            "gross_margin_4q_avg": 11.93,
            "net_income": -95829,
            "net_income_4q": null,
            "revenue": 445763,
            "revenue_4q": null,
            "common_shares": 1187419,
            "book_valuer_per_share": 21.36,
            "book_valuer_per_share_4q_avg": 21.21,
            "equity": 2616032,
            "current_ratio": 193.84,
            "debt_ratio": 42.85,
            "inventory_turnover_ratio": 1.64,
            "account_receivable_turnover_ratio": 0.59,
            "reinvestment_rate": null,
            "research_to_sale_ratio": 4.33,
            "price_fair": 36.75,
            "eps_avg_yearly": 1.05,
            "eps_latest_yearly": 1.28,
            "eps_growth_yearly": 112.86
        },
        "20222": {
            "year_quarter": 20222,
            "year": 2022,
            "quarter": 2,
            "eps": -0.68,
            "eps_growth_year": null,
            "eps_4q": -3.01,
            "eps_4q_growth_year": null,
            "roe": -3.46,
            "roe_4q": -14.759999999999998,
            "gross_profit": 62382,
            "gross_margin": 12.85,
            "gross_margin_4q_avg": 12.17,
            "net_income": -91080,
            "net_income_4q": null,
            "revenue": 485359,
            "revenue_4q": null,
            "common_shares": 1187419,
            "book_valuer_per_share": 22.78,
            "book_valuer_per_share_4q_avg": 21.38,
            "equity": 2648513,
            "current_ratio": 201.51,
            "debt_ratio": 39.87,
            "inventory_turnover_ratio": 1.61,
            "account_receivable_turnover_ratio": 0.72,
            "reinvestment_rate": null,
            "research_to_sale_ratio": 2.78,
            "price_fair": 33.6,
            "eps_avg_yearly": 0.96,
            "eps_latest_yearly": 1.28,
            "eps_growth_yearly": 92.51
        },
        "20223": {
            "year_quarter": 20223,
            "year": 2022,
            "quarter": 3,
            "eps": 1.02,
            "eps_growth_year": null,
            "eps_4q": -0.86,
            "eps_4q_growth_year": null,
            "roe": 4.06,
            "roe_4q": -5.15,
            "gross_profit": 46727,
            "gross_margin": 7.95,
            "gross_margin_4q_avg": 12.09,
            "net_income": 110306,
            "net_income_4q": null,
            "revenue": 587931,
            "revenue_4q": null,
            "common_shares": 1187419,
            "book_valuer_per_share": 23.93,
            "book_valuer_per_share_4q_avg": 22.21,
            "equity": 2788916,
            "current_ratio": 197.95,
            "debt_ratio": 38.32,
            "inventory_turnover_ratio": 2.51,
            "account_receivable_turnover_ratio": 0.83,
            "reinvestment_rate": null,
            "research_to_sale_ratio": 2.22,
            "price_fair": 33.6,
            "eps_avg_yearly": 0.96,
            "eps_latest_yearly": 1.28,
            "eps_growth_yearly": 92.51
        },
        "20224": {
            "year_quarter": 20224,
            "year": 2022,
            "quarter": 4,
            "eps": 2.58,
            "eps_growth_year": null,
            "eps_4q": 2.12,
            "eps_4q_growth_year": null,
            "roe": 11.85,
            "roe_4q": 8.799999999999999,
            "gross_profit": -1017,
            "gross_margin": -0.26,
            "gross_margin_4q_avg": 8.71,
            "net_income": 333318,
            "net_income_4q": null,
            "revenue": 395592,
            "revenue_4q": null,
            "common_shares": 1187419,
            "book_valuer_per_share": 24.5,
            "book_valuer_per_share_4q_avg": 23.14,
            "equity": 2837224,
            "current_ratio": 402.91,
            "debt_ratio": 29.91,
            "inventory_turnover_ratio": 2.15,
            "account_receivable_turnover_ratio": 0.65,
            "reinvestment_rate": null,
            "research_to_sale_ratio": 3.25,
            "price_fair": 115.5,
            "eps_avg_yearly": 3.3,
            "eps_latest_yearly": 10.32,
            "eps_growth_yearly": 222.32
        },
        "20231": {
            "year_quarter": 20231,
            "year": 2023,
            "quarter": 1,
            "eps": 0.91,
            "eps_growth_year": null,
            "eps_4q": 3.82,
            "eps_4q_growth_year": null,
            "roe": 3.69,
            "roe_4q": 16.139999999999997,
            "gross_profit": 25257,
            "gross_margin": 6.91,
            "gross_margin_4q_avg": 6.86,
            "net_income": 103216,
            "net_income_4q": null,
            "revenue": 365473,
            "revenue_4q": null,
            "common_shares": 1187419,
            "book_valuer_per_share": 24.17,
            "book_valuer_per_share_4q_avg": 23.85,
            "equity": 2757407,
            "current_ratio": 463.39,
            "debt_ratio": 27.11,
            "inventory_turnover_ratio": 2.57,
            "account_receivable_turnover_ratio": 0.82,
            "reinvestment_rate": null,
            "research_to_sale_ratio": 2.98,
            "price_fair": 137.2,
            "eps_avg_yearly": 3.92,
            "eps_latest_yearly": 3.64,
            "eps_growth_yearly": 172.3
        },
        "20232": {
            "year_quarter": 20232,
            "year": 2023,
            "quarter": 2,
            "eps": -0.43,
            "eps_growth_year": null,
            "eps_4q": 4.05,
            "eps_4q_growth_year": null,
            "roe": -1.81,
            "roe_4q": 17.79,
            "gross_profit": 73162,
            "gross_margin": 20.46,
            "gross_margin_4q_avg": 8.77,
            "net_income": -48579,
            "net_income_4q": null,
            "revenue": 357538,
            "revenue_4q": null,
            "common_shares": 1187419,
            "book_valuer_per_share": 22.83,
            "book_valuer_per_share_4q_avg": 23.86,
            "equity": 2603556,
            "current_ratio": 397.06,
            "debt_ratio": 28.43,
            "inventory_turnover_ratio": 3.68,
            "account_receivable_turnover_ratio": 1.05,
            "reinvestment_rate": null,
            "research_to_sale_ratio": 2.7,
            "price_fair": 177.8,
            "eps_avg_yearly": 5.08,
            "eps_latest_yearly": 3.64,
            "eps_growth_yearly": 312.49
        },
        "20233": {
            "year_quarter": 20233,
            "year": 2023,
            "quarter": 3,
            "eps": -1.03,
            "eps_growth_year": -200.98,
            "eps_4q": 2.01,
            "eps_4q_growth_year": null,
            "roe": -4.6,
            "roe_4q": 9.129999999999999,
            "gross_profit": 68841,
            "gross_margin": 22.09,
            "gross_margin_4q_avg": 12.3,
            "net_income": -117921,
            "net_income_4q": null,
            "revenue": 311625,
            "revenue_4q": null,
            "common_shares": 1187419,
            "book_valuer_per_share": 22.08,
            "book_valuer_per_share_4q_avg": 23.4,
            "equity": 2520581,
            "current_ratio": 432.09,
            "debt_ratio": 25.49,
            "inventory_turnover_ratio": 4.4,
            "account_receivable_turnover_ratio": 1,
            "reinvestment_rate": null,
            "research_to_sale_ratio": 3.49,
            "price_fair": 177.8,
            "eps_avg_yearly": 5.08,
            "eps_latest_yearly": 3.64,
            "eps_growth_yearly": 312.49
        }
    },
    "months": {
        "2002-12": {
            "month": "2002-12",
            "price": "32.31",
            "revenue": 216681
        },
        "2003-01": {
            "month": "2003-01",
            "price": "29.17",
            "revenue": 286473
        },
        "2003-02": {
            "month": "2003-02",
            "price": "27.14",
            "revenue": 257879
        },
        "2003-03": {
            "month": "2003-03",
            "price": "26.87",
            "revenue": 295948
        },
        "2003-04": {
            "month": "2003-04",
            "price": "27.48",
            "revenue": 266297
        },
        "2003-05": {
            "month": "2003-05",
            "price": "24.02",
            "revenue": 229458
        },
        "2003-06": {
            "month": "2003-06",
            "price": "25.58",
            "revenue": 230644
        },
        "2003-07": {
            "month": "2003-07",
            "price": "25.09",
            "revenue": 310977
        },
        "2003-08": {
            "month": "2003-08",
            "price": "23.46",
            "revenue": 287591
        },
        "2003-09": {
            "month": "2003-09",
            "price": "23.58",
            "revenue": 332123
        },
        "2003-10": {
            "month": "2003-10",
            "price": "24.50",
            "revenue": 376447
        },
        "2003-11": {
            "month": "2003-11",
            "price": "28.36",
            "revenue": 261103
        },
        "2003-12": {
            "month": "2003-12",
            "price": "31.87",
            "revenue": 427180
        },
        "2004-01": {
            "month": "2004-01",
            "price": "37.22",
            "revenue": 666162
        },
        "2004-02": {
            "month": "2004-02",
            "price": "43.07",
            "revenue": 795226
        },
        "2004-03": {
            "month": "2004-03",
            "price": "41.92",
            "revenue": 704965
        },
        "2004-04": {
            "month": "2004-04",
            "price": "44.40",
            "revenue": 692170
        },
        "2004-05": {
            "month": "2004-05",
            "price": "39.41",
            "revenue": 611266
        },
        "2004-06": {
            "month": "2004-06",
            "price": "37.82",
            "revenue": 831576
        },
        "2004-07": {
            "month": "2004-07",
            "price": "34.00",
            "revenue": 1105745
        },
        "2004-08": {
            "month": "2004-08",
            "price": "29.54",
            "revenue": 787509
        },
        "2004-09": {
            "month": "2004-09",
            "price": "31.53",
            "revenue": 628524
        },
        "2004-10": {
            "month": "2004-10",
            "price": "31.32",
            "revenue": 786562
        },
        "2004-11": {
            "month": "2004-11",
            "price": "31.59",
            "revenue": 351586
        },
        "2004-12": {
            "month": "2004-12",
            "price": "31.83",
            "revenue": 457344
        },
        "2005-01": {
            "month": "2005-01",
            "price": "30.47",
            "revenue": 495162
        },
        "2005-02": {
            "month": "2005-02",
            "price": "32.28",
            "revenue": 299813
        },
        "2005-03": {
            "month": "2005-03",
            "price": "32.08",
            "revenue": 752585
        },
        "2005-04": {
            "month": "2005-04",
            "price": "31.24",
            "revenue": 555119
        },
        "2005-05": {
            "month": "2005-05",
            "price": "30.62",
            "revenue": 308015
        },
        "2005-06": {
            "month": "2005-06",
            "price": "31.16",
            "revenue": 377252
        },
        "2005-07": {
            "month": "2005-07",
            "price": "34.48",
            "revenue": 605386
        },
        "2005-08": {
            "month": "2005-08",
            "price": "36.46",
            "revenue": 557290
        },
        "2005-09": {
            "month": "2005-09",
            "price": "32.00",
            "revenue": 619597
        },
        "2005-10": {
            "month": "2005-10",
            "price": "29.88",
            "revenue": 810857
        },
        "2005-11": {
            "month": "2005-11",
            "price": "28.69",
            "revenue": 853105
        },
        "2005-12": {
            "month": "2005-12",
            "price": "32.39",
            "revenue": 771265
        },
        "2006-01": {
            "month": "2006-01",
            "price": "33.32",
            "revenue": 471121
        },
        "2006-02": {
            "month": "2006-02",
            "price": "31.54",
            "revenue": 346647
        },
        "2006-03": {
            "month": "2006-03",
            "price": "30.76",
            "revenue": 601891
        },
        "2006-04": {
            "month": "2006-04",
            "price": "32.56",
            "revenue": 517429
        },
        "2006-05": {
            "month": "2006-05",
            "price": "32.60",
            "revenue": 530070
        },
        "2006-06": {
            "month": "2006-06",
            "price": "31.15",
            "revenue": 547476
        },
        "2006-07": {
            "month": "2006-07",
            "price": "30.90",
            "revenue": 564554
        },
        "2006-08": {
            "month": "2006-08",
            "price": "29.26",
            "revenue": 502074
        },
        "2006-09": {
            "month": "2006-09",
            "price": "26.44",
            "revenue": 578450
        },
        "2006-10": {
            "month": "2006-10",
            "price": "27.06",
            "revenue": 506145
        },
        "2006-11": {
            "month": "2006-11",
            "price": "26.79",
            "revenue": 518882
        },
        "2006-12": {
            "month": "2006-12",
            "price": "27.56",
            "revenue": 598179
        },
        "2007-01": {
            "month": "2007-01",
            "price": "28.60",
            "revenue": 383211
        },
        "2007-02": {
            "month": "2007-02",
            "price": "28.30",
            "revenue": 349299
        },
        "2007-03": {
            "month": "2007-03",
            "price": "28.72",
            "revenue": 805428
        },
        "2007-04": {
            "month": "2007-04",
            "price": "29.33",
            "revenue": 557374
        },
        "2007-05": {
            "month": "2007-05",
            "price": "29.38",
            "revenue": 691440
        },
        "2007-06": {
            "month": "2007-06",
            "price": "31.51",
            "revenue": 719193
        },
        "2007-07": {
            "month": "2007-07",
            "price": "36.25",
            "revenue": 528623
        },
        "2007-08": {
            "month": "2007-08",
            "price": "34.28",
            "revenue": 748610
        },
        "2007-09": {
            "month": "2007-09",
            "price": "35.88",
            "revenue": 624413
        },
        "2007-10": {
            "month": "2007-10",
            "price": "34.00",
            "revenue": 643273
        },
        "2007-11": {
            "month": "2007-11",
            "price": "31.14",
            "revenue": 412569
        },
        "2007-12": {
            "month": "2007-12",
            "price": "28.82",
            "revenue": 236230
        },
        "2008-01": {
            "month": "2008-01",
            "price": "26.43",
            "revenue": 546961
        },
        "2008-02": {
            "month": "2008-02",
            "price": "26.52",
            "revenue": 180168
        },
        "2008-03": {
            "month": "2008-03",
            "price": "27.39",
            "revenue": 388187
        },
        "2008-04": {
            "month": "2008-04",
            "price": "27.33",
            "revenue": 329535
        },
        "2008-05": {
            "month": "2008-05",
            "price": "26.98",
            "revenue": 439767
        },
        "2008-06": {
            "month": "2008-06",
            "price": "24.62",
            "revenue": 406760
        },
        "2008-07": {
            "month": "2008-07",
            "price": "20.25",
            "revenue": 283781
        },
        "2008-08": {
            "month": "2008-08",
            "price": "16.24",
            "revenue": 339844
        },
        "2008-09": {
            "month": "2008-09",
            "price": "12.84",
            "revenue": 245459
        },
        "2008-10": {
            "month": "2008-10",
            "price": "11.36",
            "revenue": 236254
        },
        "2008-11": {
            "month": "2008-11",
            "price": "10.43",
            "revenue": 134384
        },
        "2008-12": {
            "month": "2008-12",
            "price": "11.17",
            "revenue": 174609
        },
        "2009-01": {
            "month": "2009-01",
            "price": "10.29",
            "revenue": 58073
        },
        "2009-02": {
            "month": "2009-02",
            "price": "9.88",
            "revenue": 90621
        },
        "2009-03": {
            "month": "2009-03",
            "price": "11.11",
            "revenue": 71071
        },
        "2009-04": {
            "month": "2009-04",
            "price": "13.16",
            "revenue": 245565
        },
        "2009-05": {
            "month": "2009-05",
            "price": "15.92",
            "revenue": 212733
        },
        "2009-06": {
            "month": "2009-06",
            "price": "15.52",
            "revenue": 244151
        },
        "2009-07": {
            "month": "2009-07",
            "price": "16.24",
            "revenue": 295242
        },
        "2009-08": {
            "month": "2009-08",
            "price": "18.07",
            "revenue": 233335
        },
        "2009-09": {
            "month": "2009-09",
            "price": "17.00",
            "revenue": 295207
        },
        "2009-10": {
            "month": "2009-10",
            "price": "18.90",
            "revenue": 318373
        },
        "2009-11": {
            "month": "2009-11",
            "price": "20.90",
            "revenue": 321504
        },
        "2009-12": {
            "month": "2009-12",
            "price": "23.00",
            "revenue": 285899
        },
        "2010-01": {
            "month": "2010-01",
            "price": "23.20",
            "revenue": 457854
        },
        "2010-02": {
            "month": "2010-02",
            "price": "23.61",
            "revenue": 362035
        },
        "2010-03": {
            "month": "2010-03",
            "price": "26.21",
            "revenue": 544634
        },
        "2010-04": {
            "month": "2010-04",
            "price": "30.19",
            "revenue": 528391
        },
        "2010-05": {
            "month": "2010-05",
            "price": "24.25",
            "revenue": 460065
        },
        "2010-06": {
            "month": "2010-06",
            "price": "23.45",
            "revenue": 483852
        },
        "2010-07": {
            "month": "2010-07",
            "price": "25.52",
            "revenue": 463796
        },
        "2010-08": {
            "month": "2010-08",
            "price": "26.89",
            "revenue": 335821
        },
        "2010-09": {
            "month": "2010-09",
            "price": "26.07",
            "revenue": 321236
        },
        "2010-10": {
            "month": "2010-10",
            "price": "25.79",
            "revenue": 283784
        },
        "2010-11": {
            "month": "2010-11",
            "price": "24.73",
            "revenue": 212509
        },
        "2010-12": {
            "month": "2010-12",
            "price": "25.87",
            "revenue": 172556
        },
        "2011-01": {
            "month": "2011-01",
            "price": "24.63",
            "revenue": 197640
        },
        "2011-02": {
            "month": "2011-02",
            "price": "22.34",
            "revenue": 289534
        },
        "2011-03": {
            "month": "2011-03",
            "price": "21.88",
            "revenue": 417156
        },
        "2011-04": {
            "month": "2011-04",
            "price": "22.18",
            "revenue": 400893
        },
        "2011-05": {
            "month": "2011-05",
            "price": "22.15",
            "revenue": 349791
        },
        "2011-06": {
            "month": "2011-06",
            "price": "21.97",
            "revenue": 291154
        },
        "2011-07": {
            "month": "2011-07",
            "price": "18.81",
            "revenue": 215537
        },
        "2011-08": {
            "month": "2011-08",
            "price": "15.56",
            "revenue": 258744
        },
        "2011-09": {
            "month": "2011-09",
            "price": "16.96",
            "revenue": 172377
        },
        "2011-10": {
            "month": "2011-10",
            "price": "16.75",
            "revenue": 251309
        },
        "2011-11": {
            "month": "2011-11",
            "price": "14.10",
            "revenue": 260572
        },
        "2011-12": {
            "month": "2011-12",
            "price": "13.13",
            "revenue": 212198
        },
        "2012-01": {
            "month": "2012-01",
            "price": "12.99",
            "revenue": 189514
        },
        "2012-02": {
            "month": "2012-02",
            "price": "14.82",
            "revenue": 144131
        },
        "2012-03": {
            "month": "2012-03",
            "price": "14.48",
            "revenue": 216291
        },
        "2012-04": {
            "month": "2012-04",
            "price": "12.65",
            "revenue": 253505
        },
        "2012-05": {
            "month": "2012-05",
            "price": "11.34",
            "revenue": 427670
        },
        "2012-06": {
            "month": "2012-06",
            "price": "11.10",
            "revenue": 417458
        },
        "2012-07": {
            "month": "2012-07",
            "price": "11.62",
            "revenue": 282977
        },
        "2012-08": {
            "month": "2012-08",
            "price": "11.22",
            "revenue": 334018
        },
        "2012-09": {
            "month": "2012-09",
            "price": "12.52",
            "revenue": 243480
        },
        "2012-10": {
            "month": "2012-10",
            "price": "11.67",
            "revenue": 326166
        },
        "2012-11": {
            "month": "2012-11",
            "price": "11.75",
            "revenue": 184616
        },
        "2012-12": {
            "month": "2012-12",
            "price": "12.14",
            "revenue": 262429
        },
        "2013-01": {
            "month": "2013-01",
            "price": "12.48",
            "revenue": 162414
        },
        "2013-02": {
            "month": "2013-02",
            "price": "12.83",
            "revenue": 161400
        },
        "2013-03": {
            "month": "2013-03",
            "price": "12.56",
            "revenue": 280266
        },
        "2013-04": {
            "month": "2013-04",
            "price": "12.90",
            "revenue": 190125
        },
        "2013-05": {
            "month": "2013-05",
            "price": "12.95",
            "revenue": 196877
        },
        "2013-06": {
            "month": "2013-06",
            "price": "12.41",
            "revenue": 307968
        },
        "2013-07": {
            "month": "2013-07",
            "price": "12.01",
            "revenue": 243993
        },
        "2013-08": {
            "month": "2013-08",
            "price": "11.90",
            "revenue": 282259
        },
        "2013-09": {
            "month": "2013-09",
            "price": "12.21",
            "revenue": 249736
        },
        "2013-10": {
            "month": "2013-10",
            "price": "12.42",
            "revenue": 306514
        },
        "2013-11": {
            "month": "2013-11",
            "price": "11.57",
            "revenue": 207064
        },
        "2013-12": {
            "month": "2013-12",
            "price": "11.24",
            "revenue": 197990
        },
        "2014-01": {
            "month": "2014-01",
            "price": "11.77",
            "revenue": 284608
        },
        "2014-02": {
            "month": "2014-02",
            "price": "13.22",
            "revenue": 218209
        },
        "2014-03": {
            "month": "2014-03",
            "price": "13.77",
            "revenue": 219133
        },
        "2014-04": {
            "month": "2014-04",
            "price": "14.01",
            "revenue": 326264
        },
        "2014-05": {
            "month": "2014-05",
            "price": "15.61",
            "revenue": 361402
        },
        "2014-06": {
            "month": "2014-06",
            "price": "17.75",
            "revenue": 399599
        },
        "2014-07": {
            "month": "2014-07",
            "price": "20.24",
            "revenue": 331759
        },
        "2014-08": {
            "month": "2014-08",
            "price": "21.92",
            "revenue": 340350
        },
        "2014-09": {
            "month": "2014-09",
            "price": "23.87",
            "revenue": 341818
        },
        "2014-10": {
            "month": "2014-10",
            "price": "22.67",
            "revenue": 310749
        },
        "2014-11": {
            "month": "2014-11",
            "price": "21.99",
            "revenue": 154889
        },
        "2014-12": {
            "month": "2014-12",
            "price": "20.16",
            "revenue": 160318
        },
        "2015-01": {
            "month": "2015-01",
            "price": "19.48",
            "revenue": 180509
        },
        "2015-02": {
            "month": "2015-02",
            "price": "19.56",
            "revenue": 171067
        },
        "2015-03": {
            "month": "2015-03",
            "price": "20.37",
            "revenue": 300288
        },
        "2015-04": {
            "month": "2015-04",
            "price": "21.20",
            "revenue": 348402
        },
        "2015-05": {
            "month": "2015-05",
            "price": "19.74",
            "revenue": 275862
        },
        "2015-06": {
            "month": "2015-06",
            "price": "16.72",
            "revenue": 301035
        },
        "2015-07": {
            "month": "2015-07",
            "price": "15.16",
            "revenue": 204400
        },
        "2015-08": {
            "month": "2015-08",
            "price": "12.12",
            "revenue": 136509
        },
        "2015-09": {
            "month": "2015-09",
            "price": "11.94",
            "revenue": 214686
        },
        "2015-10": {
            "month": "2015-10",
            "price": "13.51",
            "revenue": 226615
        },
        "2015-11": {
            "month": "2015-11",
            "price": "16.60",
            "revenue": 268147
        },
        "2015-12": {
            "month": "2015-12",
            "price": "17.07",
            "revenue": 308547
        },
        "2016-01": {
            "month": "2016-01",
            "price": "17.21",
            "revenue": 308975
        },
        "2016-02": {
            "month": "2016-02",
            "price": "20.88",
            "revenue": 203897
        },
        "2016-03": {
            "month": "2016-03",
            "price": "19.98",
            "revenue": 370325
        },
        "2016-04": {
            "month": "2016-04",
            "price": "19.16",
            "revenue": 384150
        },
        "2016-05": {
            "month": "2016-05",
            "price": "17.51",
            "revenue": 347486
        },
        "2016-06": {
            "month": "2016-06",
            "price": "18.11",
            "revenue": 302537
        },
        "2016-07": {
            "month": "2016-07",
            "price": "17.38",
            "revenue": 313298
        },
        "2016-08": {
            "month": "2016-08",
            "price": "17.62",
            "revenue": 247145
        },
        "2016-09": {
            "month": "2016-09",
            "price": "19.10",
            "revenue": 194806
        },
        "2016-10": {
            "month": "2016-10",
            "price": "18.76",
            "revenue": 269381
        },
        "2016-11": {
            "month": "2016-11",
            "price": "17.58",
            "revenue": 311588
        },
        "2016-12": {
            "month": "2016-12",
            "price": "17.53",
            "revenue": 260883
        },
        "2017-01": {
            "month": "2017-01",
            "price": "17.28",
            "revenue": 222227
        },
        "2017-02": {
            "month": "2017-02",
            "price": "16.50",
            "revenue": 166820
        },
        "2017-03": {
            "month": "2017-03",
            "price": "16.34",
            "revenue": 242376
        },
        "2017-04": {
            "month": "2017-04",
            "price": "16.19",
            "revenue": 267380
        },
        "2017-05": {
            "month": "2017-05",
            "price": "16.19",
            "revenue": 238942
        },
        "2017-06": {
            "month": "2017-06",
            "price": "17.21",
            "revenue": 267563
        },
        "2017-07": {
            "month": "2017-07",
            "price": "18.13",
            "revenue": 183185
        },
        "2017-08": {
            "month": "2017-08",
            "price": "18.96",
            "revenue": 150031
        },
        "2017-09": {
            "month": "2017-09",
            "price": "20.88",
            "revenue": 177903
        },
        "2017-10": {
            "month": "2017-10",
            "price": "21.31",
            "revenue": 141860
        },
        "2017-11": {
            "month": "2017-11",
            "price": "19.12",
            "revenue": 318214
        },
        "2017-12": {
            "month": "2017-12",
            "price": "22.29",
            "revenue": 274735
        },
        "2018-01": {
            "month": "2018-01",
            "price": "29.56",
            "revenue": 184193
        },
        "2018-02": {
            "month": "2018-02",
            "price": "27.32",
            "revenue": 178450
        },
        "2018-03": {
            "month": "2018-03",
            "price": "29.14",
            "revenue": 321092
        },
        "2018-04": {
            "month": "2018-04",
            "price": "28.73",
            "revenue": 303035
        },
        "2018-05": {
            "month": "2018-05",
            "price": "29.28",
            "revenue": 207353
        },
        "2018-06": {
            "month": "2018-06",
            "price": "27.41",
            "revenue": 314231
        },
        "2018-07": {
            "month": "2018-07",
            "price": "27.03",
            "revenue": 212824
        },
        "2018-08": {
            "month": "2018-08",
            "price": "25.82",
            "revenue": 274927
        },
        "2018-09": {
            "month": "2018-09",
            "price": "27.57",
            "revenue": 307094
        },
        "2018-10": {
            "month": "2018-10",
            "price": "25.71",
            "revenue": 326509
        },
        "2018-11": {
            "month": "2018-11",
            "price": "26.74",
            "revenue": 237488
        },
        "2018-12": {
            "month": "2018-12",
            "price": "26.67",
            "revenue": 285589
        },
        "2019-01": {
            "month": "2019-01",
            "price": "25.38",
            "revenue": 152821
        },
        "2019-02": {
            "month": "2019-02",
            "price": "26.18",
            "revenue": 208711
        },
        "2019-03": {
            "month": "2019-03",
            "price": "26.96",
            "revenue": 317650
        },
        "2019-04": {
            "month": "2019-04",
            "price": "26.20",
            "revenue": 162136
        },
        "2019-05": {
            "month": "2019-05",
            "price": "25.82",
            "revenue": 147570
        },
        "2019-06": {
            "month": "2019-06",
            "price": "25.83",
            "revenue": 144898
        },
        "2019-07": {
            "month": "2019-07",
            "price": "25.87",
            "revenue": 108356
        },
        "2019-08": {
            "month": "2019-08",
            "price": "25.73",
            "revenue": 144969
        },
        "2019-09": {
            "month": "2019-09",
            "price": "25.33",
            "revenue": 223185
        },
        "2019-10": {
            "month": "2019-10",
            "price": "26.11",
            "revenue": 237609
        },
        "2019-11": {
            "month": "2019-11",
            "price": "25.99",
            "revenue": 419841
        },
        "2019-12": {
            "month": "2019-12",
            "price": "27.97",
            "revenue": 643045
        },
        "2020-01": {
            "month": "2020-01",
            "price": "32.66",
            "revenue": 157409
        },
        "2020-02": {
            "month": "2020-02",
            "price": "32.18",
            "revenue": 156939
        },
        "2020-03": {
            "month": "2020-03",
            "price": "27.34",
            "revenue": 330134
        },
        "2020-04": {
            "month": "2020-04",
            "price": "27.71",
            "revenue": 242938
        },
        "2020-05": {
            "month": "2020-05",
            "price": "27.74",
            "revenue": 231469
        },
        "2020-06": {
            "month": "2020-06",
            "price": "27.59",
            "revenue": 264301
        },
        "2020-07": {
            "month": "2020-07",
            "price": "30.00",
            "revenue": 204298
        },
        "2020-08": {
            "month": "2020-08",
            "price": "34.75",
            "revenue": 264056
        },
        "2020-09": {
            "month": "2020-09",
            "price": "34.05",
            "revenue": 488513
        },
        "2020-10": {
            "month": "2020-10",
            "price": "35.74",
            "revenue": 287647
        },
        "2020-11": {
            "month": "2020-11",
            "price": "33.82",
            "revenue": 533172
        },
        "2020-12": {
            "month": "2020-12",
            "price": "33.51",
            "revenue": 735498
        },
        "2021-01": {
            "month": "2021-01",
            "price": "31.39",
            "revenue": 469093
        },
        "2021-02": {
            "month": "2021-02",
            "price": "30.51",
            "revenue": 280043
        },
        "2021-03": {
            "month": "2021-03",
            "price": "33.49",
            "revenue": 361340
        },
        "2021-04": {
            "month": "2021-04",
            "price": "35.59",
            "revenue": 281608
        },
        "2021-05": {
            "month": "2021-05",
            "price": "29.11",
            "revenue": 330740
        },
        "2021-06": {
            "month": "2021-06",
            "price": "29.28",
            "revenue": 466434
        },
        "2021-07": {
            "month": "2021-07",
            "price": "30.60",
            "revenue": 330983
        },
        "2021-08": {
            "month": "2021-08",
            "price": "29.86",
            "revenue": 425250
        },
        "2021-09": {
            "month": "2021-09",
            "price": "27.99",
            "revenue": 440258
        },
        "2021-10": {
            "month": "2021-10",
            "price": "27.73",
            "revenue": 353892
        },
        "2021-11": {
            "month": "2021-11",
            "price": "28.48",
            "revenue": 492033
        },
        "2021-12": {
            "month": "2021-12",
            "price": "28.80",
            "revenue": 801834
        },
        "2022-01": {
            "month": "2022-01",
            "price": "31.93",
            "revenue": 130146
        },
        "2022-02": {
            "month": "2022-02",
            "price": "30.10",
            "revenue": 103363
        },
        "2022-03": {
            "month": "2022-03",
            "price": "27.89",
            "revenue": 212254
        },
        "2022-04": {
            "month": "2022-04",
            "price": "28.92",
            "revenue": 117789
        },
        "2022-05": {
            "month": "2022-05",
            "price": "27.51",
            "revenue": 173500
        },
        "2022-06": {
            "month": "2022-06",
            "price": "26.99",
            "revenue": 194070
        },
        "2022-07": {
            "month": "2022-07",
            "price": "26.12",
            "revenue": 184243
        },
        "2022-08": {
            "month": "2022-08",
            "price": "26.15",
            "revenue": 178580
        },
        "2022-09": {
            "month": "2022-09",
            "price": "25.04",
            "revenue": 225108
        },
        "2022-10": {
            "month": "2022-10",
            "price": "25.49",
            "revenue": 172131
        },
        "2022-11": {
            "month": "2022-11",
            "price": "26.05",
            "revenue": 124619
        },
        "2022-12": {
            "month": "2022-12",
            "price": "24.87",
            "revenue": 98842
        },
        "2023-01": {
            "month": "2023-01",
            "price": "24.07",
            "revenue": 145703
        },
        "2023-02": {
            "month": "2023-02",
            "price": "28.67",
            "revenue": 116978
        },
        "2023-03": {
            "month": "2023-03",
            "price": "30.17",
            "revenue": 102792
        },
        "2023-04": {
            "month": "2023-04",
            "price": "29.04",
            "revenue": 109709
        },
        "2023-05": {
            "month": "2023-05",
            "price": "29.32",
            "revenue": 190380
        },
        "2023-06": {
            "month": "2023-06",
            "price": "37.23",
            "revenue": 57449
        },
        "2023-07": {
            "month": "2023-07",
            "price": "38.88",
            "revenue": 100792
        },
        "2023-08": {
            "month": "2023-08",
            "price": "39.28",
            "revenue": 123529
        },
        "2023-09": {
            "month": "2023-09",
            "price": "34.39",
            "revenue": 87304
        },
        "2023-10": {
            "month": "2023-10",
            "price": "37.74",
            "revenue": 75654
        },
        "2023-11": {
            "month": "2023-11",
            "price": "39.81",
            "revenue": 101603
        }
    }
}
