{
    "summary": {
        "stock_name": "富華新",
        "stock_id": "3056",
        "category": "建材營造",
        "main_business": "營建收入",
        "website_url": "https://zte.zongtai.com.tw/",
        "ceo": "蔡晉榮",
        "pe_ratio": 31,
        "report_year_from": 2001,
        "report_year_to": 2023,
        "age": 23,
        "eps_negative_percentage": 26,
        "eps_growth_avg": {
            "last_all": -11.66,
            "last_2y": -8.68,
            "last_4y": 26.48,
            "last_8y": 14.46,
            "last_12y": 9.83,
            "last_16y": 1.38,
            "last_20y": -10.84,
            "at_2006_last_3y": -90.32,
            "at_2007_last_3y": -100,
            "at_2008_last_3y": null,
            "at_2009_last_3y": null,
            "at_2010_last_3y": -100,
            "at_2011_last_3y": -100,
            "at_2012_last_3y": -68.05,
            "at_2013_last_3y": -12.03,
            "at_2014_last_3y": -4.05,
            "at_2015_last_3y": 11.61,
            "at_2016_last_3y": 25.77,
            "at_2017_last_3y": -5.51,
            "at_2018_last_3y": -0.57,
            "at_2019_last_3y": -0.6,
            "at_2020_last_3y": 19.26,
            "at_2021_last_3y": 16.01,
            "at_2022_last_3y": 55.08,
            "at_2023_last_3y": 18.49,
            "at_2024_last_3y": 18.49,
            "at_2006_last_all": -68.19,
            "at_2007_last_all": -68.19,
            "at_2008_last_all": -68.19,
            "at_2009_last_all": -68.19,
            "at_2010_last_all": -76.14,
            "at_2011_last_all": -76.14,
            "at_2012_last_all": -68.13,
            "at_2013_last_all": -40.11,
            "at_2014_last_all": -45.25,
            "at_2015_last_all": -32.27,
            "at_2016_last_all": -26.4,
            "at_2017_last_all": -26.27,
            "at_2018_last_all": -29,
            "at_2019_last_all": -21.71,
            "at_2020_last_all": -12.35,
            "at_2021_last_all": -14.19,
            "at_2022_last_all": -6.58,
            "at_2023_last_all": -11.66,
            "at_2024_last_all": -11.66
        },
        "latest_eps": 0.9,
        "latest_price": 28.2,
        "latest_roe": 4.24,
        "latest_gross_margin": 106.89,
        "latest_equity": 6895150,
        "latest_revenue": 29651,
        "latest_gross_profit": 31695,
        "latest_net_income": -48268,
        "latest_debt_ratio": 69.16,
        "latest_current_ratio": 161.07,
        "latest_account_receivable_turnover_ratio": 144.29,
        "latest_inventory_turnover_ratio": -0,
        "latest_reinvestment_rate": 4.73,
        "latest_research_to_sale_ratio": null
    },
    "eps_dividends": {
        "2001": {
            "cash": 0,
            "stock": 0,
            "eps": 1.63
        },
        "2002": {
            "cash": 0,
            "stock": 0,
            "eps": 1.24
        },
        "2003": {
            "cash": 0,
            "stock": 0.5,
            "eps": 0.24
        },
        "2004": {
            "cash": 0,
            "stock": 0,
            "eps": -0.69
        },
        "2005": {
            "cash": 0,
            "stock": 0,
            "eps": -3.55
        },
        "2006": {
            "cash": 0,
            "stock": 0,
            "eps": -4.93
        },
        "2007": {
            "cash": 0,
            "stock": 0,
            "eps": -3.86
        },
        "2008": {
            "cash": 0,
            "stock": 0,
            "eps": -0.5
        },
        "2009": {
            "cash": 0,
            "stock": 0,
            "eps": 0.28
        },
        "2010": {
            "cash": 0,
            "stock": 0,
            "eps": -0.07
        },
        "2011": {
            "cash": 1,
            "stock": 2,
            "eps": 5.9
        },
        "2012": {
            "cash": 0,
            "stock": 0,
            "eps": 3.77
        },
        "2013": {
            "cash": 1,
            "stock": 0.5,
            "eps": 9.48
        },
        "2014": {
            "cash": 1.8,
            "stock": 0,
            "eps": 2.27
        },
        "2015": {
            "cash": 0.5,
            "stock": 1.5,
            "eps": 3.6
        },
        "2016": {
            "cash": 2.5,
            "stock": 0,
            "eps": 4.34
        },
        "2017": {
            "cash": 2.5,
            "stock": 0,
            "eps": 3.25
        },
        "2018": {
            "cash": 2,
            "stock": 0,
            "eps": 1.42
        },
        "2019": {
            "cash": 1.5,
            "stock": 0,
            "eps": 2.25
        },
        "2020": {
            "cash": 3,
            "stock": 0,
            "eps": 4.88
        },
        "2021": {
            "cash": 4.4,
            "stock": 0,
            "eps": 3.02
        },
        "2022": {
            "cash": 1.5,
            "stock": 0,
            "eps": 9.44
        },
        "2023": {
            "cash": 4.1,
            "stock": 4.1,
            "eps": 1.14
        },
        "2024": {
            "cash": 0.41,
            "stock": 0.4,
            "eps": 0
        }
    },
    "dividends": {
        "2003-06-20": {
            "cash": 0,
            "stock": 0.5
        },
        "2011-01-01": {
            "cash": 1,
            "stock": 2
        },
        "2013-03-13": {
            "cash": 1,
            "stock": 0.5
        },
        "2014-05-20": {
            "cash": 1.8,
            "stock": 0
        },
        "2015-09-29": {
            "cash": 0.5,
            "stock": 1.5
        },
        "2016-07-20": {
            "cash": 2.5,
            "stock": 0
        },
        "2017-07-24": {
            "cash": 2.5,
            "stock": 0
        },
        "2018-08-07": {
            "cash": 2,
            "stock": 0
        },
        "2019-07-24": {
            "cash": 1.5,
            "stock": 0
        },
        "2020-07-31": {
            "cash": 3,
            "stock": 0
        },
        "2021-09-17": {
            "cash": 4.4,
            "stock": 0
        },
        "2022-07-15": {
            "cash": 1.5,
            "stock": 0
        },
        "2023-09-22": {
            "cash": 4.1,
            "stock": 4.1
        },
        "2024-03-14": {
            "cash": 0.41,
            "stock": 0.4
        }
    },
    "prices": {
        "200101": "無",
        "200102": "無",
        "200103": "無",
        "200104": "無",
        "200105": "無",
        "200106": "無",
        "200107": "無",
        "200108": "無",
        "200109": "無",
        "200110": "無",
        "200111": "無",
        "200112": "無",
        "200201": "無",
        "200202": "無",
        "200203": "無",
        "200204": "無",
        "200205": "無",
        "200206": "無",
        "200207": "無",
        "200208": "無",
        "200209": "無",
        "200210": "無",
        "200211": "無",
        "200212": "無",
        "200301": "無",
        "200302": "無",
        "200303": "17.03",
        "200304": "16.25",
        "200305": "15.01",
        "200306": "18.26",
        "200307": "23.06",
        "200308": "18.69",
        "200309": "17.89",
        "200310": "16.12",
        "200311": "14.66",
        "200312": "16.20",
        "200401": "17.46",
        "200402": "17.15",
        "200403": "16.21",
        "200404": "15.59",
        "200405": "13.22",
        "200406": "12.75",
        "200407": "11.20",
        "200408": "9.63",
        "200409": "9.50",
        "200410": "9.10",
        "200411": "9.72",
        "200412": "9.66",
        "200501": "8.97",
        "200502": "8.28",
        "200503": "8.45",
        "200504": "7.71",
        "200505": "7.36",
        "200506": "7.91",
        "200507": "8.86",
        "200508": "7.76",
        "200509": "6.53",
        "200510": "5.81",
        "200511": "5.28",
        "200512": "5.65",
        "200601": "6.31",
        "200602": "5.98",
        "200603": "6.34",
        "200604": "6.71",
        "200605": "6.02",
        "200606": "5.06",
        "200607": "4.65",
        "200608": "4.09",
        "200609": "3.26",
        "200610": "3.47",
        "200611": "3.33",
        "200612": "4.28",
        "200701": "4.63",
        "200702": "4.64",
        "200703": "5.15",
        "200704": "13.75",
        "200705": "12.95",
        "200706": "13.60",
        "200707": "13.21",
        "200708": "13.05",
        "200709": "12.89",
        "200710": "12.12",
        "200711": "11.92",
        "200712": "10.64",
        "200801": "9.88",
        "200802": "8.34",
        "200803": "10.69",
        "200804": "10.91",
        "200805": "9.87",
        "200806": "8.48",
        "200807": "8.12",
        "200808": "8.93",
        "200809": "9.14",
        "200810": "6.99",
        "200811": "4.02",
        "200812": "3.61",
        "200901": "3.08",
        "200902": "5.06",
        "200903": "10.12",
        "200904": "9.94",
        "200905": "11.08",
        "200906": "11.47",
        "200907": "11.43",
        "200908": "13.19",
        "200909": "14.28",
        "200910": "18.62",
        "200911": "18.43",
        "200912": "25.28",
        "201001": "25.65",
        "201002": "24.20",
        "201003": "23.94",
        "201004": "23.68",
        "201005": "23.33",
        "201006": "21.52",
        "201007": "19.97",
        "201008": "19.96",
        "201009": "19.05",
        "201010": "19.75",
        "201011": "19.90",
        "201012": "21.12",
        "201101": "22.34",
        "201102": "24.55",
        "201103": "23.52",
        "201104": "22.89",
        "201105": "23.98",
        "201106": "27.17",
        "201107": "26.35",
        "201108": "24.38",
        "201109": "23.00",
        "201110": "20.59",
        "201111": "21.73",
        "201112": "19.45",
        "201201": "19.79",
        "201202": "25.16",
        "201203": "31.22",
        "201204": "27.61",
        "201205": "27.95",
        "201206": "26.40",
        "201207": "26.75",
        "201208": "26.63",
        "201209": "25.69",
        "201210": "24.10",
        "201211": "22.35",
        "201212": "22.60",
        "201301": "25.08",
        "201302": "26.20",
        "201303": "26.00",
        "201304": "27.20",
        "201305": "30.28",
        "201306": "29.73",
        "201307": "30.11",
        "201308": "32.64",
        "201309": "33.09",
        "201310": "33.48",
        "201311": "35.70",
        "201312": "33.71",
        "201401": "31.22",
        "201402": "31.69",
        "201403": "29.04",
        "201404": "28.24",
        "201405": "27.16",
        "201406": "25.23",
        "201407": "20.99",
        "201408": "19.50",
        "201409": "18.82",
        "201410": "18.18",
        "201411": "18.83",
        "201412": "19.42",
        "201501": "18.51",
        "201502": "18.73",
        "201503": "20.00",
        "201504": "21.11",
        "201505": "20.35",
        "201506": "18.49",
        "201507": "16.80",
        "201508": "15.45",
        "201509": "14.42",
        "201510": "12.92",
        "201511": "13.18",
        "201512": "11.91",
        "201601": "11.88",
        "201602": "12.14",
        "201603": "14.78",
        "201604": "16.23",
        "201605": "15.55",
        "201606": "16.54",
        "201607": "15.14",
        "201608": "17.76",
        "201609": "20.29",
        "201610": "19.03",
        "201611": "17.74",
        "201612": "18.14",
        "201701": "17.64",
        "201702": "19.01",
        "201703": "20.91",
        "201704": "20.49",
        "201705": "20.03",
        "201706": "20.52",
        "201707": "17.99",
        "201708": "18.18",
        "201709": "18.35",
        "201710": "18.04",
        "201711": "18.66",
        "201712": "18.55",
        "201801": "19.82",
        "201802": "19.91",
        "201803": "21.84",
        "201804": "21.28",
        "201805": "21.66",
        "201806": "23.88",
        "201807": "21.05",
        "201808": "19.07",
        "201809": "18.39",
        "201810": "16.97",
        "201811": "16.36",
        "201812": "16.28",
        "201901": "17.69",
        "201902": "19.16",
        "201903": "19.44",
        "201904": "18.91",
        "201905": "19.94",
        "201906": "21.07",
        "201907": "22.50",
        "201908": "24.25",
        "201909": "23.79",
        "201910": "24.87",
        "201911": "27.42",
        "201912": "31.09",
        "202001": "31.65",
        "202002": "31.46",
        "202003": "26.43",
        "202004": "30.48",
        "202005": "32.36",
        "202006": "34.95",
        "202007": "35.41",
        "202008": "36.12",
        "202009": "37.50",
        "202010": "39.09",
        "202011": "39.25",
        "202012": "38.93",
        "202101": "38.79",
        "202102": "39.00",
        "202103": "40.72",
        "202104": "39.36",
        "202105": "38.90",
        "202106": "39.05",
        "202107": "40.12",
        "202108": "42.19",
        "202109": "38.67",
        "202110": "38.66",
        "202111": "39.81",
        "202112": "41.04",
        "202201": "39.72",
        "202202": "39.42",
        "202203": "37.30",
        "202204": "34.19",
        "202205": "34.59",
        "202206": "32.91",
        "202207": "27.10",
        "202208": "30.86",
        "202209": "32.62",
        "202210": "30.08",
        "202211": "31.62",
        "202212": "30.94",
        "202301": "31.13",
        "202302": "32.03",
        "202303": "39.39",
        "202304": "48.63",
        "202305": "48.70",
        "202306": "47.36",
        "202307": "46.72",
        "202308": "41.28",
        "202309": "29.43",
        "202310": "27.40",
        "202311": "27.58",
        "202312": "29.28",
        "202401": "28.40",
        "202402": "28.74",
        "202403": "27.93",
        "202404": "無"
    },
    "quarters": {
        "20011": {
            "year_quarter": 20011,
            "year": 2001,
            "quarter": 1,
            "eps": 0.03,
            "eps_growth_year": null,
            "eps_4q": null,
            "eps_4q_growth_year": null,
            "roe": 0.17,
            "roe_4q": 0.17,
            "gross_profit": 14676,
            "gross_margin": 13.85,
            "gross_margin_4q_avg": 13.85,
            "net_income": 439,
            "net_income_4q": null,
            "revenue": 105951,
            "revenue_4q": null,
            "common_shares": 150000,
            "book_valuer_per_share": 17.04,
            "book_valuer_per_share_4q_avg": 17.04,
            "equity": 255538,
            "current_ratio": 283.23,
            "debt_ratio": 28.26,
            "inventory_turnover_ratio": 1.57,
            "account_receivable_turnover_ratio": null,
            "reinvestment_rate": null,
            "research_to_sale_ratio": null,
            "price_fair": 0,
            "eps_avg_yearly": 0,
            "eps_latest_yearly": 0,
            "eps_growth_yearly": 0
        },
        "20012": {
            "year_quarter": 20012,
            "year": 2001,
            "quarter": 2,
            "eps": 1.6,
            "eps_growth_year": null,
            "eps_4q": null,
            "eps_4q_growth_year": null,
            "roe": 14.24,
            "roe_4q": 14.41,
            "gross_profit": 55940,
            "gross_margin": 36.6,
            "gross_margin_4q_avg": 25.23,
            "net_income": 39177,
            "net_income_4q": null,
            "revenue": 152857,
            "revenue_4q": null,
            "common_shares": 244580,
            "book_valuer_per_share": 12.05,
            "book_valuer_per_share_4q_avg": 14.55,
            "equity": 294715,
            "current_ratio": 189.63,
            "debt_ratio": 34.52,
            "inventory_turnover_ratio": 1.79,
            "account_receivable_turnover_ratio": null,
            "reinvestment_rate": null,
            "research_to_sale_ratio": null,
            "price_fair": 0,
            "eps_avg_yearly": 0,
            "eps_latest_yearly": 0,
            "eps_growth_yearly": 0
        },
        "20013": {
            "year_quarter": 20013,
            "year": 2001,
            "quarter": 3,
            "eps": null,
            "eps_growth_year": null,
            "eps_4q": null,
            "eps_4q_growth_year": null,
            "roe": null,
            "roe_4q": 14.41,
            "gross_profit": null,
            "gross_margin": null,
            "gross_margin_4q_avg": 16.82,
            "net_income": null,
            "net_income_4q": null,
            "revenue": null,
            "revenue_4q": null,
            "common_shares": null,
            "book_valuer_per_share": null,
            "book_valuer_per_share_4q_avg": 9.7,
            "equity": null,
            "current_ratio": null,
            "debt_ratio": null,
            "inventory_turnover_ratio": null,
            "account_receivable_turnover_ratio": null,
            "reinvestment_rate": null,
            "research_to_sale_ratio": null,
            "price_fair": 0,
            "eps_avg_yearly": 0,
            "eps_latest_yearly": 0,
            "eps_growth_yearly": 0
        },
        "20014": {
            "year_quarter": 20014,
            "year": 2001,
            "quarter": 4,
            "eps": null,
            "eps_growth_year": null,
            "eps_4q": null,
            "eps_4q_growth_year": null,
            "roe": null,
            "roe_4q": 14.41,
            "gross_profit": null,
            "gross_margin": null,
            "gross_margin_4q_avg": 12.61,
            "net_income": null,
            "net_income_4q": null,
            "revenue": null,
            "revenue_4q": null,
            "common_shares": 244580,
            "book_valuer_per_share": 13.39,
            "book_valuer_per_share_4q_avg": 10.62,
            "equity": 327384,
            "current_ratio": 451.11,
            "debt_ratio": 23.26,
            "inventory_turnover_ratio": null,
            "account_receivable_turnover_ratio": null,
            "reinvestment_rate": null,
            "research_to_sale_ratio": null,
            "price_fair": 0,
            "eps_avg_yearly": 0,
            "eps_latest_yearly": 0,
            "eps_growth_yearly": 0
        },
        "20021": {
            "year_quarter": 20021,
            "year": 2002,
            "quarter": 1,
            "eps": -0.28,
            "eps_growth_year": -1033.33,
            "eps_4q": null,
            "eps_4q_growth_year": null,
            "roe": -2.08,
            "roe_4q": 12.16,
            "gross_profit": 20321,
            "gross_margin": 36.16,
            "gross_margin_4q_avg": 18.19,
            "net_income": -6732,
            "net_income_4q": null,
            "revenue": 56191,
            "revenue_4q": null,
            "common_shares": 244580,
            "book_valuer_per_share": 13.11,
            "book_valuer_per_share_4q_avg": 9.64,
            "equity": 320648,
            "current_ratio": 379.57,
            "debt_ratio": 24.57,
            "inventory_turnover_ratio": 1.1,
            "account_receivable_turnover_ratio": null,
            "reinvestment_rate": null,
            "research_to_sale_ratio": null,
            "price_fair": 0,
            "eps_avg_yearly": 0,
            "eps_latest_yearly": 0,
            "eps_growth_yearly": 0
        },
        "20022": {
            "year_quarter": 20022,
            "year": 2002,
            "quarter": 2,
            "eps": 0.05,
            "eps_growth_year": -96.88,
            "eps_4q": null,
            "eps_4q_growth_year": null,
            "roe": 0.5,
            "roe_4q": -1.58,
            "gross_profit": 35558,
            "gross_margin": 31.34,
            "gross_margin_4q_avg": 16.88,
            "net_income": 1606,
            "net_income_4q": null,
            "revenue": 113474,
            "revenue_4q": null,
            "common_shares": 307888,
            "book_valuer_per_share": 10.41,
            "book_valuer_per_share_4q_avg": 9.23,
            "equity": 320654,
            "current_ratio": 252.06,
            "debt_ratio": 31.67,
            "inventory_turnover_ratio": 2.39,
            "account_receivable_turnover_ratio": null,
            "reinvestment_rate": null,
            "research_to_sale_ratio": null,
            "price_fair": 0,
            "eps_avg_yearly": 0,
            "eps_latest_yearly": 0,
            "eps_growth_yearly": 0
        },
        "20023": {
            "year_quarter": 20023,
            "year": 2002,
            "quarter": 3,
            "eps": 1.25,
            "eps_growth_year": null,
            "eps_4q": null,
            "eps_4q_growth_year": null,
            "roe": 11.34,
            "roe_4q": 9.76,
            "gross_profit": 73642,
            "gross_margin": 36.59,
            "gross_margin_4q_avg": 26.02,
            "net_income": 38545,
            "net_income_4q": null,
            "revenue": 201282,
            "revenue_4q": null,
            "common_shares": 307888,
            "book_valuer_per_share": 11.67,
            "book_valuer_per_share_4q_avg": 12.15,
            "equity": 359198,
            "current_ratio": 303.35,
            "debt_ratio": 27.6,
            "inventory_turnover_ratio": 4.37,
            "account_receivable_turnover_ratio": null,
            "reinvestment_rate": null,
            "research_to_sale_ratio": null,
            "price_fair": 175,
            "eps_avg_yearly": 5,
            "eps_latest_yearly": 5,
            "eps_growth_yearly": 9600
        },
        "20024": {
            "year_quarter": 20024,
            "year": 2002,
            "quarter": 4,
            "eps": 0.22,
            "eps_growth_year": null,
            "eps_4q": 1.3,
            "eps_4q_growth_year": null,
            "roe": 1.87,
            "roe_4q": 11.63,
            "gross_profit": 36710,
            "gross_margin": 32.21,
            "gross_margin_4q_avg": 34.08,
            "net_income": 6784,
            "net_income_4q": null,
            "revenue": 113957,
            "revenue_4q": null,
            "common_shares": 307888,
            "book_valuer_per_share": 11.9,
            "book_valuer_per_share_4q_avg": 11.77,
            "equity": 366247,
            "current_ratio": 331.64,
            "debt_ratio": 25.82,
            "inventory_turnover_ratio": 2.96,
            "account_receivable_turnover_ratio": null,
            "reinvestment_rate": null,
            "research_to_sale_ratio": null,
            "price_fair": 102.9,
            "eps_avg_yearly": 2.94,
            "eps_latest_yearly": 0.88,
            "eps_growth_yearly": 4635.2
        },
        "20031": {
            "year_quarter": 20031,
            "year": 2003,
            "quarter": 1,
            "eps": -0.62,
            "eps_growth_year": null,
            "eps_4q": 0.91,
            "eps_4q_growth_year": null,
            "roe": -5.33,
            "roe_4q": 8.379999999999999,
            "gross_profit": 16569,
            "gross_margin": 24.85,
            "gross_margin_4q_avg": 31.25,
            "net_income": -19029,
            "net_income_4q": null,
            "revenue": 66677,
            "revenue_4q": null,
            "common_shares": 307888,
            "book_valuer_per_share": 11.28,
            "book_valuer_per_share_4q_avg": 11.32,
            "equity": 347210,
            "current_ratio": 461.86,
            "debt_ratio": 20.95,
            "inventory_turnover_ratio": 1.87,
            "account_receivable_turnover_ratio": null,
            "reinvestment_rate": null,
            "research_to_sale_ratio": null,
            "price_fair": 102.9,
            "eps_avg_yearly": 2.94,
            "eps_latest_yearly": 0.88,
            "eps_growth_yearly": 4635.2
        },
        "20032": {
            "year_quarter": 20032,
            "year": 2003,
            "quarter": 2,
            "eps": 0.61,
            "eps_growth_year": 1120,
            "eps_4q": 1.41,
            "eps_4q_growth_year": null,
            "roe": 5.6,
            "roe_4q": 13.48,
            "gross_profit": 55581,
            "gross_margin": 37.91,
            "gross_margin_4q_avg": 32.89,
            "net_income": 19974,
            "net_income_4q": null,
            "revenue": 146605,
            "revenue_4q": null,
            "common_shares": 307888,
            "book_valuer_per_share": 11.91,
            "book_valuer_per_share_4q_avg": 11.69,
            "equity": 366740,
            "current_ratio": 504.29,
            "debt_ratio": 44.09,
            "inventory_turnover_ratio": 3.33,
            "account_receivable_turnover_ratio": null,
            "reinvestment_rate": null,
            "research_to_sale_ratio": null,
            "price_fair": 102.9,
            "eps_avg_yearly": 2.94,
            "eps_latest_yearly": 0.88,
            "eps_growth_yearly": 4635.2
        },
        "20033": {
            "year_quarter": 20033,
            "year": 2003,
            "quarter": 3,
            "eps": 0.51,
            "eps_growth_year": -59.2,
            "eps_4q": 0.75,
            "eps_4q_growth_year": null,
            "roe": 4.45,
            "roe_4q": 6.590000000000001,
            "gross_profit": 54927,
            "gross_margin": 33.59,
            "gross_margin_4q_avg": 32.14,
            "net_income": 16677,
            "net_income_4q": null,
            "revenue": 163536,
            "revenue_4q": null,
            "common_shares": 326062,
            "book_valuer_per_share": 11.76,
            "book_valuer_per_share_4q_avg": 11.71,
            "equity": 383376,
            "current_ratio": 526.98,
            "debt_ratio": 39.77,
            "inventory_turnover_ratio": 4.5,
            "account_receivable_turnover_ratio": null,
            "reinvestment_rate": null,
            "research_to_sale_ratio": null,
            "price_fair": 92.4,
            "eps_avg_yearly": 2.64,
            "eps_latest_yearly": 2.04,
            "eps_growth_yearly": 3068.28
        },
        "20034": {
            "year_quarter": 20034,
            "year": 2003,
            "quarter": 4,
            "eps": -0.26,
            "eps_growth_year": -218.18,
            "eps_4q": 0.28,
            "eps_4q_growth_year": -78.52,
            "roe": -2.21,
            "roe_4q": 2.51,
            "gross_profit": 32173,
            "gross_margin": 28.79,
            "gross_margin_4q_avg": 31.29,
            "net_income": -8390,
            "net_income_4q": null,
            "revenue": 111758,
            "revenue_4q": null,
            "common_shares": 326062,
            "book_valuer_per_share": 11.5,
            "book_valuer_per_share_4q_avg": 11.61,
            "equity": 374922,
            "current_ratio": 606.54,
            "debt_ratio": 39.3,
            "inventory_turnover_ratio": 2.99,
            "account_receivable_turnover_ratio": null,
            "reinvestment_rate": null,
            "research_to_sale_ratio": null,
            "price_fair": 92.4,
            "eps_avg_yearly": 2.64,
            "eps_latest_yearly": 2.04,
            "eps_growth_yearly": 3068.28
        },
        "20041": {
            "year_quarter": 20041,
            "year": 2004,
            "quarter": 1,
            "eps": -0.82,
            "eps_growth_year": null,
            "eps_4q": 0.05,
            "eps_4q_growth_year": -94.53,
            "roe": -7.37,
            "roe_4q": 0.46999999999999975,
            "gross_profit": 13700,
            "gross_margin": 17.76,
            "gross_margin_4q_avg": 29.51,
            "net_income": -26645,
            "net_income_4q": null,
            "revenue": 77144,
            "revenue_4q": null,
            "common_shares": 326062,
            "book_valuer_per_share": 10.68,
            "book_valuer_per_share_4q_avg": 11.46,
            "equity": 348096,
            "current_ratio": 492.97,
            "debt_ratio": 42.33,
            "inventory_turnover_ratio": 1.84,
            "account_receivable_turnover_ratio": null,
            "reinvestment_rate": null,
            "research_to_sale_ratio": null,
            "price_fair": 92.4,
            "eps_avg_yearly": 2.64,
            "eps_latest_yearly": 2.04,
            "eps_growth_yearly": 3068.28
        },
        "20042": {
            "year_quarter": 20042,
            "year": 2004,
            "quarter": 2,
            "eps": -0.44,
            "eps_growth_year": -172.13,
            "eps_4q": -1,
            "eps_4q_growth_year": -171.05,
            "roe": -4.22,
            "roe_4q": -9.350000000000001,
            "gross_profit": 30486,
            "gross_margin": 29.46,
            "gross_margin_4q_avg": 27.4,
            "net_income": -14379,
            "net_income_4q": null,
            "revenue": 103498,
            "revenue_4q": null,
            "common_shares": 326062,
            "book_valuer_per_share": 10.25,
            "book_valuer_per_share_4q_avg": 11.05,
            "equity": 334079,
            "current_ratio": 156.63,
            "debt_ratio": 43.37,
            "inventory_turnover_ratio": 1.76,
            "account_receivable_turnover_ratio": null,
            "reinvestment_rate": null,
            "research_to_sale_ratio": null,
            "price_fair": 92.4,
            "eps_avg_yearly": 2.64,
            "eps_latest_yearly": 2.04,
            "eps_growth_yearly": 3068.28
        },
        "20043": {
            "year_quarter": 20043,
            "year": 2004,
            "quarter": 3,
            "eps": 0.7,
            "eps_growth_year": 37.25,
            "eps_4q": -0.82,
            "eps_4q_growth_year": -209.78,
            "roe": 6.59,
            "roe_4q": -7.21,
            "gross_profit": 61455,
            "gross_margin": 30.45,
            "gross_margin_4q_avg": 26.62,
            "net_income": 22766,
            "net_income_4q": null,
            "revenue": 201792,
            "revenue_4q": null,
            "common_shares": 326062,
            "book_valuer_per_share": 10.96,
            "book_valuer_per_share_4q_avg": 10.85,
            "equity": 357300,
            "current_ratio": 153.94,
            "debt_ratio": 45.96,
            "inventory_turnover_ratio": 2.77,
            "account_receivable_turnover_ratio": null,
            "reinvestment_rate": null,
            "research_to_sale_ratio": null,
            "price_fair": 92.4,
            "eps_avg_yearly": 2.64,
            "eps_latest_yearly": 2.04,
            "eps_growth_yearly": 3068.28
        },
        "20044": {
            "year_quarter": 20044,
            "year": 2004,
            "quarter": 4,
            "eps": -0.13,
            "eps_growth_year": null,
            "eps_4q": -0.69,
            "eps_4q_growth_year": -346.43,
            "roe": -1.19,
            "roe_4q": -6.1899999999999995,
            "gross_profit": 41643,
            "gross_margin": 29.67,
            "gross_margin_4q_avg": 26.84,
            "net_income": -4209,
            "net_income_4q": null,
            "revenue": 140355,
            "revenue_4q": null,
            "common_shares": 326632,
            "book_valuer_per_share": 10.79,
            "book_valuer_per_share_4q_avg": 10.67,
            "equity": 352577,
            "current_ratio": 484.6,
            "debt_ratio": 41.49,
            "inventory_turnover_ratio": 2.21,
            "account_receivable_turnover_ratio": null,
            "reinvestment_rate": null,
            "research_to_sale_ratio": null,
            "price_fair": 92.4,
            "eps_avg_yearly": 2.64,
            "eps_latest_yearly": 2.04,
            "eps_growth_yearly": 3068.28
        },
        "20051": {
            "year_quarter": 20051,
            "year": 2005,
            "quarter": 1,
            "eps": -1.5,
            "eps_growth_year": null,
            "eps_4q": -1.37,
            "eps_4q_growth_year": -2858.56,
            "roe": -14.91,
            "roe_4q": -13.73,
            "gross_profit": 4898,
            "gross_margin": 10.67,
            "gross_margin_4q_avg": 25.06,
            "net_income": -48917,
            "net_income_4q": null,
            "revenue": 45918,
            "revenue_4q": null,
            "common_shares": 326632,
            "book_valuer_per_share": 9.29,
            "book_valuer_per_share_4q_avg": 10.32,
            "equity": 303479,
            "current_ratio": 589.93,
            "debt_ratio": 42.66,
            "inventory_turnover_ratio": 1.25,
            "account_receivable_turnover_ratio": null,
            "reinvestment_rate": null,
            "research_to_sale_ratio": null,
            "price_fair": 92.4,
            "eps_avg_yearly": 2.64,
            "eps_latest_yearly": 2.04,
            "eps_growth_yearly": 3068.28
        },
        "20052": {
            "year_quarter": 20052,
            "year": 2005,
            "quarter": 2,
            "eps": -0.69,
            "eps_growth_year": null,
            "eps_4q": -1.62,
            "eps_4q_growth_year": null,
            "roe": -7.69,
            "roe_4q": -17.200000000000003,
            "gross_profit": 25604,
            "gross_margin": 27.03,
            "gross_margin_4q_avg": 24.46,
            "net_income": -22465,
            "net_income_4q": null,
            "revenue": 94731,
            "revenue_4q": null,
            "common_shares": 326632,
            "book_valuer_per_share": 8.6,
            "book_valuer_per_share_4q_avg": 9.91,
            "equity": 281020,
            "current_ratio": 145.58,
            "debt_ratio": 46.79,
            "inventory_turnover_ratio": 2.03,
            "account_receivable_turnover_ratio": null,
            "reinvestment_rate": null,
            "research_to_sale_ratio": null,
            "price_fair": 92.4,
            "eps_avg_yearly": 2.64,
            "eps_latest_yearly": 2.04,
            "eps_growth_yearly": 3068.28
        },
        "20053": {
            "year_quarter": 20053,
            "year": 2005,
            "quarter": 3,
            "eps": -0.23,
            "eps_growth_year": -132.86,
            "eps_4q": -2.54,
            "eps_4q_growth_year": null,
            "roe": -2.68,
            "roe_4q": -26.470000000000002,
            "gross_profit": 48331,
            "gross_margin": 35.55,
            "gross_margin_4q_avg": 25.73,
            "net_income": -7434,
            "net_income_4q": null,
            "revenue": 135953,
            "revenue_4q": null,
            "common_shares": 326632,
            "book_valuer_per_share": 8.38,
            "book_valuer_per_share_4q_avg": 9.27,
            "equity": 273586,
            "current_ratio": 143.57,
            "debt_ratio": 48.24,
            "inventory_turnover_ratio": 2.34,
            "account_receivable_turnover_ratio": null,
            "reinvestment_rate": null,
            "research_to_sale_ratio": null,
            "price_fair": 92.4,
            "eps_avg_yearly": 2.64,
            "eps_latest_yearly": 2.04,
            "eps_growth_yearly": 3068.28
        },
        "20054": {
            "year_quarter": 20054,
            "year": 2005,
            "quarter": 4,
            "eps": -1.13,
            "eps_growth_year": null,
            "eps_4q": -3.54,
            "eps_4q_growth_year": null,
            "roe": -14.47,
            "roe_4q": -39.75,
            "gross_profit": 14818,
            "gross_margin": 25.24,
            "gross_margin_4q_avg": 24.62,
            "net_income": -36930,
            "net_income_4q": null,
            "revenue": 58702,
            "revenue_4q": null,
            "common_shares": 326632,
            "book_valuer_per_share": 7.26,
            "book_valuer_per_share_4q_avg": 8.38,
            "equity": 236979,
            "current_ratio": 136.83,
            "debt_ratio": 50.36,
            "inventory_turnover_ratio": 1.16,
            "account_receivable_turnover_ratio": null,
            "reinvestment_rate": null,
            "research_to_sale_ratio": null,
            "price_fair": 92.4,
            "eps_avg_yearly": 2.64,
            "eps_latest_yearly": 2.04,
            "eps_growth_yearly": 3068.28
        },
        "20061": {
            "year_quarter": 20061,
            "year": 2006,
            "quarter": 1,
            "eps": -1.07,
            "eps_growth_year": null,
            "eps_4q": -3.12,
            "eps_4q_growth_year": null,
            "roe": -15.88,
            "roe_4q": -40.72,
            "gross_profit": 14452,
            "gross_margin": 28.64,
            "gross_margin_4q_avg": 29.12,
            "net_income": -34913,
            "net_income_4q": null,
            "revenue": 50466,
            "revenue_4q": null,
            "common_shares": 326632,
            "book_valuer_per_share": 6.21,
            "book_valuer_per_share_4q_avg": 7.61,
            "equity": 202757,
            "current_ratio": 126.92,
            "debt_ratio": 52.04,
            "inventory_turnover_ratio": 1,
            "account_receivable_turnover_ratio": null,
            "reinvestment_rate": null,
            "research_to_sale_ratio": null,
            "price_fair": 92.4,
            "eps_avg_yearly": 2.64,
            "eps_latest_yearly": 2.04,
            "eps_growth_yearly": 3068.28
        },
        "20062": {
            "year_quarter": 20062,
            "year": 2006,
            "quarter": 2,
            "eps": -1.03,
            "eps_growth_year": null,
            "eps_4q": -3.45,
            "eps_4q_growth_year": null,
            "roe": -18.03,
            "roe_4q": -51.06,
            "gross_profit": 19902,
            "gross_margin": 28.35,
            "gross_margin_4q_avg": 29.45,
            "net_income": -33513,
            "net_income_4q": null,
            "revenue": 70212,
            "revenue_4q": null,
            "common_shares": 326632,
            "book_valuer_per_share": 5.17,
            "book_valuer_per_share_4q_avg": 6.76,
            "equity": 168896,
            "current_ratio": 110.7,
            "debt_ratio": 57.77,
            "inventory_turnover_ratio": 1.55,
            "account_receivable_turnover_ratio": null,
            "reinvestment_rate": null,
            "research_to_sale_ratio": null,
            "price_fair": 92.4,
            "eps_avg_yearly": 2.64,
            "eps_latest_yearly": 2.04,
            "eps_growth_yearly": 3068.28
        },
        "20063": {
            "year_quarter": 20063,
            "year": 2006,
            "quarter": 3,
            "eps": -0.29,
            "eps_growth_year": null,
            "eps_4q": -3.52,
            "eps_4q_growth_year": null,
            "roe": -5.84,
            "roe_4q": -54.22,
            "gross_profit": 28423,
            "gross_margin": 32.38,
            "gross_margin_4q_avg": 28.65,
            "net_income": -9541,
            "net_income_4q": null,
            "revenue": 87784,
            "revenue_4q": null,
            "common_shares": 326632,
            "book_valuer_per_share": 4.83,
            "book_valuer_per_share_4q_avg": 5.87,
            "equity": 157819,
            "current_ratio": 107.26,
            "debt_ratio": 60.76,
            "inventory_turnover_ratio": 2.2,
            "account_receivable_turnover_ratio": null,
            "reinvestment_rate": null,
            "research_to_sale_ratio": null,
            "price_fair": 4.38,
            "eps_avg_yearly": 1.46,
            "eps_latest_yearly": 2.04,
            "eps_growth_yearly": -197.59
        },
        "20064": {
            "year_quarter": 20064,
            "year": 2006,
            "quarter": 4,
            "eps": -2.54,
            "eps_growth_year": null,
            "eps_4q": -7.16,
            "eps_4q_growth_year": null,
            "roe": -31.16,
            "roe_4q": -70.91,
            "gross_profit": 11412,
            "gross_margin": 26.59,
            "gross_margin_4q_avg": 28.99,
            "net_income": -42836,
            "net_income_4q": null,
            "revenue": 42915,
            "revenue_4q": null,
            "common_shares": 169882,
            "book_valuer_per_share": 6.9,
            "book_valuer_per_share_4q_avg": 5.78,
            "equity": 117154,
            "current_ratio": 101.28,
            "debt_ratio": 65.57,
            "inventory_turnover_ratio": 1.4,
            "account_receivable_turnover_ratio": null,
            "reinvestment_rate": null,
            "research_to_sale_ratio": null,
            "price_fair": 6.12,
            "eps_avg_yearly": 2.04,
            "eps_latest_yearly": 2.04,
            "eps_growth_yearly": -65.57
        },
        "20071": {
            "year_quarter": 20071,
            "year": 2007,
            "quarter": 1,
            "eps": -0.6,
            "eps_growth_year": null,
            "eps_4q": -5.23,
            "eps_4q_growth_year": null,
            "roe": -6.25,
            "roe_4q": -61.28,
            "gross_profit": 12179,
            "gross_margin": 26.75,
            "gross_margin_4q_avg": 28.52,
            "net_income": -11136,
            "net_income_4q": null,
            "revenue": 45530,
            "revenue_4q": null,
            "common_shares": 339882,
            "book_valuer_per_share": 7.04,
            "book_valuer_per_share_4q_avg": 5.99,
            "equity": 239304,
            "current_ratio": 155.83,
            "debt_ratio": 49.3,
            "inventory_turnover_ratio": 1.48,
            "account_receivable_turnover_ratio": null,
            "reinvestment_rate": null,
            "research_to_sale_ratio": null,
            "price_fair": 6.12,
            "eps_avg_yearly": 2.04,
            "eps_latest_yearly": 2.04,
            "eps_growth_yearly": -65.57
        },
        "20072": {
            "year_quarter": 20072,
            "year": 2007,
            "quarter": 2,
            "eps": -1.75,
            "eps_growth_year": null,
            "eps_4q": -3.23,
            "eps_4q_growth_year": null,
            "roe": -21.24,
            "roe_4q": -64.49,
            "gross_profit": 16331,
            "gross_margin": 30.42,
            "gross_margin_4q_avg": 29.04,
            "net_income": -46203,
            "net_income_4q": null,
            "revenue": 53690,
            "revenue_4q": null,
            "common_shares": 339882,
            "book_valuer_per_share": 5.76,
            "book_valuer_per_share_4q_avg": 6.13,
            "equity": 195838,
            "current_ratio": 187.28,
            "debt_ratio": 54.22,
            "inventory_turnover_ratio": 1.7,
            "account_receivable_turnover_ratio": null,
            "reinvestment_rate": null,
            "research_to_sale_ratio": null,
            "price_fair": 6.12,
            "eps_avg_yearly": 2.04,
            "eps_latest_yearly": 2.04,
            "eps_growth_yearly": -65.57
        },
        "20073": {
            "year_quarter": 20073,
            "year": 2007,
            "quarter": 3,
            "eps": -1.36,
            "eps_growth_year": null,
            "eps_4q": -3.31,
            "eps_4q_growth_year": null,
            "roe": -17.58,
            "roe_4q": -76.22999999999999,
            "gross_profit": 15541,
            "gross_margin": 27.72,
            "gross_margin_4q_avg": 27.87,
            "net_income": -43465,
            "net_income_4q": null,
            "revenue": 56055,
            "revenue_4q": null,
            "common_shares": 433751,
            "book_valuer_per_share": 6.89,
            "book_valuer_per_share_4q_avg": 6.65,
            "equity": 298734,
            "current_ratio": 374.4,
            "debt_ratio": 28.56,
            "inventory_turnover_ratio": 2.07,
            "account_receivable_turnover_ratio": null,
            "reinvestment_rate": null,
            "research_to_sale_ratio": null,
            "price_fair": 0,
            "eps_avg_yearly": 0,
            "eps_latest_yearly": 0,
            "eps_growth_yearly": 0
        },
        "20074": {
            "year_quarter": 20074,
            "year": 2007,
            "quarter": 4,
            "eps": -0.15,
            "eps_growth_year": null,
            "eps_4q": -3.05,
            "eps_4q_growth_year": null,
            "roe": -1.82,
            "roe_4q": -46.89,
            "gross_profit": 11395,
            "gross_margin": 31.17,
            "gross_margin_4q_avg": 29.02,
            "net_income": -5379,
            "net_income_4q": null,
            "revenue": 36563,
            "revenue_4q": null,
            "common_shares": 433761,
            "book_valuer_per_share": 6.76,
            "book_valuer_per_share_4q_avg": 6.61,
            "equity": 293422,
            "current_ratio": 266.74,
            "debt_ratio": 38.55,
            "inventory_turnover_ratio": 0.33,
            "account_receivable_turnover_ratio": null,
            "reinvestment_rate": null,
            "research_to_sale_ratio": null,
            "price_fair": 0,
            "eps_avg_yearly": 0,
            "eps_latest_yearly": 0,
            "eps_growth_yearly": 0
        },
        "20081": {
            "year_quarter": 20081,
            "year": 2008,
            "quarter": 1,
            "eps": -0.27,
            "eps_growth_year": null,
            "eps_4q": -2.47,
            "eps_4q_growth_year": null,
            "roe": -4.05,
            "roe_4q": -44.69,
            "gross_profit": 11525,
            "gross_margin": 29.31,
            "gross_margin_4q_avg": 29.66,
            "net_income": -11655,
            "net_income_4q": null,
            "revenue": 39317,
            "revenue_4q": null,
            "common_shares": 433761,
            "book_valuer_per_share": 6.49,
            "book_valuer_per_share_4q_avg": 6.48,
            "equity": 281691,
            "current_ratio": 201.62,
            "debt_ratio": 50.32,
            "inventory_turnover_ratio": 0.14,
            "account_receivable_turnover_ratio": null,
            "reinvestment_rate": null,
            "research_to_sale_ratio": null,
            "price_fair": 0,
            "eps_avg_yearly": 0,
            "eps_latest_yearly": 0,
            "eps_growth_yearly": 0
        },
        "20082": {
            "year_quarter": 20082,
            "year": 2008,
            "quarter": 2,
            "eps": -0.31,
            "eps_growth_year": null,
            "eps_4q": -1.7,
            "eps_4q_growth_year": null,
            "roe": -4.87,
            "roe_4q": -28.32,
            "gross_profit": 15176,
            "gross_margin": 38.75,
            "gross_margin_4q_avg": 31.74,
            "net_income": -13396,
            "net_income_4q": null,
            "revenue": 39159,
            "revenue_4q": null,
            "common_shares": 433761,
            "book_valuer_per_share": 6.18,
            "book_valuer_per_share_4q_avg": 6.58,
            "equity": 268256,
            "current_ratio": 223.48,
            "debt_ratio": 46.6,
            "inventory_turnover_ratio": 0.09,
            "account_receivable_turnover_ratio": null,
            "reinvestment_rate": null,
            "research_to_sale_ratio": null,
            "price_fair": 0,
            "eps_avg_yearly": 0,
            "eps_latest_yearly": 0,
            "eps_growth_yearly": 0
        },
        "20083": {
            "year_quarter": 20083,
            "year": 2008,
            "quarter": 3,
            "eps": -0.19,
            "eps_growth_year": null,
            "eps_4q": -0.89,
            "eps_4q_growth_year": null,
            "roe": -3.04,
            "roe_4q": -13.780000000000001,
            "gross_profit": 7253,
            "gross_margin": 19.08,
            "gross_margin_4q_avg": 29.58,
            "net_income": -8032,
            "net_income_4q": null,
            "revenue": 38018,
            "revenue_4q": null,
            "common_shares": 433761,
            "book_valuer_per_share": 6,
            "book_valuer_per_share_4q_avg": 6.36,
            "equity": 260244,
            "current_ratio": 205.74,
            "debt_ratio": 50.32,
            "inventory_turnover_ratio": 0.1,
            "account_receivable_turnover_ratio": null,
            "reinvestment_rate": null,
            "research_to_sale_ratio": null,
            "price_fair": 0,
            "eps_avg_yearly": 0,
            "eps_latest_yearly": 0,
            "eps_growth_yearly": 0
        },
        "20084": {
            "year_quarter": 20084,
            "year": 2008,
            "quarter": 4,
            "eps": 0.27,
            "eps_growth_year": null,
            "eps_4q": -0.72,
            "eps_4q_growth_year": null,
            "roe": 2.44,
            "roe_4q": -9.52,
            "gross_profit": 4679,
            "gross_margin": 16.57,
            "gross_margin_4q_avg": 25.93,
            "net_income": 9008,
            "net_income_4q": null,
            "revenue": 28236,
            "revenue_4q": null,
            "common_shares": 625321,
            "book_valuer_per_share": 7.67,
            "book_valuer_per_share_4q_avg": 6.59,
            "equity": 479367,
            "current_ratio": 270.84,
            "debt_ratio": 36.23,
            "inventory_turnover_ratio": 0.07,
            "account_receivable_turnover_ratio": 2.62,
            "reinvestment_rate": null,
            "research_to_sale_ratio": null,
            "price_fair": 0,
            "eps_avg_yearly": 0,
            "eps_latest_yearly": 0,
            "eps_growth_yearly": 0
        },
        "20091": {
            "year_quarter": 20091,
            "year": 2009,
            "quarter": 1,
            "eps": -0.03,
            "eps_growth_year": null,
            "eps_4q": -0.23,
            "eps_4q_growth_year": null,
            "roe": -0.45,
            "roe_4q": -5.92,
            "gross_profit": 6588,
            "gross_margin": 26.38,
            "gross_margin_4q_avg": 25.2,
            "net_income": -2136,
            "net_income_4q": null,
            "revenue": 24969,
            "revenue_4q": null,
            "common_shares": 625321,
            "book_valuer_per_share": 7.64,
            "book_valuer_per_share_4q_avg": 6.87,
            "equity": 477443,
            "current_ratio": 270.42,
            "debt_ratio": 35.93,
            "inventory_turnover_ratio": 0.05,
            "account_receivable_turnover_ratio": 1.24,
            "reinvestment_rate": null,
            "research_to_sale_ratio": null,
            "price_fair": 0,
            "eps_avg_yearly": 0,
            "eps_latest_yearly": 0,
            "eps_growth_yearly": 0
        },
        "20092": {
            "year_quarter": 20092,
            "year": 2009,
            "quarter": 2,
            "eps": -0.11,
            "eps_growth_year": null,
            "eps_4q": -0.13,
            "eps_4q_growth_year": null,
            "roe": -1.5,
            "roe_4q": -2.55,
            "gross_profit": 3802,
            "gross_margin": 21.23,
            "gross_margin_4q_avg": 20.82,
            "net_income": -7114,
            "net_income_4q": null,
            "revenue": 17912,
            "revenue_4q": null,
            "common_shares": 625321,
            "book_valuer_per_share": 7.52,
            "book_valuer_per_share_4q_avg": 7.21,
            "equity": 470342,
            "current_ratio": 273.18,
            "debt_ratio": 36,
            "inventory_turnover_ratio": 0.03,
            "account_receivable_turnover_ratio": 1.12,
            "reinvestment_rate": null,
            "research_to_sale_ratio": null,
            "price_fair": 0,
            "eps_avg_yearly": 0,
            "eps_latest_yearly": 0,
            "eps_growth_yearly": 0
        },
        "20093": {
            "year_quarter": 20093,
            "year": 2009,
            "quarter": 3,
            "eps": 0.31,
            "eps_growth_year": null,
            "eps_4q": 0.31,
            "eps_4q_growth_year": null,
            "roe": 4.03,
            "roe_4q": 4.52,
            "gross_profit": 52643,
            "gross_margin": 15.75,
            "gross_margin_4q_avg": 19.98,
            "net_income": 19380,
            "net_income_4q": null,
            "revenue": 334185,
            "revenue_4q": null,
            "common_shares": 625571,
            "book_valuer_per_share": 7.84,
            "book_valuer_per_share_4q_avg": 7.67,
            "equity": 490741,
            "current_ratio": 314.91,
            "debt_ratio": 31.18,
            "inventory_turnover_ratio": 0.72,
            "account_receivable_turnover_ratio": 21.93,
            "reinvestment_rate": null,
            "research_to_sale_ratio": null,
            "price_fair": 0,
            "eps_avg_yearly": 0,
            "eps_latest_yearly": 0,
            "eps_growth_yearly": 0
        },
        "20094": {
            "year_quarter": 20094,
            "year": 2009,
            "quarter": 4,
            "eps": 0.11,
            "eps_growth_year": -59.26,
            "eps_4q": 0.27,
            "eps_4q_growth_year": null,
            "roe": 1.37,
            "roe_4q": 3.45,
            "gross_profit": 24439,
            "gross_margin": 16.67,
            "gross_margin_4q_avg": 20.01,
            "net_income": 6801,
            "net_income_4q": null,
            "revenue": 146614,
            "revenue_4q": null,
            "common_shares": 626561,
            "book_valuer_per_share": 7.95,
            "book_valuer_per_share_4q_avg": 7.74,
            "equity": 501708,
            "current_ratio": 292.43,
            "debt_ratio": 33.11,
            "inventory_turnover_ratio": 0.39,
            "account_receivable_turnover_ratio": 12.21,
            "reinvestment_rate": null,
            "research_to_sale_ratio": null,
            "price_fair": 1.32,
            "eps_avg_yearly": 0.44,
            "eps_latest_yearly": 0.44,
            "eps_growth_yearly": -258.06
        },
        "20101": {
            "year_quarter": 20101,
            "year": 2010,
            "quarter": 1,
            "eps": -0.09,
            "eps_growth_year": null,
            "eps_4q": 0.21,
            "eps_4q_growth_year": null,
            "roe": -1.13,
            "roe_4q": 2.7700000000000005,
            "gross_profit": 7401,
            "gross_margin": 7.24,
            "gross_margin_4q_avg": 15.22,
            "net_income": -5735,
            "net_income_4q": null,
            "revenue": 102283,
            "revenue_4q": null,
            "common_shares": 631226,
            "book_valuer_per_share": 7.9,
            "book_valuer_per_share_4q_avg": 7.8,
            "equity": 509621,
            "current_ratio": 279.04,
            "debt_ratio": 34.8,
            "inventory_turnover_ratio": 0.31,
            "account_receivable_turnover_ratio": 5.4,
            "reinvestment_rate": null,
            "research_to_sale_ratio": 6.18,
            "price_fair": 1.32,
            "eps_avg_yearly": 0.44,
            "eps_latest_yearly": 0.44,
            "eps_growth_yearly": -258.06
        },
        "20102": {
            "year_quarter": 20102,
            "year": 2010,
            "quarter": 2,
            "eps": -0.23,
            "eps_growth_year": null,
            "eps_4q": -0,
            "eps_4q_growth_year": null,
            "roe": -2.74,
            "roe_4q": 1.5300000000000002,
            "gross_profit": 3919,
            "gross_margin": 24.31,
            "gross_margin_4q_avg": 15.99,
            "net_income": -20673,
            "net_income_4q": null,
            "revenue": 16118,
            "revenue_4q": null,
            "common_shares": 894345,
            "book_valuer_per_share": 11.15,
            "book_valuer_per_share_4q_avg": 8.71,
            "equity": 997505,
            "current_ratio": 268.52,
            "debt_ratio": 36.71,
            "inventory_turnover_ratio": 0.03,
            "account_receivable_turnover_ratio": 1.38,
            "reinvestment_rate": null,
            "research_to_sale_ratio": 69.41,
            "price_fair": 1.32,
            "eps_avg_yearly": 0.44,
            "eps_latest_yearly": 0.44,
            "eps_growth_yearly": -258.06
        },
        "20103": {
            "year_quarter": 20103,
            "year": 2010,
            "quarter": 3,
            "eps": 0.05,
            "eps_growth_year": -85.46,
            "eps_4q": -0.17,
            "eps_4q_growth_year": -156.77,
            "roe": 0.4,
            "roe_4q": -2.1,
            "gross_profit": 23765,
            "gross_margin": 9.97,
            "gross_margin_4q_avg": 14.55,
            "net_income": 4038,
            "net_income_4q": null,
            "revenue": 238366,
            "revenue_4q": null,
            "common_shares": 894741,
            "book_valuer_per_share": 11.19,
            "book_valuer_per_share_4q_avg": 9.55,
            "equity": 1002764,
            "current_ratio": 211.66,
            "debt_ratio": 46.73,
            "inventory_turnover_ratio": 0.33,
            "account_receivable_turnover_ratio": 23.72,
            "reinvestment_rate": null,
            "research_to_sale_ratio": 2.76,
            "price_fair": 1.32,
            "eps_avg_yearly": 0.44,
            "eps_latest_yearly": 0.44,
            "eps_growth_yearly": -258.06
        },
        "20104": {
            "year_quarter": 20104,
            "year": 2010,
            "quarter": 4,
            "eps": 0.2,
            "eps_growth_year": 86.24,
            "eps_4q": -0.04,
            "eps_4q_growth_year": -116.58,
            "roe": 1.82,
            "roe_4q": -1.65,
            "gross_profit": 65533,
            "gross_margin": 13.51,
            "gross_margin_4q_avg": 13.76,
            "net_income": 18379,
            "net_income_4q": null,
            "revenue": 485172,
            "revenue_4q": null,
            "common_shares": 895631,
            "book_valuer_per_share": 11.4,
            "book_valuer_per_share_4q_avg": 10.41,
            "equity": 1022382,
            "current_ratio": 234.32,
            "debt_ratio": 42.27,
            "inventory_turnover_ratio": 0.59,
            "account_receivable_turnover_ratio": 47.91,
            "reinvestment_rate": null,
            "research_to_sale_ratio": 1.56,
            "price_fair": 21.7,
            "eps_avg_yearly": 0.62,
            "eps_latest_yearly": 0.8,
            "eps_growth_yearly": 470.97
        },
        "20111": {
            "year_quarter": 20111,
            "year": 2011,
            "quarter": 1,
            "eps": 1.33,
            "eps_growth_year": null,
            "eps_4q": 1.34,
            "eps_4q_growth_year": 547.38,
            "roe": 10.97,
            "roe_4q": 10.450000000000001,
            "gross_profit": 163425,
            "gross_margin": 30.79,
            "gross_margin_4q_avg": 19.65,
            "net_income": 118987,
            "net_income_4q": null,
            "revenue": 530825,
            "revenue_4q": null,
            "common_shares": 897050,
            "book_valuer_per_share": 12.71,
            "book_valuer_per_share_4q_avg": 11.61,
            "equity": 1146691,
            "current_ratio": 209.22,
            "debt_ratio": 47.41,
            "inventory_turnover_ratio": 0.56,
            "account_receivable_turnover_ratio": 80.21,
            "reinvestment_rate": -677.48,
            "research_to_sale_ratio": null,
            "price_fair": 76.53,
            "eps_avg_yearly": 2.19,
            "eps_latest_yearly": 5.32,
            "eps_growth_yearly": 1067.31
        },
        "20112": {
            "year_quarter": 20112,
            "year": 2011,
            "quarter": 2,
            "eps": 0.07,
            "eps_growth_year": null,
            "eps_4q": 1.64,
            "eps_4q_growth_year": null,
            "roe": 0.55,
            "roe_4q": 13.740000000000002,
            "gross_profit": 5097,
            "gross_margin": 30.73,
            "gross_margin_4q_avg": 21.25,
            "net_income": 6359,
            "net_income_4q": null,
            "revenue": 16586,
            "revenue_4q": null,
            "common_shares": 901940,
            "book_valuer_per_share": 12.78,
            "book_valuer_per_share_4q_avg": 12.02,
            "equity": 1153007,
            "current_ratio": 206.45,
            "debt_ratio": 47.97,
            "inventory_turnover_ratio": 0.01,
            "account_receivable_turnover_ratio": 1.31,
            "reinvestment_rate": 8.66,
            "research_to_sale_ratio": null,
            "price_fair": 59.85,
            "eps_avg_yearly": 1.71,
            "eps_latest_yearly": 0.28,
            "eps_growth_yearly": 705.75
        },
        "20113": {
            "year_quarter": 20113,
            "year": 2011,
            "quarter": 3,
            "eps": 1.75,
            "eps_growth_year": 3777.61,
            "eps_4q": 3.34,
            "eps_4q_growth_year": null,
            "roe": 12.87,
            "roe_4q": 26.21,
            "gross_profit": 195848,
            "gross_margin": 18.64,
            "gross_margin_4q_avg": 23.42,
            "net_income": 157644,
            "net_income_4q": null,
            "revenue": 1050658,
            "revenue_4q": null,
            "common_shares": 901940,
            "book_valuer_per_share": 14.38,
            "book_valuer_per_share_4q_avg": 12.82,
            "equity": 1296560,
            "current_ratio": 184.9,
            "debt_ratio": 53.21,
            "inventory_turnover_ratio": 0.7,
            "account_receivable_turnover_ratio": 17.64,
            "reinvestment_rate": 3,
            "research_to_sale_ratio": null,
            "price_fair": 96.88,
            "eps_avg_yearly": 2.77,
            "eps_latest_yearly": 7,
            "eps_growth_yearly": 2484.6
        },
        "20114": {
            "year_quarter": 20114,
            "year": 2011,
            "quarter": 4,
            "eps": 2.75,
            "eps_growth_year": 1241.91,
            "eps_4q": 5.32,
            "eps_4q_growth_year": null,
            "roe": 18.36,
            "roe_4q": 42.75,
            "gross_profit": 350950,
            "gross_margin": 30.88,
            "gross_margin_4q_avg": 27.76,
            "net_income": 302927,
            "net_income_4q": null,
            "revenue": 1136578,
            "revenue_4q": null,
            "common_shares": 1101940,
            "book_valuer_per_share": 18.17,
            "book_valuer_per_share_4q_avg": 14.51,
            "equity": 2002651,
            "current_ratio": 203.23,
            "debt_ratio": 48.05,
            "inventory_turnover_ratio": 0.38,
            "account_receivable_turnover_ratio": 9.83,
            "reinvestment_rate": 0.59,
            "research_to_sale_ratio": null,
            "price_fair": 144.9,
            "eps_avg_yearly": 4.14,
            "eps_latest_yearly": 11,
            "eps_growth_yearly": 2108.59
        },
        "20121": {
            "year_quarter": 20121,
            "year": 2012,
            "quarter": 1,
            "eps": 0.65,
            "eps_growth_year": -51.13,
            "eps_4q": 4.88,
            "eps_4q_growth_year": 265.11,
            "roe": 3.53,
            "roe_4q": 35.309999999999995,
            "gross_profit": 108940,
            "gross_margin": 27.71,
            "gross_margin_4q_avg": 26.99,
            "net_income": 71998,
            "net_income_4q": null,
            "revenue": 393185,
            "revenue_4q": null,
            "common_shares": 1103268,
            "book_valuer_per_share": 18.82,
            "book_valuer_per_share_4q_avg": 16.04,
            "equity": 2076542,
            "current_ratio": 166.51,
            "debt_ratio": 58.96,
            "inventory_turnover_ratio": 0.08,
            "account_receivable_turnover_ratio": 3.73,
            "reinvestment_rate": 0.85,
            "research_to_sale_ratio": 0,
            "price_fair": 137.2,
            "eps_avg_yearly": 3.92,
            "eps_latest_yearly": 2.6,
            "eps_growth_yearly": 1763.73
        },
        "20122": {
            "year_quarter": 20122,
            "year": 2012,
            "quarter": 2,
            "eps": 0.72,
            "eps_growth_year": 914.82,
            "eps_4q": 4.74,
            "eps_4q_growth_year": 189.22,
            "roe": 4.58,
            "roe_4q": 39.339999999999996,
            "gross_profit": 158939,
            "gross_margin": 35.97,
            "gross_margin_4q_avg": 28.3,
            "net_income": 94725,
            "net_income_4q": null,
            "revenue": 441869,
            "revenue_4q": null,
            "common_shares": 1103268,
            "book_valuer_per_share": 18.68,
            "book_valuer_per_share_4q_avg": 17.51,
            "equity": 2060774,
            "current_ratio": 155.78,
            "debt_ratio": 63.49,
            "inventory_turnover_ratio": 0.07,
            "account_receivable_turnover_ratio": 5.46,
            "reinvestment_rate": 0.93,
            "research_to_sale_ratio": null,
            "price_fair": 132.65,
            "eps_avg_yearly": 3.79,
            "eps_latest_yearly": 2.88,
            "eps_growth_yearly": 1548.65
        },
        "20123": {
            "year_quarter": 20123,
            "year": 2012,
            "quarter": 3,
            "eps": 0.9,
            "eps_growth_year": -48.51,
            "eps_4q": 4.42,
            "eps_4q_growth_year": 32.19,
            "roe": 5.63,
            "roe_4q": 32.1,
            "gross_profit": 164239,
            "gross_margin": 47.44,
            "gross_margin_4q_avg": 35.5,
            "net_income": 120171,
            "net_income_4q": null,
            "revenue": 346210,
            "revenue_4q": null,
            "common_shares": 1335372,
            "book_valuer_per_share": 16.52,
            "book_valuer_per_share_4q_avg": 18.05,
            "equity": 2206560,
            "current_ratio": 155.06,
            "debt_ratio": 63.94,
            "inventory_turnover_ratio": 0.04,
            "account_receivable_turnover_ratio": 6,
            "reinvestment_rate": 0.65,
            "research_to_sale_ratio": null,
            "price_fair": 131.91,
            "eps_avg_yearly": 3.77,
            "eps_latest_yearly": 3.6,
            "eps_growth_yearly": 1387.69
        },
        "20124": {
            "year_quarter": 20124,
            "year": 2012,
            "quarter": 4,
            "eps": 1.5,
            "eps_growth_year": -45.42,
            "eps_4q": 3.65,
            "eps_4q_growth_year": -31.37,
            "roe": 8.69,
            "roe_4q": 22.43,
            "gross_profit": 282784,
            "gross_margin": 29.42,
            "gross_margin_4q_avg": 35.14,
            "net_income": 200373,
            "net_income_4q": null,
            "revenue": 961262,
            "revenue_4q": null,
            "common_shares": 1335372,
            "book_valuer_per_share": 18.03,
            "book_valuer_per_share_4q_avg": 18.01,
            "equity": 2407100,
            "current_ratio": 153.55,
            "debt_ratio": 64.76,
            "inventory_turnover_ratio": 0.13,
            "account_receivable_turnover_ratio": 21.1,
            "reinvestment_rate": 0.71,
            "research_to_sale_ratio": null,
            "price_fair": 139.72,
            "eps_avg_yearly": 3.99,
            "eps_latest_yearly": 6,
            "eps_growth_yearly": 1275.58
        },
        "20131": {
            "year_quarter": 20131,
            "year": 2013,
            "quarter": 1,
            "eps": 2.73,
            "eps_growth_year": 320,
            "eps_4q": 5.84,
            "eps_4q_growth_year": 19.54,
            "roe": 17.74,
            "roe_4q": 36.64,
            "gross_profit": 467820,
            "gross_margin": 45.97,
            "gross_margin_4q_avg": 39.7,
            "net_income": 364493,
            "net_income_4q": null,
            "revenue": 1017604,
            "revenue_4q": null,
            "common_shares": 1335372,
            "book_valuer_per_share": 12.74,
            "book_valuer_per_share_4q_avg": 16.49,
            "equity": 1701221,
            "current_ratio": 133.76,
            "debt_ratio": 73.14,
            "inventory_turnover_ratio": 0.11,
            "account_receivable_turnover_ratio": 20.12,
            "reinvestment_rate": 7.46,
            "research_to_sale_ratio": null,
            "price_fair": 161.76,
            "eps_avg_yearly": 4.62,
            "eps_latest_yearly": 10.92,
            "eps_growth_yearly": 1189.44
        },
        "20132": {
            "year_quarter": 20132,
            "year": 2013,
            "quarter": 2,
            "eps": 1.91,
            "eps_growth_year": 166.95,
            "eps_4q": 6.79,
            "eps_4q_growth_year": 43.34,
            "roe": 14.99,
            "roe_4q": 47.05,
            "gross_profit": 318772,
            "gross_margin": 46.65,
            "gross_margin_4q_avg": 42.37,
            "net_income": 267176,
            "net_income_4q": null,
            "revenue": 683348,
            "revenue_4q": null,
            "common_shares": 1335372,
            "book_valuer_per_share": 13.9,
            "book_valuer_per_share_4q_avg": 15.3,
            "equity": 1862624,
            "current_ratio": 152.81,
            "debt_ratio": 71.83,
            "inventory_turnover_ratio": 0.08,
            "account_receivable_turnover_ratio": 17.56,
            "reinvestment_rate": 6.59,
            "research_to_sale_ratio": null,
            "price_fair": 170.57,
            "eps_avg_yearly": 4.87,
            "eps_latest_yearly": 7.64,
            "eps_growth_yearly": 1080.31
        },
        "20133": {
            "year_quarter": 20133,
            "year": 2013,
            "quarter": 3,
            "eps": 4.41,
            "eps_growth_year": 390.05,
            "eps_4q": 10.04,
            "eps_4q_growth_year": 127.28,
            "roe": 27.87,
            "roe_4q": 69.28999999999999,
            "gross_profit": 815977,
            "gross_margin": 37.89,
            "gross_margin_4q_avg": 39.98,
            "net_income": 622408,
            "net_income_4q": null,
            "revenue": 2153403,
            "revenue_4q": null,
            "common_shares": 1408239,
            "book_valuer_per_share": 18.45,
            "book_valuer_per_share_4q_avg": 15.78,
            "equity": 2604278,
            "current_ratio": 180.36,
            "debt_ratio": 60.71,
            "inventory_turnover_ratio": 0.32,
            "account_receivable_turnover_ratio": 95.22,
            "reinvestment_rate": 6.74,
            "research_to_sale_ratio": null,
            "price_fair": 204.94,
            "eps_avg_yearly": 5.86,
            "eps_latest_yearly": 17.64,
            "eps_growth_yearly": 1037.48
        },
        "20134": {
            "year_quarter": 20134,
            "year": 2013,
            "quarter": 4,
            "eps": 0.43,
            "eps_growth_year": -71.01,
            "eps_4q": 8.81,
            "eps_4q_growth_year": 141.46,
            "roe": 2.43,
            "roe_4q": 63.03,
            "gross_profit": 41534,
            "gross_margin": 167.21,
            "gross_margin_4q_avg": 74.43,
            "net_income": 65450,
            "net_income_4q": null,
            "revenue": 24840,
            "revenue_4q": null,
            "common_shares": 1449120,
            "book_valuer_per_share": 19.23,
            "book_valuer_per_share_4q_avg": 16.08,
            "equity": 2786295,
            "current_ratio": 159.95,
            "debt_ratio": 65.52,
            "inventory_turnover_ratio": -0,
            "account_receivable_turnover_ratio": 5.87,
            "reinvestment_rate": 12.44,
            "research_to_sale_ratio": null,
            "price_fair": 208.38,
            "eps_avg_yearly": 5.95,
            "eps_latest_yearly": 1.72,
            "eps_growth_yearly": 1029.56
        },
        "20141": {
            "year_quarter": 20141,
            "year": 2014,
            "quarter": 1,
            "eps": 0.1,
            "eps_growth_year": -96.34,
            "eps_4q": 6.47,
            "eps_4q_growth_year": 10.85,
            "roe": 0.56,
            "roe_4q": 45.85,
            "gross_profit": 67595,
            "gross_margin": 42.68,
            "gross_margin_4q_avg": 73.61,
            "net_income": 15557,
            "net_income_4q": null,
            "revenue": 158380,
            "revenue_4q": null,
            "common_shares": 1497625,
            "book_valuer_per_share": 18.75,
            "book_valuer_per_share_4q_avg": 17.58,
            "equity": 2808723,
            "current_ratio": 152.5,
            "debt_ratio": 68.03,
            "inventory_turnover_ratio": 0.01,
            "account_receivable_turnover_ratio": 840.21,
            "reinvestment_rate": 13.03,
            "research_to_sale_ratio": null,
            "price_fair": 194.5,
            "eps_avg_yearly": 5.56,
            "eps_latest_yearly": 0.4,
            "eps_growth_yearly": 934.1
        },
        "20142": {
            "year_quarter": 20142,
            "year": 2014,
            "quarter": 2,
            "eps": 0,
            "eps_growth_year": -100,
            "eps_4q": 4.65,
            "eps_4q_growth_year": -31.55,
            "roe": 0.02,
            "roe_4q": 30.880000000000003,
            "gross_profit": 25338,
            "gross_margin": 54.61,
            "gross_margin_4q_avg": 75.6,
            "net_income": 493,
            "net_income_4q": null,
            "revenue": 46400,
            "revenue_4q": null,
            "common_shares": 1499464,
            "book_valuer_per_share": 16.94,
            "book_valuer_per_share_4q_avg": 18.34,
            "equity": 2551870,
            "current_ratio": 131.45,
            "debt_ratio": 73.01,
            "inventory_turnover_ratio": 0,
            "account_receivable_turnover_ratio": 115.14,
            "reinvestment_rate": 14.01,
            "research_to_sale_ratio": null,
            "price_fair": 194.5,
            "eps_avg_yearly": 5.56,
            "eps_latest_yearly": 0.4,
            "eps_growth_yearly": 934.1
        },
        "20143": {
            "year_quarter": 20143,
            "year": 2014,
            "quarter": 3,
            "eps": -0.07,
            "eps_growth_year": -101.59,
            "eps_4q": 0.4,
            "eps_4q_growth_year": -96,
            "roe": -0.42,
            "roe_4q": 2.5900000000000003,
            "gross_profit": 43403,
            "gross_margin": 48.78,
            "gross_margin_4q_avg": 78.32,
            "net_income": -11687,
            "net_income_4q": null,
            "revenue": 88981,
            "revenue_4q": null,
            "common_shares": 1729464,
            "book_valuer_per_share": 17.41,
            "book_valuer_per_share_4q_avg": 18.08,
            "equity": 3010614,
            "current_ratio": 138.04,
            "debt_ratio": 69.54,
            "inventory_turnover_ratio": 0.01,
            "account_receivable_turnover_ratio": 126.48,
            "reinvestment_rate": 14.7,
            "research_to_sale_ratio": null,
            "price_fair": 194.5,
            "eps_avg_yearly": 5.56,
            "eps_latest_yearly": 0.4,
            "eps_growth_yearly": 934.1
        },
        "20144": {
            "year_quarter": 20144,
            "year": 2014,
            "quarter": 4,
            "eps": 2.24,
            "eps_growth_year": 413.83,
            "eps_4q": 2.26,
            "eps_4q_growth_year": -74.35,
            "roe": 12.05,
            "roe_4q": 12.21,
            "gross_profit": 509714,
            "gross_margin": 33.25,
            "gross_margin_4q_avg": 44.83,
            "net_income": 386539,
            "net_income_4q": null,
            "revenue": 1532962,
            "revenue_4q": null,
            "common_shares": 1729464,
            "book_valuer_per_share": 19.68,
            "book_valuer_per_share_4q_avg": 18.2,
            "equity": 3402850,
            "current_ratio": 147.79,
            "debt_ratio": 64.74,
            "inventory_turnover_ratio": 0.13,
            "account_receivable_turnover_ratio": 2596.04,
            "reinvestment_rate": 13.81,
            "research_to_sale_ratio": null,
            "price_fair": 207.31,
            "eps_avg_yearly": 5.92,
            "eps_latest_yearly": 0.4,
            "eps_growth_yearly": 913.64
        },
        "20151": {
            "year_quarter": 20151,
            "year": 2015,
            "quarter": 1,
            "eps": 0.33,
            "eps_growth_year": 230,
            "eps_4q": 2.5,
            "eps_4q_growth_year": -61.33,
            "roe": 1.68,
            "roe_4q": 13.33,
            "gross_profit": 124729,
            "gross_margin": 21.51,
            "gross_margin_4q_avg": 39.54,
            "net_income": 57521,
            "net_income_4q": null,
            "revenue": 579876,
            "revenue_4q": null,
            "common_shares": 1729464,
            "book_valuer_per_share": 20,
            "book_valuer_per_share_4q_avg": 18.51,
            "equity": 3459499,
            "current_ratio": 146.09,
            "debt_ratio": 65.64,
            "inventory_turnover_ratio": 0.06,
            "account_receivable_turnover_ratio": 2457.1,
            "reinvestment_rate": 13.62,
            "research_to_sale_ratio": null,
            "price_fair": 196.54,
            "eps_avg_yearly": 5.62,
            "eps_latest_yearly": 1.32,
            "eps_growth_yearly": 713.56
        },
        "20152": {
            "year_quarter": 20152,
            "year": 2015,
            "quarter": 2,
            "eps": -0.06,
            "eps_growth_year": null,
            "eps_4q": 2.12,
            "eps_4q_growth_year": -54.29,
            "roe": -0.29,
            "roe_4q": 13.020000000000001,
            "gross_profit": 3261,
            "gross_margin": null,
            "gross_margin_4q_avg": 25.89,
            "net_income": -9773,
            "net_income_4q": null,
            "revenue": 0,
            "revenue_4q": null,
            "common_shares": 1729464,
            "book_valuer_per_share": 19.44,
            "book_valuer_per_share_4q_avg": 19.13,
            "equity": 3361579,
            "current_ratio": 143.18,
            "debt_ratio": 67.94,
            "inventory_turnover_ratio": -0,
            "account_receivable_turnover_ratio": 0,
            "reinvestment_rate": 8.61,
            "research_to_sale_ratio": null,
            "price_fair": 212.1,
            "eps_avg_yearly": 6.06,
            "eps_latest_yearly": 1.32,
            "eps_growth_yearly": 804.6
        },
        "20153": {
            "year_quarter": 20153,
            "year": 2015,
            "quarter": 3,
            "eps": 2.8,
            "eps_growth_year": null,
            "eps_4q": 4.98,
            "eps_4q_growth_year": 1139.46,
            "roe": 15.33,
            "roe_4q": 28.770000000000003,
            "gross_profit": 748073,
            "gross_margin": 28.36,
            "gross_margin_4q_avg": 20.78,
            "net_income": 558721,
            "net_income_4q": null,
            "revenue": 2638123,
            "revenue_4q": null,
            "common_shares": 1993471,
            "book_valuer_per_share": 19.7,
            "book_valuer_per_share_4q_avg": 19.71,
            "equity": 3928110,
            "current_ratio": 156.09,
            "debt_ratio": 61.28,
            "inventory_turnover_ratio": 0.24,
            "account_receivable_turnover_ratio": 109921.79,
            "reinvestment_rate": 7.58,
            "research_to_sale_ratio": null,
            "price_fair": 89.74,
            "eps_avg_yearly": 5.97,
            "eps_latest_yearly": 1.32,
            "eps_growth_yearly": 5.02
        },
        "20154": {
            "year_quarter": 20154,
            "year": 2015,
            "quarter": 4,
            "eps": 0.53,
            "eps_growth_year": -76.31,
            "eps_4q": 3.17,
            "eps_4q_growth_year": 40.42,
            "roe": 2.93,
            "roe_4q": 19.650000000000002,
            "gross_profit": 185430,
            "gross_margin": 23.99,
            "gross_margin_4q_avg": 18.47,
            "net_income": 121453,
            "net_income_4q": null,
            "revenue": 773065,
            "revenue_4q": null,
            "common_shares": 2293471,
            "book_valuer_per_share": 19.08,
            "book_valuer_per_share_4q_avg": 19.56,
            "equity": 4375715,
            "current_ratio": 163.2,
            "debt_ratio": 58.73,
            "inventory_turnover_ratio": 0.08,
            "account_receivable_turnover_ratio": 343.28,
            "reinvestment_rate": 8.25,
            "research_to_sale_ratio": null,
            "price_fair": 15.5,
            "eps_avg_yearly": 5.17,
            "eps_latest_yearly": 2.12,
            "eps_growth_yearly": -45.24
        },
        "20161": {
            "year_quarter": 20161,
            "year": 2016,
            "quarter": 1,
            "eps": -0.07,
            "eps_growth_year": -121.21,
            "eps_4q": 2.85,
            "eps_4q_growth_year": 13.97,
            "roe": -0.37,
            "roe_4q": 17.6,
            "gross_profit": 1761,
            "gross_margin": 10.07,
            "gross_margin_4q_avg": 15.61,
            "net_income": -16182,
            "net_income_4q": null,
            "revenue": 17490,
            "revenue_4q": null,
            "common_shares": 2293471,
            "book_valuer_per_share": 19,
            "book_valuer_per_share_4q_avg": 19.31,
            "equity": 4358121,
            "current_ratio": 164.26,
            "debt_ratio": 58.3,
            "inventory_turnover_ratio": 0,
            "account_receivable_turnover_ratio": 6.38,
            "reinvestment_rate": 8.41,
            "research_to_sale_ratio": null,
            "price_fair": 16.27,
            "eps_avg_yearly": 5.42,
            "eps_latest_yearly": 2.12,
            "eps_growth_yearly": -19.22
        },
        "20162": {
            "year_quarter": 20162,
            "year": 2016,
            "quarter": 2,
            "eps": 4.59,
            "eps_growth_year": null,
            "eps_4q": 7.45,
            "eps_4q_growth_year": 250.79,
            "roe": 22.87,
            "roe_4q": 40.76,
            "gross_profit": 1346480,
            "gross_margin": 30.95,
            "gross_margin_4q_avg": 23.34,
            "net_income": 1053950,
            "net_income_4q": null,
            "revenue": 4350843,
            "revenue_4q": null,
            "common_shares": 2293471,
            "book_valuer_per_share": 21.19,
            "book_valuer_per_share_4q_avg": 19.74,
            "equity": 4858768,
            "current_ratio": 204.47,
            "debt_ratio": 46.52,
            "inventory_turnover_ratio": 0.45,
            "account_receivable_turnover_ratio": 4333.51,
            "reinvestment_rate": 6.59,
            "research_to_sale_ratio": null,
            "price_fair": 17.12,
            "eps_avg_yearly": 5.71,
            "eps_latest_yearly": 2.12,
            "eps_growth_yearly": -26.14
        },
        "20163": {
            "year_quarter": 20163,
            "year": 2016,
            "quarter": 3,
            "eps": -0.1,
            "eps_growth_year": -103.57,
            "eps_4q": 4.93,
            "eps_4q_growth_year": -0.94,
            "roe": -0.45,
            "roe_4q": 24.98,
            "gross_profit": 1832,
            "gross_margin": 1.57,
            "gross_margin_4q_avg": 16.65,
            "net_income": -21932,
            "net_income_4q": null,
            "revenue": 116640,
            "revenue_4q": null,
            "common_shares": 2304847,
            "book_valuer_per_share": 20.98,
            "book_valuer_per_share_4q_avg": 20.06,
            "equity": 4835203,
            "current_ratio": 223.67,
            "debt_ratio": 42.51,
            "inventory_turnover_ratio": 0.02,
            "account_receivable_turnover_ratio": 115.6,
            "reinvestment_rate": 6.07,
            "research_to_sale_ratio": null,
            "price_fair": 17.91,
            "eps_avg_yearly": 5.97,
            "eps_latest_yearly": 2.12,
            "eps_growth_yearly": -41.91
        },
        "20164": {
            "year_quarter": 20164,
            "year": 2016,
            "quarter": 4,
            "eps": -0.08,
            "eps_growth_year": -114.39,
            "eps_4q": 4.33,
            "eps_4q_growth_year": 36.46,
            "roe": -0.36,
            "roe_4q": 21.69,
            "gross_profit": 10600,
            "gross_margin": 11.23,
            "gross_margin_4q_avg": 13.46,
            "net_income": -17561,
            "net_income_4q": null,
            "revenue": 94402,
            "revenue_4q": null,
            "common_shares": 2304847,
            "book_valuer_per_share": 20.91,
            "book_valuer_per_share_4q_avg": 20.52,
            "equity": 4820038,
            "current_ratio": 216.18,
            "debt_ratio": 42.68,
            "inventory_turnover_ratio": 0.01,
            "account_receivable_turnover_ratio": 45.17,
            "reinvestment_rate": 6.59,
            "research_to_sale_ratio": null,
            "price_fair": 17.9,
            "eps_avg_yearly": 5.97,
            "eps_latest_yearly": 2.12,
            "eps_growth_yearly": -85.99
        },
        "20171": {
            "year_quarter": 20171,
            "year": 2017,
            "quarter": 1,
            "eps": -0.02,
            "eps_growth_year": null,
            "eps_4q": 4.39,
            "eps_4q_growth_year": 53.74,
            "roe": -0.08,
            "roe_4q": 21.98,
            "gross_profit": 33130,
            "gross_margin": 71.56,
            "gross_margin_4q_avg": 28.83,
            "net_income": -3646,
            "net_income_4q": null,
            "revenue": 46295,
            "revenue_4q": null,
            "common_shares": 2304847,
            "book_valuer_per_share": 20.88,
            "book_valuer_per_share_4q_avg": 20.99,
            "equity": 4813380,
            "current_ratio": 187.52,
            "debt_ratio": 51.08,
            "inventory_turnover_ratio": 0,
            "account_receivable_turnover_ratio": 10.46,
            "reinvestment_rate": 3.92,
            "research_to_sale_ratio": null,
            "price_fair": 15.42,
            "eps_avg_yearly": 5.14,
            "eps_latest_yearly": 2.12,
            "eps_growth_yearly": -154.99
        },
        "20172": {
            "year_quarter": 20172,
            "year": 2017,
            "quarter": 2,
            "eps": 2.82,
            "eps_growth_year": -38.56,
            "eps_4q": 2.63,
            "eps_4q_growth_year": -64.73,
            "roe": 13.38,
            "roe_4q": 12.490000000000002,
            "gross_profit": 819348,
            "gross_margin": 32.74,
            "gross_margin_4q_avg": 29.28,
            "net_income": 649035,
            "net_income_4q": null,
            "revenue": 2502972,
            "revenue_4q": null,
            "common_shares": 2304847,
            "book_valuer_per_share": 21.21,
            "book_valuer_per_share_4q_avg": 21,
            "equity": 4887981,
            "current_ratio": 192.8,
            "debt_ratio": 49.6,
            "inventory_turnover_ratio": 0.22,
            "account_receivable_turnover_ratio": 811.99,
            "reinvestment_rate": 3.3,
            "research_to_sale_ratio": null,
            "price_fair": 13.92,
            "eps_avg_yearly": 4.64,
            "eps_latest_yearly": 2.12,
            "eps_growth_yearly": -161.95
        },
        "20173": {
            "year_quarter": 20173,
            "year": 2017,
            "quarter": 3,
            "eps": 0.59,
            "eps_growth_year": null,
            "eps_4q": 3.31,
            "eps_4q_growth_year": -32.86,
            "roe": 2.74,
            "roe_4q": 15.680000000000003,
            "gross_profit": 182693,
            "gross_margin": 31.47,
            "gross_margin_4q_avg": 36.75,
            "net_income": 135761,
            "net_income_4q": null,
            "revenue": 580617,
            "revenue_4q": null,
            "common_shares": 2304847,
            "book_valuer_per_share": 21.8,
            "book_valuer_per_share_4q_avg": 21.2,
            "equity": 5023710,
            "current_ratio": 195.14,
            "debt_ratio": 48.79,
            "inventory_turnover_ratio": 0.06,
            "account_receivable_turnover_ratio": 218.32,
            "reinvestment_rate": 2.4,
            "research_to_sale_ratio": null,
            "price_fair": 4.75,
            "eps_avg_yearly": 1.58,
            "eps_latest_yearly": 2.36,
            "eps_growth_yearly": -329.93
        },
        "20174": {
            "year_quarter": 20174,
            "year": 2017,
            "quarter": 4,
            "eps": -0.14,
            "eps_growth_year": null,
            "eps_4q": 3.23,
            "eps_4q_growth_year": -25.35,
            "roe": -0.66,
            "roe_4q": 15.38,
            "gross_profit": 1853,
            "gross_margin": 12.19,
            "gross_margin_4q_avg": 36.99,
            "net_income": -33139,
            "net_income_4q": null,
            "revenue": 15198,
            "revenue_4q": null,
            "common_shares": 2304847,
            "book_valuer_per_share": 21.6,
            "book_valuer_per_share_4q_avg": 21.37,
            "equity": 5000373,
            "current_ratio": 182.92,
            "debt_ratio": 52.29,
            "inventory_turnover_ratio": 0,
            "account_receivable_turnover_ratio": 4.64,
            "reinvestment_rate": -2.75,
            "research_to_sale_ratio": null,
            "price_fair": 4.65,
            "eps_avg_yearly": 1.55,
            "eps_latest_yearly": 2.36,
            "eps_growth_yearly": -322.16
        },
        "20181": {
            "year_quarter": 20181,
            "year": 2018,
            "quarter": 1,
            "eps": 1.13,
            "eps_growth_year": null,
            "eps_4q": 4.37,
            "eps_4q_growth_year": -0.25,
            "roe": 5.1,
            "roe_4q": 20.560000000000002,
            "gross_profit": 393059,
            "gross_margin": 28.16,
            "gross_margin_4q_avg": 26.14,
            "net_income": 261935,
            "net_income_4q": null,
            "revenue": 1395863,
            "revenue_4q": null,
            "common_shares": 2316895,
            "book_valuer_per_share": 22.72,
            "book_valuer_per_share_4q_avg": 21.83,
            "equity": 5262947,
            "current_ratio": 211.49,
            "debt_ratio": 45.39,
            "inventory_turnover_ratio": 0.14,
            "account_receivable_turnover_ratio": 354.23,
            "reinvestment_rate": -5.26,
            "research_to_sale_ratio": null,
            "price_fair": 5.8,
            "eps_avg_yearly": 1.93,
            "eps_latest_yearly": 2.36,
            "eps_growth_yearly": -327.22
        },
        "20182": {
            "year_quarter": 20182,
            "year": 2018,
            "quarter": 2,
            "eps": 0.22,
            "eps_growth_year": -92.2,
            "eps_4q": 1.79,
            "eps_4q_growth_year": -31.81,
            "roe": 1,
            "roe_4q": 8.18,
            "gross_profit": 127115,
            "gross_margin": 21.71,
            "gross_margin_4q_avg": 23.38,
            "net_income": 50745,
            "net_income_4q": null,
            "revenue": 585551,
            "revenue_4q": null,
            "common_shares": 2316895,
            "book_valuer_per_share": 20.95,
            "book_valuer_per_share_4q_avg": 21.77,
            "equity": 4852936,
            "current_ratio": 189.93,
            "debt_ratio": 50.53,
            "inventory_turnover_ratio": 0.07,
            "account_receivable_turnover_ratio": 80.91,
            "reinvestment_rate": -5.41,
            "research_to_sale_ratio": null,
            "price_fair": 5.01,
            "eps_avg_yearly": 1.67,
            "eps_latest_yearly": 0.88,
            "eps_growth_yearly": -325.95
        },
        "20183": {
            "year_quarter": 20183,
            "year": 2018,
            "quarter": 3,
            "eps": 0.27,
            "eps_growth_year": -54.24,
            "eps_4q": 1.48,
            "eps_4q_growth_year": -55.46,
            "roe": 1.28,
            "roe_4q": 6.72,
            "gross_profit": 104767,
            "gross_margin": 19.35,
            "gross_margin_4q_avg": 20.35,
            "net_income": 62376,
            "net_income_4q": null,
            "revenue": 541531,
            "revenue_4q": null,
            "common_shares": 2316895,
            "book_valuer_per_share": 21.22,
            "book_valuer_per_share_4q_avg": 21.62,
            "equity": 4915455,
            "current_ratio": 194.22,
            "debt_ratio": 49.62,
            "inventory_turnover_ratio": 0.06,
            "account_receivable_turnover_ratio": 43.28,
            "reinvestment_rate": -5.52,
            "research_to_sale_ratio": null,
            "price_fair": 4.66,
            "eps_avg_yearly": 1.55,
            "eps_latest_yearly": 1.08,
            "eps_growth_yearly": -242.58
        },
        "20184": {
            "year_quarter": 20184,
            "year": 2018,
            "quarter": 4,
            "eps": -0.2,
            "eps_growth_year": null,
            "eps_4q": 1.6,
            "eps_4q_growth_year": -50.54,
            "roe": -0.87,
            "roe_4q": 6.51,
            "gross_profit": 30059,
            "gross_margin": 21.72,
            "gross_margin_4q_avg": 22.74,
            "net_income": -41551,
            "net_income_4q": null,
            "revenue": 138364,
            "revenue_4q": null,
            "common_shares": 2085205,
            "book_valuer_per_share": 22.26,
            "book_valuer_per_share_4q_avg": 21.79,
            "equity": 4642564,
            "current_ratio": 185.34,
            "debt_ratio": 51.96,
            "inventory_turnover_ratio": 0.02,
            "account_receivable_turnover_ratio": 13.74,
            "reinvestment_rate": -7.08,
            "research_to_sale_ratio": null,
            "price_fair": 4.66,
            "eps_avg_yearly": 1.55,
            "eps_latest_yearly": 1.08,
            "eps_growth_yearly": -242.58
        },
        "20191": {
            "year_quarter": 20191,
            "year": 2019,
            "quarter": 1,
            "eps": -0.17,
            "eps_growth_year": -115.04,
            "eps_4q": 0.17,
            "eps_4q_growth_year": -96.04,
            "roe": -0.76,
            "roe_4q": 0.6500000000000001,
            "gross_profit": 8128,
            "gross_margin": 18,
            "gross_margin_4q_avg": 20.2,
            "net_income": -35378,
            "net_income_4q": null,
            "revenue": 45152,
            "revenue_4q": null,
            "common_shares": 2085205,
            "book_valuer_per_share": 22.05,
            "book_valuer_per_share_4q_avg": 21.62,
            "equity": 4613601,
            "current_ratio": 181,
            "debt_ratio": 53.44,
            "inventory_turnover_ratio": 0,
            "account_receivable_turnover_ratio": 13.14,
            "reinvestment_rate": -7.22,
            "research_to_sale_ratio": null,
            "price_fair": 4.83,
            "eps_avg_yearly": 1.61,
            "eps_latest_yearly": 1.08,
            "eps_growth_yearly": -217.95
        },
        "20192": {
            "year_quarter": 20192,
            "year": 2019,
            "quarter": 2,
            "eps": -0.04,
            "eps_growth_year": -118.18,
            "eps_4q": -0.11,
            "eps_4q_growth_year": -106.2,
            "roe": -0.2,
            "roe_4q": -0.55,
            "gross_profit": 34846,
            "gross_margin": 22.72,
            "gross_margin_4q_avg": 20.45,
            "net_income": -8705,
            "net_income_4q": null,
            "revenue": 153397,
            "revenue_4q": null,
            "common_shares": 2092153,
            "book_valuer_per_share": 20.51,
            "book_valuer_per_share_4q_avg": 21.51,
            "equity": 4291728,
            "current_ratio": 167.09,
            "debt_ratio": 57.88,
            "inventory_turnover_ratio": 0.02,
            "account_receivable_turnover_ratio": 44.58,
            "reinvestment_rate": -1.98,
            "research_to_sale_ratio": null,
            "price_fair": 4.83,
            "eps_avg_yearly": 1.61,
            "eps_latest_yearly": 1.08,
            "eps_growth_yearly": -217.95
        },
        "20193": {
            "year_quarter": 20193,
            "year": 2019,
            "quarter": 3,
            "eps": 2.26,
            "eps_growth_year": 737.04,
            "eps_4q": 1.85,
            "eps_4q_growth_year": 25.37,
            "roe": 10.44,
            "roe_4q": 8.610000000000001,
            "gross_profit": 545253,
            "gross_margin": 18.61,
            "gross_margin_4q_avg": 20.26,
            "net_income": 472831,
            "net_income_4q": null,
            "revenue": 2930104,
            "revenue_4q": null,
            "common_shares": 2092153,
            "book_valuer_per_share": 22.75,
            "book_valuer_per_share_4q_avg": 21.89,
            "equity": 4761978,
            "current_ratio": 171.83,
            "debt_ratio": 56.39,
            "inventory_turnover_ratio": 0.28,
            "account_receivable_turnover_ratio": 1098.45,
            "reinvestment_rate": -1.83,
            "research_to_sale_ratio": null,
            "price_fair": 4.83,
            "eps_avg_yearly": 1.61,
            "eps_latest_yearly": 1.08,
            "eps_growth_yearly": -217.95
        },
        "20194": {
            "year_quarter": 20194,
            "year": 2019,
            "quarter": 4,
            "eps": 0.2,
            "eps_growth_year": null,
            "eps_4q": 2.25,
            "eps_4q_growth_year": 40.82,
            "roe": 0.89,
            "roe_4q": 10.370000000000001,
            "gross_profit": 149360,
            "gross_margin": 24.33,
            "gross_margin_4q_avg": 20.92,
            "net_income": 42619,
            "net_income_4q": null,
            "revenue": 613770,
            "revenue_4q": null,
            "common_shares": 2092877,
            "book_valuer_per_share": 22.96,
            "book_valuer_per_share_4q_avg": 22.07,
            "equity": 4805259,
            "current_ratio": 147.78,
            "debt_ratio": 66.17,
            "inventory_turnover_ratio": 0.04,
            "account_receivable_turnover_ratio": 437.94,
            "reinvestment_rate": -2.76,
            "research_to_sale_ratio": null,
            "price_fair": 3.84,
            "eps_avg_yearly": 1.28,
            "eps_latest_yearly": 0.8,
            "eps_growth_yearly": -228.03
        },
        "20201": {
            "year_quarter": 20201,
            "year": 2020,
            "quarter": 1,
            "eps": 1.2,
            "eps_growth_year": null,
            "eps_4q": 3.62,
            "eps_4q_growth_year": 1989.4,
            "roe": 5.07,
            "roe_4q": 16.2,
            "gross_profit": 378790,
            "gross_margin": 24.41,
            "gross_margin_4q_avg": 22.52,
            "net_income": 250139,
            "net_income_4q": null,
            "revenue": 1551838,
            "revenue_4q": null,
            "common_shares": 2092877,
            "book_valuer_per_share": 24.16,
            "book_valuer_per_share_4q_avg": 22.6,
            "equity": 5056053,
            "current_ratio": 150.63,
            "debt_ratio": 65,
            "inventory_turnover_ratio": 0.1,
            "account_receivable_turnover_ratio": 784.75,
            "reinvestment_rate": -2.36,
            "research_to_sale_ratio": null,
            "price_fair": 69.44,
            "eps_avg_yearly": 1.98,
            "eps_latest_yearly": 4.8,
            "eps_growth_yearly": 217.57
        },
        "20202": {
            "year_quarter": 20202,
            "year": 2020,
            "quarter": 2,
            "eps": -0.04,
            "eps_growth_year": null,
            "eps_4q": 3.62,
            "eps_4q_growth_year": null,
            "roe": -0.18,
            "roe_4q": 16.22,
            "gross_profit": 12938,
            "gross_margin": 23.06,
            "gross_margin_4q_avg": 22.6,
            "net_income": -8393,
            "net_income_4q": null,
            "revenue": 56098,
            "revenue_4q": null,
            "common_shares": 2092877,
            "book_valuer_per_share": 21.12,
            "book_valuer_per_share_4q_avg": 22.75,
            "equity": 4420452,
            "current_ratio": 136.92,
            "debt_ratio": 70.88,
            "inventory_turnover_ratio": 0,
            "account_receivable_turnover_ratio": 23.91,
            "reinvestment_rate": -4.1,
            "research_to_sale_ratio": null,
            "price_fair": 69.44,
            "eps_avg_yearly": 1.98,
            "eps_latest_yearly": 4.8,
            "eps_growth_yearly": 217.57
        },
        "20203": {
            "year_quarter": 20203,
            "year": 2020,
            "quarter": 3,
            "eps": -0.13,
            "eps_growth_year": -105.75,
            "eps_4q": 1.23,
            "eps_4q_growth_year": -33.58,
            "roe": -0.62,
            "roe_4q": 5.16,
            "gross_profit": 24762,
            "gross_margin": 74.64,
            "gross_margin_4q_avg": 36.61,
            "net_income": -27153,
            "net_income_4q": null,
            "revenue": 33177,
            "revenue_4q": null,
            "common_shares": 2092877,
            "book_valuer_per_share": 20.99,
            "book_valuer_per_share_4q_avg": 22.31,
            "equity": 4393961,
            "current_ratio": 150.55,
            "debt_ratio": 76.18,
            "inventory_turnover_ratio": 0,
            "account_receivable_turnover_ratio": 27.21,
            "reinvestment_rate": -2.74,
            "research_to_sale_ratio": null,
            "price_fair": 69.44,
            "eps_avg_yearly": 1.98,
            "eps_latest_yearly": 4.8,
            "eps_growth_yearly": 217.57
        },
        "20204": {
            "year_quarter": 20204,
            "year": 2020,
            "quarter": 4,
            "eps": 3.85,
            "eps_growth_year": 1791.1,
            "eps_4q": 4.87,
            "eps_4q_growth_year": 116.28,
            "roe": 16.86,
            "roe_4q": 21.13,
            "gross_profit": 1110239,
            "gross_margin": 36.48,
            "gross_margin_4q_avg": 39.65,
            "net_income": 809994,
            "net_income_4q": null,
            "revenue": 3043530,
            "revenue_4q": null,
            "common_shares": 2092877,
            "book_valuer_per_share": 24.83,
            "book_valuer_per_share_4q_avg": 22.78,
            "equity": 5215019,
            "current_ratio": 165.7,
            "debt_ratio": 70.58,
            "inventory_turnover_ratio": 0.14,
            "account_receivable_turnover_ratio": 3906.97,
            "reinvestment_rate": -2.97,
            "research_to_sale_ratio": null,
            "price_fair": 69.44,
            "eps_avg_yearly": 1.98,
            "eps_latest_yearly": 4.8,
            "eps_growth_yearly": 217.57
        },
        "20211": {
            "year_quarter": 20211,
            "year": 2021,
            "quarter": 1,
            "eps": 3.62,
            "eps_growth_year": 201.67,
            "eps_4q": 7.29,
            "eps_4q_growth_year": 101.63,
            "roe": 13.62,
            "roe_4q": 29.679999999999996,
            "gross_profit": 1047652,
            "gross_margin": 29.36,
            "gross_margin_4q_avg": 40.89,
            "net_income": 762628,
            "net_income_4q": null,
            "revenue": 3568026,
            "revenue_4q": null,
            "common_shares": 2107907,
            "book_valuer_per_share": 28.41,
            "book_valuer_per_share_4q_avg": 23.84,
            "equity": 5987726,
            "current_ratio": 177.91,
            "debt_ratio": 66.51,
            "inventory_turnover_ratio": 0.2,
            "account_receivable_turnover_ratio": 2720.57,
            "reinvestment_rate": -2.12,
            "research_to_sale_ratio": null,
            "price_fair": 142.33,
            "eps_avg_yearly": 4.07,
            "eps_latest_yearly": 14.48,
            "eps_growth_yearly": 177.33
        },
        "20212": {
            "year_quarter": 20212,
            "year": 2021,
            "quarter": 2,
            "eps": -0.19,
            "eps_growth_year": null,
            "eps_4q": 7.14,
            "eps_4q_growth_year": 97.32,
            "roe": -0.68,
            "roe_4q": 29.179999999999996,
            "gross_profit": 2309,
            "gross_margin": 9.17,
            "gross_margin_4q_avg": 37.41,
            "net_income": -40673,
            "net_income_4q": null,
            "revenue": 25183,
            "revenue_4q": null,
            "common_shares": 2107907,
            "book_valuer_per_share": 28.21,
            "book_valuer_per_share_4q_avg": 25.61,
            "equity": 5947236,
            "current_ratio": 175.12,
            "debt_ratio": 67.24,
            "inventory_turnover_ratio": 0,
            "account_receivable_turnover_ratio": 9.24,
            "reinvestment_rate": -2.68,
            "research_to_sale_ratio": null,
            "price_fair": 142.33,
            "eps_avg_yearly": 4.07,
            "eps_latest_yearly": 14.48,
            "eps_growth_yearly": 177.33
        },
        "20213": {
            "year_quarter": 20213,
            "year": 2021,
            "quarter": 3,
            "eps": -0.18,
            "eps_growth_year": null,
            "eps_4q": 7.08,
            "eps_4q_growth_year": 476.39,
            "roe": -0.71,
            "roe_4q": 29.089999999999996,
            "gross_profit": 2112,
            "gross_margin": 9.32,
            "gross_margin_4q_avg": 21.08,
            "net_income": -38745,
            "net_income_4q": null,
            "revenue": 22669,
            "revenue_4q": null,
            "common_shares": 2107907,
            "book_valuer_per_share": 23.63,
            "book_valuer_per_share_4q_avg": 26.27,
            "equity": 4981197,
            "current_ratio": 162.65,
            "debt_ratio": 71.53,
            "inventory_turnover_ratio": 0,
            "account_receivable_turnover_ratio": 12.49,
            "reinvestment_rate": 0.09,
            "research_to_sale_ratio": null,
            "price_fair": 154.28,
            "eps_avg_yearly": 4.41,
            "eps_latest_yearly": 14.48,
            "eps_growth_yearly": 276.06
        },
        "20214": {
            "year_quarter": 20214,
            "year": 2021,
            "quarter": 4,
            "eps": -0.23,
            "eps_growth_year": -105.88,
            "eps_4q": 3.01,
            "eps_4q_growth_year": -38.23,
            "roe": -0.96,
            "roe_4q": 11.27,
            "gross_profit": 3773,
            "gross_margin": 11.99,
            "gross_margin_4q_avg": 14.96,
            "net_income": -47842,
            "net_income_4q": null,
            "revenue": 31458,
            "revenue_4q": null,
            "common_shares": 2107907,
            "book_valuer_per_share": 23.39,
            "book_valuer_per_share_4q_avg": 25.91,
            "equity": 4937108,
            "current_ratio": 149.17,
            "debt_ratio": 75.61,
            "inventory_turnover_ratio": 0,
            "account_receivable_turnover_ratio": 22.21,
            "reinvestment_rate": 0.16,
            "research_to_sale_ratio": null,
            "price_fair": 154.28,
            "eps_avg_yearly": 4.41,
            "eps_latest_yearly": 14.48,
            "eps_growth_yearly": 276.06
        },
        "20221": {
            "year_quarter": 20221,
            "year": 2022,
            "quarter": 1,
            "eps": -0.24,
            "eps_growth_year": -106.63,
            "eps_4q": -0.84,
            "eps_4q_growth_year": -111.52,
            "roe": -1.03,
            "roe_4q": -3.3800000000000003,
            "gross_profit": 3029,
            "gross_margin": 15.43,
            "gross_margin_4q_avg": 11.48,
            "net_income": -50591,
            "net_income_4q": null,
            "revenue": 19630,
            "revenue_4q": null,
            "common_shares": 2117167,
            "book_valuer_per_share": 23.12,
            "book_valuer_per_share_4q_avg": 24.59,
            "equity": 4894222,
            "current_ratio": 141.97,
            "debt_ratio": 78.02,
            "inventory_turnover_ratio": 0,
            "account_receivable_turnover_ratio": 12.26,
            "reinvestment_rate": 4.12,
            "research_to_sale_ratio": null,
            "price_fair": 154.28,
            "eps_avg_yearly": 4.41,
            "eps_latest_yearly": 14.48,
            "eps_growth_yearly": 276.06
        },
        "20222": {
            "year_quarter": 20222,
            "year": 2022,
            "quarter": 2,
            "eps": 1.58,
            "eps_growth_year": null,
            "eps_4q": 0.93,
            "eps_4q_growth_year": -86.92,
            "roe": 6.82,
            "roe_4q": 4.12,
            "gross_profit": 444054,
            "gross_margin": 21.32,
            "gross_margin_4q_avg": 14.52,
            "net_income": 334878,
            "net_income_4q": null,
            "revenue": 2082480,
            "revenue_4q": null,
            "common_shares": 2117167,
            "book_valuer_per_share": 23.29,
            "book_valuer_per_share_4q_avg": 23.36,
            "equity": 4929939,
            "current_ratio": 143.5,
            "debt_ratio": 77.48,
            "inventory_turnover_ratio": 0.1,
            "account_receivable_turnover_ratio": 4311.55,
            "reinvestment_rate": 3.08,
            "research_to_sale_ratio": null,
            "price_fair": 185.15,
            "eps_avg_yearly": 5.29,
            "eps_latest_yearly": 14.48,
            "eps_growth_yearly": 425.6
        },
        "20223": {
            "year_quarter": 20223,
            "year": 2022,
            "quarter": 3,
            "eps": 4.82,
            "eps_growth_year": null,
            "eps_4q": 5.62,
            "eps_4q_growth_year": -20.63,
            "roe": 19.26,
            "roe_4q": 24.09,
            "gross_profit": 1486474,
            "gross_margin": 38.77,
            "gross_margin_4q_avg": 21.88,
            "net_income": 1128333,
            "net_income_4q": null,
            "revenue": 3834455,
            "revenue_4q": null,
            "common_shares": 2427167,
            "book_valuer_per_share": 27.96,
            "book_valuer_per_share_4q_avg": 24.44,
            "equity": 6787134,
            "current_ratio": 173.45,
            "debt_ratio": 66.56,
            "inventory_turnover_ratio": 0.15,
            "account_receivable_turnover_ratio": 11034.4,
            "reinvestment_rate": 1.89,
            "research_to_sale_ratio": null,
            "price_fair": 344.4,
            "eps_avg_yearly": 9.84,
            "eps_latest_yearly": 19.28,
            "eps_growth_yearly": 607.94
        },
        "20224": {
            "year_quarter": 20224,
            "year": 2022,
            "quarter": 4,
            "eps": 3.28,
            "eps_growth_year": null,
            "eps_4q": 9.1,
            "eps_4q_growth_year": 202.4,
            "roe": 11.08,
            "roe_4q": 36.13,
            "gross_profit": 1066074,
            "gross_margin": 38.61,
            "gross_margin_4q_avg": 28.53,
            "net_income": 796280,
            "net_income_4q": null,
            "revenue": 2760940,
            "revenue_4q": null,
            "common_shares": 2427487,
            "book_valuer_per_share": 31.24,
            "book_valuer_per_share_4q_avg": 26.4,
            "equity": 7583413,
            "current_ratio": 182.5,
            "debt_ratio": 63.59,
            "inventory_turnover_ratio": 0.12,
            "account_receivable_turnover_ratio": 25214.06,
            "reinvestment_rate": 1.39,
            "research_to_sale_ratio": null,
            "price_fair": 367.36,
            "eps_avg_yearly": 10.5,
            "eps_latest_yearly": 13.12,
            "eps_growth_yearly": 460.79
        },
        "20231": {
            "year_quarter": 20231,
            "year": 2023,
            "quarter": 1,
            "eps": 0.06,
            "eps_growth_year": null,
            "eps_4q": 9.37,
            "eps_4q_growth_year": null,
            "roe": 0.2,
            "roe_4q": 37.36,
            "gross_profit": 44649,
            "gross_margin": 37.37,
            "gross_margin_4q_avg": 34.02,
            "net_income": 13918,
            "net_income_4q": null,
            "revenue": 119486,
            "revenue_4q": null,
            "common_shares": 2427487,
            "book_valuer_per_share": 27.2,
            "book_valuer_per_share_4q_avg": 27.42,
            "equity": 6602061,
            "current_ratio": 166.94,
            "debt_ratio": 68.4,
            "inventory_turnover_ratio": 0.01,
            "account_receivable_turnover_ratio": 496.82,
            "reinvestment_rate": 1.46,
            "research_to_sale_ratio": null,
            "price_fair": 307.53,
            "eps_avg_yearly": 8.79,
            "eps_latest_yearly": 0.24,
            "eps_growth_yearly": 318.55
        },
        "20232": {
            "year_quarter": 20232,
            "year": 2023,
            "quarter": 2,
            "eps": 0.78,
            "eps_growth_year": -50.63,
            "eps_4q": 6.22,
            "eps_4q_growth_year": 565.78,
            "roe": 2.83,
            "roe_4q": 33.370000000000005,
            "gross_profit": 308259,
            "gross_margin": 44.46,
            "gross_margin_4q_avg": 39.8,
            "net_income": 189417,
            "net_income_4q": null,
            "revenue": 693413,
            "revenue_4q": null,
            "common_shares": 2427487,
            "book_valuer_per_share": 27.98,
            "book_valuer_per_share_4q_avg": 28.6,
            "equity": 6791478,
            "current_ratio": 169.19,
            "debt_ratio": 67.19,
            "inventory_turnover_ratio": 0.03,
            "account_receivable_turnover_ratio": 2485.35,
            "reinvestment_rate": 1.56,
            "research_to_sale_ratio": null,
            "price_fair": 279.2,
            "eps_avg_yearly": 7.98,
            "eps_latest_yearly": 3.12,
            "eps_growth_yearly": 958.75
        },
        "20233": {
            "year_quarter": 20233,
            "year": 2023,
            "quarter": 3,
            "eps": 0.44,
            "eps_growth_year": -90.87,
            "eps_4q": 3.36,
            "eps_4q_growth_year": -40.16,
            "roe": 2.21,
            "roe_4q": 16.32,
            "gross_profit": 256674,
            "gross_margin": 37.76,
            "gross_margin_4q_avg": 39.55,
            "net_income": 151807,
            "net_income_4q": null,
            "revenue": 679689,
            "revenue_4q": null,
            "common_shares": 3422757,
            "book_valuer_per_share": 20.29,
            "book_valuer_per_share_4q_avg": 26.68,
            "equity": 6943318,
            "current_ratio": 164.6,
            "debt_ratio": 68.09,
            "inventory_turnover_ratio": 0.03,
            "account_receivable_turnover_ratio": 3664.09,
            "reinvestment_rate": 4.49,
            "research_to_sale_ratio": null,
            "price_fair": 252,
            "eps_avg_yearly": 7.2,
            "eps_latest_yearly": 1.76,
            "eps_growth_yearly": 817.11
        },
        "20234": {
            "year_quarter": 20234,
            "year": 2023,
            "quarter": 4,
            "eps": -0.14,
            "eps_growth_year": -104.3,
            "eps_4q": 0.9,
            "eps_4q_growth_year": -90.15,
            "roe": -0.7,
            "roe_4q": 4.54,
            "gross_profit": 31695,
            "gross_margin": 106.89,
            "gross_margin_4q_avg": 56.62,
            "net_income": -48268,
            "net_income_4q": null,
            "revenue": 29651,
            "revenue_4q": null,
            "common_shares": 3422757,
            "book_valuer_per_share": 20.15,
            "book_valuer_per_share_4q_avg": 23.91,
            "equity": 6895150,
            "current_ratio": 161.07,
            "debt_ratio": 69.16,
            "inventory_turnover_ratio": -0,
            "account_receivable_turnover_ratio": 144.29,
            "reinvestment_rate": 4.73,
            "research_to_sale_ratio": null,
            "price_fair": 284,
            "eps_avg_yearly": 8.11,
            "eps_latest_yearly": 1.76,
            "eps_growth_yearly": 985.93
        }
    },
    "months": {
        "2003-03": {
            "month": "2003-03",
            "price": "17.03",
            "revenue": 31130
        },
        "2003-04": {
            "month": "2003-04",
            "price": "16.25",
            "revenue": 38091
        },
        "2003-05": {
            "month": "2003-05",
            "price": "15.01",
            "revenue": 46321
        },
        "2003-06": {
            "month": "2003-06",
            "price": "18.26",
            "revenue": 62251
        },
        "2003-07": {
            "month": "2003-07",
            "price": "23.06",
            "revenue": 50108
        },
        "2003-08": {
            "month": "2003-08",
            "price": "18.69",
            "revenue": 65055
        },
        "2003-09": {
            "month": "2003-09",
            "price": "17.89",
            "revenue": 48313
        },
        "2003-10": {
            "month": "2003-10",
            "price": "16.12",
            "revenue": 37583
        },
        "2003-11": {
            "month": "2003-11",
            "price": "14.66",
            "revenue": 35059
        },
        "2003-12": {
            "month": "2003-12",
            "price": "16.20",
            "revenue": 39115
        },
        "2004-01": {
            "month": "2004-01",
            "price": "17.46",
            "revenue": 24179
        },
        "2004-02": {
            "month": "2004-02",
            "price": "17.15",
            "revenue": 27933
        },
        "2004-03": {
            "month": "2004-03",
            "price": "16.21",
            "revenue": 25032
        },
        "2004-04": {
            "month": "2004-04",
            "price": "15.59",
            "revenue": 31053
        },
        "2004-05": {
            "month": "2004-05",
            "price": "13.22",
            "revenue": 31373
        },
        "2004-06": {
            "month": "2004-06",
            "price": "12.75",
            "revenue": 42138
        },
        "2004-07": {
            "month": "2004-07",
            "price": "11.20",
            "revenue": 66287
        },
        "2004-08": {
            "month": "2004-08",
            "price": "9.63",
            "revenue": 71215
        },
        "2004-09": {
            "month": "2004-09",
            "price": "9.50",
            "revenue": 63224
        },
        "2004-10": {
            "month": "2004-10",
            "price": "9.10",
            "revenue": 49800
        },
        "2004-11": {
            "month": "2004-11",
            "price": "9.72",
            "revenue": 40930
        },
        "2004-12": {
            "month": "2004-12",
            "price": "9.66",
            "revenue": 49635
        },
        "2005-01": {
            "month": "2005-01",
            "price": "8.97",
            "revenue": 13165
        },
        "2005-02": {
            "month": "2005-02",
            "price": "8.28",
            "revenue": 13404
        },
        "2005-03": {
            "month": "2005-03",
            "price": "8.45",
            "revenue": 19349
        },
        "2005-04": {
            "month": "2005-04",
            "price": "7.71",
            "revenue": 27597
        },
        "2005-05": {
            "month": "2005-05",
            "price": "7.36",
            "revenue": 29026
        },
        "2005-06": {
            "month": "2005-06",
            "price": "7.91",
            "revenue": 38108
        },
        "2005-07": {
            "month": "2005-07",
            "price": "8.86",
            "revenue": 49764
        },
        "2005-08": {
            "month": "2005-08",
            "price": "7.76",
            "revenue": 57338
        },
        "2005-09": {
            "month": "2005-09",
            "price": "6.53",
            "revenue": 28851
        },
        "2005-10": {
            "month": "2005-10",
            "price": "5.81",
            "revenue": 23042
        },
        "2005-11": {
            "month": "2005-11",
            "price": "5.28",
            "revenue": 17907
        },
        "2005-12": {
            "month": "2005-12",
            "price": "5.65",
            "revenue": 18510
        },
        "2006-01": {
            "month": "2006-01",
            "price": "6.31",
            "revenue": 16140
        },
        "2006-02": {
            "month": "2006-02",
            "price": "5.98",
            "revenue": 13857
        },
        "2006-03": {
            "month": "2006-03",
            "price": "6.34",
            "revenue": 20469
        },
        "2006-04": {
            "month": "2006-04",
            "price": "6.71",
            "revenue": 17844
        },
        "2006-05": {
            "month": "2006-05",
            "price": "6.02",
            "revenue": 28239
        },
        "2006-06": {
            "month": "2006-06",
            "price": "5.06",
            "revenue": 24130
        },
        "2006-07": {
            "month": "2006-07",
            "price": "4.65",
            "revenue": 26206
        },
        "2006-08": {
            "month": "2006-08",
            "price": "4.09",
            "revenue": 29916
        },
        "2006-09": {
            "month": "2006-09",
            "price": "3.26",
            "revenue": 31661
        },
        "2006-10": {
            "month": "2006-10",
            "price": "3.47",
            "revenue": 16367
        },
        "2006-11": {
            "month": "2006-11",
            "price": "3.33",
            "revenue": 12286
        },
        "2006-12": {
            "month": "2006-12",
            "price": "4.28",
            "revenue": 14262
        },
        "2007-01": {
            "month": "2007-01",
            "price": "4.63",
            "revenue": 11158
        },
        "2007-02": {
            "month": "2007-02",
            "price": "4.64",
            "revenue": 13720
        },
        "2007-03": {
            "month": "2007-03",
            "price": "5.15",
            "revenue": 20652
        },
        "2007-04": {
            "month": "2007-04",
            "price": "13.75",
            "revenue": 16845
        },
        "2007-05": {
            "month": "2007-05",
            "price": "12.95",
            "revenue": 18389
        },
        "2007-06": {
            "month": "2007-06",
            "price": "13.60",
            "revenue": 18456
        },
        "2007-07": {
            "month": "2007-07",
            "price": "13.21",
            "revenue": 21060
        },
        "2007-08": {
            "month": "2007-08",
            "price": "13.05",
            "revenue": 20755
        },
        "2007-09": {
            "month": "2007-09",
            "price": "12.89",
            "revenue": 14240
        },
        "2007-10": {
            "month": "2007-10",
            "price": "12.12",
            "revenue": 14249
        },
        "2007-11": {
            "month": "2007-11",
            "price": "11.92",
            "revenue": 10913
        },
        "2007-12": {
            "month": "2007-12",
            "price": "10.64",
            "revenue": 11401
        },
        "2008-01": {
            "month": "2008-01",
            "price": "9.88",
            "revenue": 11490
        },
        "2008-02": {
            "month": "2008-02",
            "price": "8.34",
            "revenue": 10529
        },
        "2008-03": {
            "month": "2008-03",
            "price": "10.69",
            "revenue": 17298
        },
        "2008-04": {
            "month": "2008-04",
            "price": "10.91",
            "revenue": 11928
        },
        "2008-05": {
            "month": "2008-05",
            "price": "9.87",
            "revenue": 14082
        },
        "2008-06": {
            "month": "2008-06",
            "price": "8.48",
            "revenue": 16892
        },
        "2008-07": {
            "month": "2008-07",
            "price": "8.12",
            "revenue": 12727
        },
        "2008-08": {
            "month": "2008-08",
            "price": "8.93",
            "revenue": 11673
        },
        "2008-09": {
            "month": "2008-09",
            "price": "9.14",
            "revenue": 9875
        },
        "2008-10": {
            "month": "2008-10",
            "price": "6.99",
            "revenue": 6004
        },
        "2008-11": {
            "month": "2008-11",
            "price": "4.02",
            "revenue": 8607
        },
        "2008-12": {
            "month": "2008-12",
            "price": "3.61",
            "revenue": 13625
        },
        "2009-01": {
            "month": "2009-01",
            "price": "3.08",
            "revenue": 8380
        },
        "2009-02": {
            "month": "2009-02",
            "price": "5.06",
            "revenue": 7539
        },
        "2009-03": {
            "month": "2009-03",
            "price": "10.12",
            "revenue": 9050
        },
        "2009-04": {
            "month": "2009-04",
            "price": "9.94",
            "revenue": 6355
        },
        "2009-05": {
            "month": "2009-05",
            "price": "11.08",
            "revenue": 5545
        },
        "2009-06": {
            "month": "2009-06",
            "price": "11.47",
            "revenue": 6012
        },
        "2009-07": {
            "month": "2009-07",
            "price": "11.43",
            "revenue": 6992
        },
        "2009-08": {
            "month": "2009-08",
            "price": "13.19",
            "revenue": 8742
        },
        "2009-09": {
            "month": "2009-09",
            "price": "14.28",
            "revenue": 318451
        },
        "2009-10": {
            "month": "2009-10",
            "price": "18.62",
            "revenue": 78000
        },
        "2009-11": {
            "month": "2009-11",
            "price": "18.43",
            "revenue": 52314
        },
        "2009-12": {
            "month": "2009-12",
            "price": "25.28",
            "revenue": 16300
        },
        "2010-01": {
            "month": "2010-01",
            "price": "25.65",
            "revenue": 90899
        },
        "2010-02": {
            "month": "2010-02",
            "price": "24.20",
            "revenue": 5136
        },
        "2010-03": {
            "month": "2010-03",
            "price": "23.94",
            "revenue": 6249
        },
        "2010-04": {
            "month": "2010-04",
            "price": "23.68",
            "revenue": 5375
        },
        "2010-05": {
            "month": "2010-05",
            "price": "23.33",
            "revenue": 5886
        },
        "2010-06": {
            "month": "2010-06",
            "price": "21.52",
            "revenue": 4855
        },
        "2010-07": {
            "month": "2010-07",
            "price": "19.97",
            "revenue": 5986
        },
        "2010-08": {
            "month": "2010-08",
            "price": "19.96",
            "revenue": 6267
        },
        "2010-09": {
            "month": "2010-09",
            "price": "19.05",
            "revenue": 226114
        },
        "2010-10": {
            "month": "2010-10",
            "price": "19.75",
            "revenue": 262235
        },
        "2010-11": {
            "month": "2010-11",
            "price": "19.90",
            "revenue": 79320
        },
        "2010-12": {
            "month": "2010-12",
            "price": "21.12",
            "revenue": 143617
        },
        "2011-01": {
            "month": "2011-01",
            "price": "22.34",
            "revenue": 5338
        },
        "2011-02": {
            "month": "2011-02",
            "price": "24.55",
            "revenue": 406130
        },
        "2011-03": {
            "month": "2011-03",
            "price": "23.52",
            "revenue": 127975
        },
        "2011-04": {
            "month": "2011-04",
            "price": "22.89",
            "revenue": 7063
        },
        "2011-05": {
            "month": "2011-05",
            "price": "23.98",
            "revenue": 9523
        },
        "2011-06": {
            "month": "2011-06",
            "price": "27.17",
            "revenue": 0
        },
        "2011-07": {
            "month": "2011-07",
            "price": "26.35",
            "revenue": 0
        },
        "2011-08": {
            "month": "2011-08",
            "price": "24.38",
            "revenue": 329585
        },
        "2011-09": {
            "month": "2011-09",
            "price": "23.00",
            "revenue": 70734
        },
        "2011-10": {
            "month": "2011-10",
            "price": "20.59",
            "revenue": 562685
        },
        "2011-11": {
            "month": "2011-11",
            "price": "21.73",
            "revenue": 73586
        },
        "2011-12": {
            "month": "2011-12",
            "price": "19.45",
            "revenue": 109957
        },
        "2012-01": {
            "month": "2012-01",
            "price": "19.79",
            "revenue": 44602
        },
        "2012-02": {
            "month": "2012-02",
            "price": "25.16",
            "revenue": 95713
        },
        "2012-03": {
            "month": "2012-03",
            "price": "31.22",
            "revenue": 91901
        },
        "2012-04": {
            "month": "2012-04",
            "price": "27.61",
            "revenue": 155339
        },
        "2012-05": {
            "month": "2012-05",
            "price": "27.95",
            "revenue": 102083
        },
        "2012-06": {
            "month": "2012-06",
            "price": "26.40",
            "revenue": 91708
        },
        "2012-07": {
            "month": "2012-07",
            "price": "26.75",
            "revenue": 107257
        },
        "2012-08": {
            "month": "2012-08",
            "price": "26.63",
            "revenue": 161731
        },
        "2012-09": {
            "month": "2012-09",
            "price": "25.69",
            "revenue": 103907
        },
        "2012-10": {
            "month": "2012-10",
            "price": "24.10",
            "revenue": 147520
        },
        "2012-11": {
            "month": "2012-11",
            "price": "22.35",
            "revenue": 119479
        },
        "2012-12": {
            "month": "2012-12",
            "price": "22.60",
            "revenue": 547929
        },
        "2013-01": {
            "month": "2013-01",
            "price": "25.08",
            "revenue": 51151
        },
        "2013-02": {
            "month": "2013-02",
            "price": "26.20",
            "revenue": 0
        },
        "2013-03": {
            "month": "2013-03",
            "price": "26.00",
            "revenue": 966453
        },
        "2013-04": {
            "month": "2013-04",
            "price": "27.20",
            "revenue": 342150
        },
        "2013-05": {
            "month": "2013-05",
            "price": "30.28",
            "revenue": 264971
        },
        "2013-06": {
            "month": "2013-06",
            "price": "29.73",
            "revenue": 76227
        },
        "2013-07": {
            "month": "2013-07",
            "price": "30.11",
            "revenue": 1359730
        },
        "2013-08": {
            "month": "2013-08",
            "price": "32.64",
            "revenue": 618201
        },
        "2013-09": {
            "month": "2013-09",
            "price": "33.09",
            "revenue": 175472
        },
        "2013-10": {
            "month": "2013-10",
            "price": "33.48",
            "revenue": 6265
        },
        "2013-11": {
            "month": "2013-11",
            "price": "35.70",
            "revenue": 0
        },
        "2013-12": {
            "month": "2013-12",
            "price": "33.71",
            "revenue": 18575
        },
        "2014-01": {
            "month": "2014-01",
            "price": "31.22",
            "revenue": 88845
        },
        "2014-02": {
            "month": "2014-02",
            "price": "31.69",
            "revenue": 0
        },
        "2014-03": {
            "month": "2014-03",
            "price": "29.04",
            "revenue": 69535
        },
        "2014-04": {
            "month": "2014-04",
            "price": "28.24",
            "revenue": 21057
        },
        "2014-05": {
            "month": "2014-05",
            "price": "27.16",
            "revenue": 25343
        },
        "2014-06": {
            "month": "2014-06",
            "price": "25.23",
            "revenue": 0
        },
        "2014-07": {
            "month": "2014-07",
            "price": "20.99",
            "revenue": 88981
        },
        "2014-08": {
            "month": "2014-08",
            "price": "19.50",
            "revenue": 0
        },
        "2014-09": {
            "month": "2014-09",
            "price": "18.82",
            "revenue": 0
        },
        "2014-10": {
            "month": "2014-10",
            "price": "18.18",
            "revenue": 892613
        },
        "2014-11": {
            "month": "2014-11",
            "price": "18.83",
            "revenue": 486161
        },
        "2014-12": {
            "month": "2014-12",
            "price": "19.42",
            "revenue": 154188
        },
        "2015-01": {
            "month": "2015-01",
            "price": "18.51",
            "revenue": 416142
        },
        "2015-02": {
            "month": "2015-02",
            "price": "18.73",
            "revenue": 142159
        },
        "2015-03": {
            "month": "2015-03",
            "price": "20.00",
            "revenue": 21575
        },
        "2015-04": {
            "month": "2015-04",
            "price": "21.11",
            "revenue": 0
        },
        "2015-05": {
            "month": "2015-05",
            "price": "20.35",
            "revenue": 0
        },
        "2015-06": {
            "month": "2015-06",
            "price": "18.49",
            "revenue": 0
        },
        "2015-07": {
            "month": "2015-07",
            "price": "16.80",
            "revenue": 18733
        },
        "2015-08": {
            "month": "2015-08",
            "price": "15.45",
            "revenue": 2101033
        },
        "2015-09": {
            "month": "2015-09",
            "price": "14.42",
            "revenue": 518357
        },
        "2015-10": {
            "month": "2015-10",
            "price": "12.92",
            "revenue": 531008
        },
        "2015-11": {
            "month": "2015-11",
            "price": "13.18",
            "revenue": 196246
        },
        "2015-12": {
            "month": "2015-12",
            "price": "11.91",
            "revenue": 45811
        },
        "2016-01": {
            "month": "2016-01",
            "price": "11.88",
            "revenue": 1500
        },
        "2016-02": {
            "month": "2016-02",
            "price": "12.14",
            "revenue": 0
        },
        "2016-03": {
            "month": "2016-03",
            "price": "14.78",
            "revenue": 15990
        },
        "2016-04": {
            "month": "2016-04",
            "price": "16.23",
            "revenue": 3340453
        },
        "2016-05": {
            "month": "2016-05",
            "price": "15.55",
            "revenue": 996566
        },
        "2016-06": {
            "month": "2016-06",
            "price": "16.54",
            "revenue": 13824
        },
        "2016-07": {
            "month": "2016-07",
            "price": "15.14",
            "revenue": 7790
        },
        "2016-08": {
            "month": "2016-08",
            "price": "17.76",
            "revenue": 53151
        },
        "2016-09": {
            "month": "2016-09",
            "price": "20.29",
            "revenue": 55699
        },
        "2016-10": {
            "month": "2016-10",
            "price": "19.03",
            "revenue": 77842
        },
        "2016-11": {
            "month": "2016-11",
            "price": "17.74",
            "revenue": 16117
        },
        "2016-12": {
            "month": "2016-12",
            "price": "18.14",
            "revenue": 443
        },
        "2017-01": {
            "month": "2017-01",
            "price": "17.64",
            "revenue": 15162
        },
        "2017-02": {
            "month": "2017-02",
            "price": "19.01",
            "revenue": 685
        },
        "2017-03": {
            "month": "2017-03",
            "price": "20.91",
            "revenue": 30448
        },
        "2017-04": {
            "month": "2017-04",
            "price": "20.49",
            "revenue": 534746
        },
        "2017-05": {
            "month": "2017-05",
            "price": "20.03",
            "revenue": 860894
        },
        "2017-06": {
            "month": "2017-06",
            "price": "20.52",
            "revenue": 1107332
        },
        "2017-07": {
            "month": "2017-07",
            "price": "17.99",
            "revenue": 350740
        },
        "2017-08": {
            "month": "2017-08",
            "price": "18.18",
            "revenue": 165113
        },
        "2017-09": {
            "month": "2017-09",
            "price": "18.35",
            "revenue": 64764
        },
        "2017-10": {
            "month": "2017-10",
            "price": "18.04",
            "revenue": 1179
        },
        "2017-11": {
            "month": "2017-11",
            "price": "18.66",
            "revenue": 11053
        },
        "2017-12": {
            "month": "2017-12",
            "price": "18.55",
            "revenue": 2966
        },
        "2018-01": {
            "month": "2018-01",
            "price": "19.82",
            "revenue": 448200
        },
        "2018-02": {
            "month": "2018-02",
            "price": "19.91",
            "revenue": 416419
        },
        "2018-03": {
            "month": "2018-03",
            "price": "21.84",
            "revenue": 531244
        },
        "2018-04": {
            "month": "2018-04",
            "price": "21.28",
            "revenue": 105041
        },
        "2018-05": {
            "month": "2018-05",
            "price": "21.66",
            "revenue": 239767
        },
        "2018-06": {
            "month": "2018-06",
            "price": "23.88",
            "revenue": 240743
        },
        "2018-07": {
            "month": "2018-07",
            "price": "21.05",
            "revenue": 373968
        },
        "2018-08": {
            "month": "2018-08",
            "price": "19.07",
            "revenue": 134088
        },
        "2018-09": {
            "month": "2018-09",
            "price": "18.39",
            "revenue": 33475
        },
        "2018-10": {
            "month": "2018-10",
            "price": "16.97",
            "revenue": 43507
        },
        "2018-11": {
            "month": "2018-11",
            "price": "16.36",
            "revenue": 41888
        },
        "2018-12": {
            "month": "2018-12",
            "price": "16.28",
            "revenue": 52969
        },
        "2019-01": {
            "month": "2019-01",
            "price": "17.69",
            "revenue": 5025
        },
        "2019-02": {
            "month": "2019-02",
            "price": "19.16",
            "revenue": 19689
        },
        "2019-03": {
            "month": "2019-03",
            "price": "19.44",
            "revenue": 20438
        },
        "2019-04": {
            "month": "2019-04",
            "price": "18.91",
            "revenue": 21973
        },
        "2019-05": {
            "month": "2019-05",
            "price": "19.94",
            "revenue": 48249
        },
        "2019-06": {
            "month": "2019-06",
            "price": "21.07",
            "revenue": 83175
        },
        "2019-07": {
            "month": "2019-07",
            "price": "22.50",
            "revenue": 1084171
        },
        "2019-08": {
            "month": "2019-08",
            "price": "24.25",
            "revenue": 1569714
        },
        "2019-09": {
            "month": "2019-09",
            "price": "23.79",
            "revenue": 276219
        },
        "2019-10": {
            "month": "2019-10",
            "price": "24.87",
            "revenue": 35609
        },
        "2019-11": {
            "month": "2019-11",
            "price": "27.42",
            "revenue": 3710
        },
        "2019-12": {
            "month": "2019-12",
            "price": "31.09",
            "revenue": 574451
        },
        "2020-01": {
            "month": "2020-01",
            "price": "31.65",
            "revenue": 401588
        },
        "2020-02": {
            "month": "2020-02",
            "price": "31.46",
            "revenue": 852702
        },
        "2020-03": {
            "month": "2020-03",
            "price": "26.43",
            "revenue": 297548
        },
        "2020-04": {
            "month": "2020-04",
            "price": "30.48",
            "revenue": 38972
        },
        "2020-05": {
            "month": "2020-05",
            "price": "32.36",
            "revenue": 14401
        },
        "2020-06": {
            "month": "2020-06",
            "price": "34.95",
            "revenue": 2725
        },
        "2020-07": {
            "month": "2020-07",
            "price": "35.41",
            "revenue": 28564
        },
        "2020-08": {
            "month": "2020-08",
            "price": "36.12",
            "revenue": 1780
        },
        "2020-09": {
            "month": "2020-09",
            "price": "37.50",
            "revenue": 2833
        },
        "2020-10": {
            "month": "2020-10",
            "price": "39.09",
            "revenue": 3947
        },
        "2020-11": {
            "month": "2020-11",
            "price": "39.25",
            "revenue": 1486520
        },
        "2020-12": {
            "month": "2020-12",
            "price": "38.93",
            "revenue": 1553063
        },
        "2021-01": {
            "month": "2021-01",
            "price": "38.79",
            "revenue": 3362681
        },
        "2021-02": {
            "month": "2021-02",
            "price": "39.00",
            "revenue": 155567
        },
        "2021-03": {
            "month": "2021-03",
            "price": "40.72",
            "revenue": 49778
        },
        "2021-04": {
            "month": "2021-04",
            "price": "39.36",
            "revenue": 7981
        },
        "2021-05": {
            "month": "2021-05",
            "price": "38.90",
            "revenue": 9613
        },
        "2021-06": {
            "month": "2021-06",
            "price": "39.05",
            "revenue": 7589
        },
        "2021-07": {
            "month": "2021-07",
            "price": "40.12",
            "revenue": 8208
        },
        "2021-08": {
            "month": "2021-08",
            "price": "42.19",
            "revenue": 6641
        },
        "2021-09": {
            "month": "2021-09",
            "price": "38.67",
            "revenue": 7820
        },
        "2021-10": {
            "month": "2021-10",
            "price": "38.66",
            "revenue": 10816
        },
        "2021-11": {
            "month": "2021-11",
            "price": "39.81",
            "revenue": 10978
        },
        "2021-12": {
            "month": "2021-12",
            "price": "41.04",
            "revenue": 9664
        },
        "2022-01": {
            "month": "2022-01",
            "price": "39.72",
            "revenue": 11019
        },
        "2022-02": {
            "month": "2022-02",
            "price": "39.42",
            "revenue": 4282
        },
        "2022-03": {
            "month": "2022-03",
            "price": "37.30",
            "revenue": 4329
        },
        "2022-04": {
            "month": "2022-04",
            "price": "34.19",
            "revenue": 3054
        },
        "2022-05": {
            "month": "2022-05",
            "price": "34.59",
            "revenue": 3603
        },
        "2022-06": {
            "month": "2022-06",
            "price": "32.91",
            "revenue": 2075823
        },
        "2022-07": {
            "month": "2022-07",
            "price": "27.10",
            "revenue": 111586
        },
        "2022-08": {
            "month": "2022-08",
            "price": "30.86",
            "revenue": 703890
        },
        "2022-09": {
            "month": "2022-09",
            "price": "32.62",
            "revenue": 3018979
        },
        "2022-10": {
            "month": "2022-10",
            "price": "30.08",
            "revenue": 2509554
        },
        "2022-11": {
            "month": "2022-11",
            "price": "31.62",
            "revenue": 142915
        },
        "2022-12": {
            "month": "2022-12",
            "price": "30.94",
            "revenue": 108471
        },
        "2023-01": {
            "month": "2023-01",
            "price": "31.13",
            "revenue": 18927
        },
        "2023-02": {
            "month": "2023-02",
            "price": "32.03",
            "revenue": 92933
        },
        "2023-03": {
            "month": "2023-03",
            "price": "39.39",
            "revenue": 7626
        },
        "2023-04": {
            "month": "2023-04",
            "price": "48.63",
            "revenue": 32498
        },
        "2023-05": {
            "month": "2023-05",
            "price": "48.70",
            "revenue": 3657
        },
        "2023-06": {
            "month": "2023-06",
            "price": "47.36",
            "revenue": 657258
        },
        "2023-07": {
            "month": "2023-07",
            "price": "46.72",
            "revenue": 261906
        },
        "2023-08": {
            "month": "2023-08",
            "price": "41.28",
            "revenue": 388864
        },
        "2023-09": {
            "month": "2023-09",
            "price": "29.43",
            "revenue": 28919
        },
        "2023-10": {
            "month": "2023-10",
            "price": "27.40",
            "revenue": 9716
        },
        "2023-11": {
            "month": "2023-11",
            "price": "27.58",
            "revenue": 7995
        },
        "2023-12": {
            "month": "2023-12",
            "price": "29.28",
            "revenue": 11940
        },
        "2024-01": {
            "month": "2024-01",
            "price": "28.40",
            "revenue": 10461
        },
        "2024-02": {
            "month": "2024-02",
            "price": "28.74",
            "revenue": 8278
        }
    }
}
