{
    "summary": {
        "stock_name": "喬鼎",
        "stock_id": "3057",
        "category": "電腦及週邊設備",
        "main_business": "研究開發生產製造銷售電腦儲存設備高效能控制卡及系統,電腦高效<br>能網路及圖型系統,多媒體軟硬體套件及系統,電腦電話整合技術相關<br>產品,暨前項產品之管理顧問諮詢技術移轉等業務,及相關之貿易業務",
        "website_url": "https://www.promise.com/tw",
        "ceo": "李志恩",
        "pe_ratio": -16,
        "report_year_from": 2001,
        "report_year_to": 2023,
        "age": 23,
        "eps_negative_percentage": 35,
        "eps_growth_avg": {
            "last_all": -20.07,
            "last_2y": -100,
            "last_4y": -100,
            "last_8y": -93.75,
            "last_12y": -44.06,
            "last_16y": -17.14,
            "last_20y": -28.65,
            "at_2006_last_3y": -57.42,
            "at_2007_last_3y": -25.3,
            "at_2008_last_3y": 15.9,
            "at_2009_last_3y": 35.65,
            "at_2010_last_3y": 23.24,
            "at_2011_last_3y": -26.76,
            "at_2012_last_3y": -69.01,
            "at_2013_last_3y": -32.1,
            "at_2014_last_3y": 5.63,
            "at_2015_last_3y": 11.88,
            "at_2016_last_3y": -16.09,
            "at_2017_last_3y": -54.79,
            "at_2018_last_3y": -90.63,
            "at_2019_last_3y": -100,
            "at_2020_last_3y": null,
            "at_2021_last_3y": null,
            "at_2022_last_3y": null,
            "at_2023_last_3y": -100,
            "at_2024_last_3y": -100,
            "at_2006_last_all": -25.93,
            "at_2007_last_all": -4.94,
            "at_2008_last_all": 10.05,
            "at_2009_last_all": 7.45,
            "at_2010_last_all": -4.08,
            "at_2011_last_all": -13.67,
            "at_2012_last_all": -13.67,
            "at_2013_last_all": -3.34,
            "at_2014_last_all": -1.65,
            "at_2015_last_all": -7.77,
            "at_2016_last_all": -14.36,
            "at_2017_last_all": -14.36,
            "at_2018_last_all": -14.36,
            "at_2019_last_all": -14.36,
            "at_2020_last_all": -14.36,
            "at_2021_last_all": -14.36,
            "at_2022_last_all": -14.36,
            "at_2023_last_all": -20.07,
            "at_2024_last_all": -20.07
        },
        "latest_eps": -0.85,
        "latest_price": 13.2,
        "latest_roe": -9.49,
        "latest_gross_margin": 35.97,
        "latest_equity": 842587,
        "latest_revenue": 148836,
        "latest_gross_profit": 53529,
        "latest_net_income": -12115,
        "latest_debt_ratio": 35.49,
        "latest_current_ratio": 257.8,
        "latest_account_receivable_turnover_ratio": 1.94,
        "latest_inventory_turnover_ratio": 0.22,
        "latest_reinvestment_rate": null,
        "latest_research_to_sale_ratio": 19.54
    },
    "eps_dividends": {
        "2000": {
            "cash": 0,
            "stock": 3.7,
            "eps": 0
        },
        "2001": {
            "cash": 0,
            "stock": 4.4,
            "eps": 2.61
        },
        "2002": {
            "cash": 0.5,
            "stock": 2.5,
            "eps": 5.8
        },
        "2003": {
            "cash": 1.75,
            "stock": 2,
            "eps": 4.15
        },
        "2004": {
            "cash": 1.91,
            "stock": 1.27,
            "eps": 1.46
        },
        "2005": {
            "cash": 0.1,
            "stock": 1.1,
            "eps": 0.15
        },
        "2006": {
            "cash": 0,
            "stock": 0.08,
            "eps": 0.08
        },
        "2007": {
            "cash": 0.08,
            "stock": 0,
            "eps": 0.44
        },
        "2008": {
            "cash": 0,
            "stock": 0.13,
            "eps": 1.21
        },
        "2009": {
            "cash": 0.58,
            "stock": 0.55,
            "eps": 1.08
        },
        "2010": {
            "cash": 0.77,
            "stock": 0.26,
            "eps": 0.04
        },
        "2011": {
            "cash": 0,
            "stock": 0,
            "eps": -1.25
        },
        "2012": {
            "cash": 0,
            "stock": 0,
            "eps": 0.68
        },
        "2013": {
            "cash": 0.39,
            "stock": 0,
            "eps": 2.19
        },
        "2014": {
            "cash": 1.6,
            "stock": 0,
            "eps": 2.56
        },
        "2015": {
            "cash": 2,
            "stock": 0,
            "eps": 0.48
        },
        "2016": {
            "cash": 0.3,
            "stock": 0,
            "eps": -2.03
        },
        "2017": {
            "cash": 0,
            "stock": 0,
            "eps": -3.73
        },
        "2018": {
            "cash": 0,
            "stock": 0,
            "eps": -0.39
        },
        "2019": {
            "cash": 0,
            "stock": 0,
            "eps": -2.02
        },
        "2020": {
            "cash": 0,
            "stock": 0,
            "eps": -0.7
        },
        "2021": {
            "cash": 0,
            "stock": 0,
            "eps": 0
        },
        "2022": {
            "cash": 0,
            "stock": 0,
            "eps": 0.04
        },
        "2023": {
            "cash": 0,
            "stock": 0,
            "eps": -0.64
        }
    },
    "dividends": {
        "2000-05-17": {
            "cash": 0,
            "stock": 3.7
        },
        "2001-06-27": {
            "cash": 0,
            "stock": 4.4
        },
        "2002-05-13": {
            "cash": 0.5,
            "stock": 2.5
        },
        "2003-03-21": {
            "cash": 1.75,
            "stock": 2
        },
        "2004-03-16": {
            "cash": 1.91,
            "stock": 1.27
        },
        "2005-03-25": {
            "cash": 0.1,
            "stock": 1.1
        },
        "2006-04-10": {
            "cash": 0,
            "stock": 0.08
        },
        "2007-03-28": {
            "cash": 0.08,
            "stock": 0
        },
        "2008-03-20": {
            "cash": 0,
            "stock": 0.13
        },
        "2009-03-19": {
            "cash": 0.58,
            "stock": 0.55
        },
        "2010-03-30": {
            "cash": 0.77,
            "stock": 0.26
        },
        "2013-04-29": {
            "cash": 0.39,
            "stock": 0
        },
        "2014-08-25": {
            "cash": 1.6,
            "stock": 0
        },
        "2015-08-20": {
            "cash": 2,
            "stock": 0
        },
        "2016-10-05": {
            "cash": 0.3,
            "stock": 0
        }
    },
    "prices": {
        "200101": "無",
        "200102": "無",
        "200103": "無",
        "200104": "無",
        "200105": "無",
        "200106": "無",
        "200107": "無",
        "200108": "無",
        "200109": "無",
        "200110": "無",
        "200111": "無",
        "200112": "無",
        "200201": "無",
        "200202": "無",
        "200203": "無",
        "200204": "無",
        "200205": "無",
        "200206": "無",
        "200207": "無",
        "200208": "無",
        "200209": "無",
        "200210": "無",
        "200211": "無",
        "200212": "66.00",
        "200301": "65.79",
        "200302": "58.66",
        "200303": "54.10",
        "200304": "59.98",
        "200305": "67.10",
        "200306": "68.32",
        "200307": "68.09",
        "200308": "71.02",
        "200309": "60.00",
        "200310": "45.00",
        "200311": "43.61",
        "200312": "46.53",
        "200401": "47.96",
        "200402": "49.44",
        "200403": "43.72",
        "200404": "40.30",
        "200405": "29.01",
        "200406": "26.34",
        "200407": "23.55",
        "200408": "23.06",
        "200409": "20.11",
        "200410": "18.58",
        "200411": "19.89",
        "200412": "20.80",
        "200501": "16.89",
        "200502": "18.37",
        "200503": "25.68",
        "200504": "26.00",
        "200505": "19.97",
        "200506": "23.39",
        "200507": "21.30",
        "200508": "19.03",
        "200509": "16.22",
        "200510": "15.31",
        "200511": "14.00",
        "200512": "14.46",
        "200601": "13.84",
        "200602": "12.44",
        "200603": "11.80",
        "200604": "12.53",
        "200605": "13.21",
        "200606": "11.95",
        "200607": "11.91",
        "200608": "12.59",
        "200609": "13.45",
        "200610": "22.24",
        "200611": "23.83",
        "200612": "25.08",
        "200701": "33.42",
        "200702": "39.06",
        "200703": "38.08",
        "200704": "35.72",
        "200705": "34.52",
        "200706": "38.44",
        "200707": "33.65",
        "200708": "24.27",
        "200709": "22.96",
        "200710": "23.63",
        "200711": "18.14",
        "200712": "17.87",
        "200801": "17.10",
        "200802": "15.81",
        "200803": "20.12",
        "200804": "25.17",
        "200805": "29.48",
        "200806": "24.65",
        "200807": "21.00",
        "200808": "23.72",
        "200809": "19.36",
        "200810": "14.23",
        "200811": "11.95",
        "200812": "11.02",
        "200901": "12.71",
        "200902": "13.40",
        "200903": "15.51",
        "200904": "16.10",
        "200905": "15.72",
        "200906": "15.37",
        "200907": "17.27",
        "200908": "16.71",
        "200909": "15.86",
        "200910": "21.42",
        "200911": "26.10",
        "200912": "26.32",
        "201001": "26.32",
        "201002": "24.04",
        "201003": "26.30",
        "201004": "25.77",
        "201005": "21.83",
        "201006": "21.47",
        "201007": "22.08",
        "201008": "22.26",
        "201009": "22.84",
        "201010": "22.79",
        "201011": "23.28",
        "201012": "26.98",
        "201101": "29.76",
        "201102": "28.50",
        "201103": "28.13",
        "201104": "25.88",
        "201105": "22.51",
        "201106": "25.39",
        "201107": "25.67",
        "201108": "17.44",
        "201109": "14.21",
        "201110": "17.22",
        "201111": "16.72",
        "201112": "14.65",
        "201201": "15.80",
        "201202": "20.16",
        "201203": "19.63",
        "201204": "16.34",
        "201205": "17.05",
        "201206": "17.00",
        "201207": "15.77",
        "201208": "15.39",
        "201209": "15.38",
        "201210": "13.62",
        "201211": "12.03",
        "201212": "12.68",
        "201301": "12.75",
        "201302": "13.92",
        "201303": "14.94",
        "201304": "15.90",
        "201305": "18.20",
        "201306": "17.90",
        "201307": "19.79",
        "201308": "24.37",
        "201309": "25.76",
        "201310": "30.67",
        "201311": "32.13",
        "201312": "35.42",
        "201401": "43.45",
        "201402": "48.89",
        "201403": "49.75",
        "201404": "44.05",
        "201405": "39.80",
        "201406": "43.98",
        "201407": "43.12",
        "201408": "42.67",
        "201409": "41.80",
        "201410": "36.23",
        "201411": "34.07",
        "201412": "36.39",
        "201501": "37.52",
        "201502": "34.58",
        "201503": "34.38",
        "201504": "34.76",
        "201505": "28.19",
        "201506": "24.78",
        "201507": "20.48",
        "201508": "14.89",
        "201509": "15.56",
        "201510": "18.64",
        "201511": "17.47",
        "201512": "17.60",
        "201601": "19.74",
        "201602": "20.42",
        "201603": "18.68",
        "201604": "16.15",
        "201605": "14.75",
        "201606": "15.13",
        "201607": "16.37",
        "201608": "16.34",
        "201609": "16.47",
        "201610": "15.04",
        "201611": "13.62",
        "201612": "14.26",
        "201701": "15.25",
        "201702": "14.97",
        "201703": "14.50",
        "201704": "13.78",
        "201705": "13.25",
        "201706": "13.50",
        "201707": "13.25",
        "201708": "12.79",
        "201709": "12.90",
        "201710": "12.14",
        "201711": "12.13",
        "201712": "10.98",
        "201801": "10.75",
        "201802": "10.01",
        "201803": "10.16",
        "201804": "9.61",
        "201805": "8.41",
        "201806": "8.87",
        "201807": "8.55",
        "201808": "10.01",
        "201809": "10.28",
        "201810": "8.64",
        "201811": "8.16",
        "201812": "8.21",
        "201901": "8.00",
        "201902": "8.13",
        "201903": "8.23",
        "201904": "8.23",
        "201905": "7.07",
        "201906": "7.79",
        "201907": "7.90",
        "201908": "7.21",
        "201909": "7.14",
        "201910": "7.00",
        "201911": "6.48",
        "201912": "7.20",
        "202001": "7.28",
        "202002": "6.35",
        "202003": "4.91",
        "202004": "4.53",
        "202005": "4.76",
        "202006": "4.86",
        "202007": "5.17",
        "202008": "5.95",
        "202009": "8.22",
        "202010": "11.61",
        "202011": "10.49",
        "202012": "11.12",
        "202101": "10.82",
        "202102": "10.22",
        "202103": "10.38",
        "202104": "13.17",
        "202105": "15.62",
        "202106": "15.16",
        "202107": "14.15",
        "202108": "12.68",
        "202109": "12.39",
        "202110": "13.44",
        "202111": "13.92",
        "202112": "14.45",
        "202201": "14.08",
        "202202": "13.72",
        "202203": "12.97",
        "202204": "12.78",
        "202205": "12.51",
        "202206": "12.79",
        "202207": "11.94",
        "202208": "12.53",
        "202209": "11.92",
        "202210": "10.31",
        "202211": "10.13",
        "202212": "10.09",
        "202301": "10.02",
        "202302": "11.22",
        "202303": "11.37",
        "202304": "11.73",
        "202305": "11.77",
        "202306": "12.06",
        "202307": "13.53",
        "202308": "12.52",
        "202309": "11.94",
        "202310": "11.36",
        "202311": "11.70",
        "202312": "12.67"
    },
    "quarters": {
        "20011": {
            "year_quarter": 20011,
            "year": 2001,
            "quarter": 1,
            "eps": 1.94,
            "eps_growth_year": null,
            "eps_4q": null,
            "eps_4q_growth_year": null,
            "roe": 10.34,
            "roe_4q": 10.34,
            "gross_profit": 150899,
            "gross_margin": 50.43,
            "gross_margin_4q_avg": 50.43,
            "net_income": 82993,
            "net_income_4q": null,
            "revenue": 299241,
            "revenue_4q": null,
            "common_shares": 427500,
            "book_valuer_per_share": 19.73,
            "book_valuer_per_share_4q_avg": 19.73,
            "equity": 843245,
            "current_ratio": 276.8,
            "debt_ratio": 19.56,
            "inventory_turnover_ratio": 1.89,
            "account_receivable_turnover_ratio": null,
            "reinvestment_rate": null,
            "research_to_sale_ratio": null,
            "price_fair": 0,
            "eps_avg_yearly": 0,
            "eps_latest_yearly": 0,
            "eps_growth_yearly": 0
        },
        "20012": {
            "year_quarter": 20012,
            "year": 2001,
            "quarter": 2,
            "eps": 0.67,
            "eps_growth_year": null,
            "eps_4q": null,
            "eps_4q_growth_year": null,
            "roe": 4.96,
            "roe_4q": 15.3,
            "gross_profit": 99047,
            "gross_margin": 53.16,
            "gross_margin_4q_avg": 51.8,
            "net_income": 42918,
            "net_income_4q": null,
            "revenue": 186326,
            "revenue_4q": null,
            "common_shares": 427500,
            "book_valuer_per_share": 20.75,
            "book_valuer_per_share_4q_avg": 20.24,
            "equity": 887041,
            "current_ratio": 341.34,
            "debt_ratio": 15.25,
            "inventory_turnover_ratio": 1.04,
            "account_receivable_turnover_ratio": null,
            "reinvestment_rate": null,
            "research_to_sale_ratio": null,
            "price_fair": 0,
            "eps_avg_yearly": 0,
            "eps_latest_yearly": 0,
            "eps_growth_yearly": 0
        },
        "20013": {
            "year_quarter": 20013,
            "year": 2001,
            "quarter": 3,
            "eps": null,
            "eps_growth_year": null,
            "eps_4q": null,
            "eps_4q_growth_year": null,
            "roe": null,
            "roe_4q": 15.3,
            "gross_profit": null,
            "gross_margin": null,
            "gross_margin_4q_avg": 34.53,
            "net_income": null,
            "net_income_4q": null,
            "revenue": null,
            "revenue_4q": null,
            "common_shares": null,
            "book_valuer_per_share": null,
            "book_valuer_per_share_4q_avg": 13.49,
            "equity": null,
            "current_ratio": null,
            "debt_ratio": null,
            "inventory_turnover_ratio": null,
            "account_receivable_turnover_ratio": null,
            "reinvestment_rate": null,
            "research_to_sale_ratio": null,
            "price_fair": 0,
            "eps_avg_yearly": 0,
            "eps_latest_yearly": 0,
            "eps_growth_yearly": 0
        },
        "20014": {
            "year_quarter": 20014,
            "year": 2001,
            "quarter": 4,
            "eps": null,
            "eps_growth_year": null,
            "eps_4q": null,
            "eps_4q_growth_year": null,
            "roe": null,
            "roe_4q": 15.3,
            "gross_profit": null,
            "gross_margin": null,
            "gross_margin_4q_avg": 25.9,
            "net_income": null,
            "net_income_4q": null,
            "revenue": null,
            "revenue_4q": null,
            "common_shares": 644700,
            "book_valuer_per_share": 16.83,
            "book_valuer_per_share_4q_avg": 14.33,
            "equity": 1085660,
            "current_ratio": 419.64,
            "debt_ratio": 16.58,
            "inventory_turnover_ratio": null,
            "account_receivable_turnover_ratio": null,
            "reinvestment_rate": null,
            "research_to_sale_ratio": null,
            "price_fair": 0,
            "eps_avg_yearly": 0,
            "eps_latest_yearly": 0,
            "eps_growth_yearly": 0
        },
        "20021": {
            "year_quarter": 20021,
            "year": 2002,
            "quarter": 1,
            "eps": 1.77,
            "eps_growth_year": -8.76,
            "eps_4q": null,
            "eps_4q_growth_year": null,
            "roe": 9.97,
            "roe_4q": 14.93,
            "gross_profit": 151294,
            "gross_margin": 53.73,
            "gross_margin_4q_avg": 26.72,
            "net_income": 113935,
            "net_income_4q": null,
            "revenue": 281589,
            "revenue_4q": null,
            "common_shares": 644700,
            "book_valuer_per_share": 18.6,
            "book_valuer_per_share_4q_avg": 14.05,
            "equity": 1199079,
            "current_ratio": 473.91,
            "debt_ratio": 12.85,
            "inventory_turnover_ratio": 0.88,
            "account_receivable_turnover_ratio": null,
            "reinvestment_rate": null,
            "research_to_sale_ratio": null,
            "price_fair": 0,
            "eps_avg_yearly": 0,
            "eps_latest_yearly": 0,
            "eps_growth_yearly": 0
        },
        "20022": {
            "year_quarter": 20022,
            "year": 2002,
            "quarter": 2,
            "eps": 0.9,
            "eps_growth_year": 34.33,
            "eps_4q": null,
            "eps_4q_growth_year": null,
            "roe": 4.84,
            "roe_4q": 14.81,
            "gross_profit": 140593,
            "gross_margin": 50.73,
            "gross_margin_4q_avg": 26.12,
            "net_income": 58176,
            "net_income_4q": null,
            "revenue": 277166,
            "revenue_4q": null,
            "common_shares": 644700,
            "book_valuer_per_share": 18.7,
            "book_valuer_per_share_4q_avg": 13.53,
            "equity": 1205331,
            "current_ratio": 260.26,
            "debt_ratio": 23.53,
            "inventory_turnover_ratio": 1.01,
            "account_receivable_turnover_ratio": null,
            "reinvestment_rate": null,
            "research_to_sale_ratio": null,
            "price_fair": 10.8,
            "eps_avg_yearly": 3.6,
            "eps_latest_yearly": 3.6,
            "eps_growth_yearly": -196.61
        },
        "20023": {
            "year_quarter": 20023,
            "year": 2002,
            "quarter": 3,
            "eps": 1.75,
            "eps_growth_year": null,
            "eps_4q": null,
            "eps_4q_growth_year": null,
            "roe": 11.5,
            "roe_4q": 26.310000000000002,
            "gross_profit": 179251,
            "gross_margin": 51.04,
            "gross_margin_4q_avg": 38.88,
            "net_income": 147568,
            "net_income_4q": null,
            "revenue": 351228,
            "revenue_4q": null,
            "common_shares": 644700,
            "book_valuer_per_share": 21.1,
            "book_valuer_per_share_4q_avg": 18.81,
            "equity": 1360003,
            "current_ratio": 416.21,
            "debt_ratio": 15.8,
            "inventory_turnover_ratio": 1.08,
            "account_receivable_turnover_ratio": null,
            "reinvestment_rate": null,
            "research_to_sale_ratio": null,
            "price_fair": 185.5,
            "eps_avg_yearly": 5.3,
            "eps_latest_yearly": 7,
            "eps_growth_yearly": 90.58
        },
        "20024": {
            "year_quarter": 20024,
            "year": 2002,
            "quarter": 4,
            "eps": 1.38,
            "eps_growth_year": null,
            "eps_4q": 5.17,
            "eps_4q_growth_year": null,
            "roe": 8.19,
            "roe_4q": 34.5,
            "gross_profit": 200411,
            "gross_margin": 49.67,
            "gross_margin_4q_avg": 51.29,
            "net_income": 116283,
            "net_income_4q": null,
            "revenue": 403484,
            "revenue_4q": null,
            "common_shares": 840875,
            "book_valuer_per_share": 17.58,
            "book_valuer_per_share_4q_avg": 19,
            "equity": 1479553,
            "current_ratio": 631.28,
            "debt_ratio": 12.35,
            "inventory_turnover_ratio": 1.13,
            "account_receivable_turnover_ratio": null,
            "reinvestment_rate": null,
            "research_to_sale_ratio": null,
            "price_fair": 188.07,
            "eps_avg_yearly": 5.37,
            "eps_latest_yearly": 5.52,
            "eps_growth_yearly": 32.2
        },
        "20031": {
            "year_quarter": 20031,
            "year": 2003,
            "quarter": 1,
            "eps": 1.74,
            "eps_growth_year": -1.69,
            "eps_4q": 5.58,
            "eps_4q_growth_year": null,
            "roe": 9.39,
            "roe_4q": 33.92,
            "gross_profit": 201915,
            "gross_margin": 53.57,
            "gross_margin_4q_avg": 51.25,
            "net_income": 145900,
            "net_income_4q": null,
            "revenue": 376896,
            "revenue_4q": null,
            "common_shares": 840875,
            "book_valuer_per_share": 19.34,
            "book_valuer_per_share_4q_avg": 19.18,
            "equity": 1626574,
            "current_ratio": 441.51,
            "debt_ratio": 16.04,
            "inventory_turnover_ratio": 0.96,
            "account_receivable_turnover_ratio": null,
            "reinvestment_rate": null,
            "research_to_sale_ratio": null,
            "price_fair": 201.95,
            "eps_avg_yearly": 5.77,
            "eps_latest_yearly": 6.96,
            "eps_growth_yearly": 50.24
        },
        "20032": {
            "year_quarter": 20032,
            "year": 2003,
            "quarter": 2,
            "eps": 0.77,
            "eps_growth_year": -14.44,
            "eps_4q": 5.62,
            "eps_4q_growth_year": null,
            "roe": 4.15,
            "roe_4q": 33.230000000000004,
            "gross_profit": 192790,
            "gross_margin": 52.73,
            "gross_margin_4q_avg": 51.75,
            "net_income": 65115,
            "net_income_4q": null,
            "revenue": 365629,
            "revenue_4q": null,
            "common_shares": 840875,
            "book_valuer_per_share": 17.94,
            "book_valuer_per_share_4q_avg": 18.99,
            "equity": 1508636,
            "current_ratio": 279.22,
            "debt_ratio": 25.83,
            "inventory_turnover_ratio": 0.97,
            "account_receivable_turnover_ratio": null,
            "reinvestment_rate": null,
            "research_to_sale_ratio": null,
            "price_fair": 15.7,
            "eps_avg_yearly": 5.23,
            "eps_latest_yearly": 3.08,
            "eps_growth_yearly": -4.41
        },
        "20033": {
            "year_quarter": 20033,
            "year": 2003,
            "quarter": 3,
            "eps": 0.85,
            "eps_growth_year": -51.43,
            "eps_4q": 3.99,
            "eps_4q_growth_year": null,
            "roe": 5.71,
            "roe_4q": 27.439999999999998,
            "gross_profit": 137305,
            "gross_margin": 44.83,
            "gross_margin_4q_avg": 50.2,
            "net_income": 88469,
            "net_income_4q": null,
            "revenue": 306285,
            "revenue_4q": null,
            "common_shares": 1040430,
            "book_valuer_per_share": 15.29,
            "book_valuer_per_share_4q_avg": 17.54,
            "equity": 1591204,
            "current_ratio": 460.21,
            "debt_ratio": 15.33,
            "inventory_turnover_ratio": 0.98,
            "account_receivable_turnover_ratio": null,
            "reinvestment_rate": null,
            "research_to_sale_ratio": null,
            "price_fair": 65.29,
            "eps_avg_yearly": 4.93,
            "eps_latest_yearly": 3.4,
            "eps_growth_yearly": 3.25
        },
        "20034": {
            "year_quarter": 20034,
            "year": 2003,
            "quarter": 4,
            "eps": 0.79,
            "eps_growth_year": -42.75,
            "eps_4q": 3.68,
            "eps_4q_growth_year": -28.8,
            "roe": 5.06,
            "roe_4q": 24.310000000000002,
            "gross_profit": 137666,
            "gross_margin": 54,
            "gross_margin_4q_avg": 51.28,
            "net_income": 81759,
            "net_income_4q": null,
            "revenue": 254935,
            "revenue_4q": null,
            "common_shares": 1040430,
            "book_valuer_per_share": 15.73,
            "book_valuer_per_share_4q_avg": 17.08,
            "equity": 1638251,
            "current_ratio": 447.27,
            "debt_ratio": 17.87,
            "inventory_turnover_ratio": 0.56,
            "account_receivable_turnover_ratio": null,
            "reinvestment_rate": null,
            "research_to_sale_ratio": null,
            "price_fair": 14.02,
            "eps_avg_yearly": 4.67,
            "eps_latest_yearly": 3.16,
            "eps_growth_yearly": -1.25
        },
        "20041": {
            "year_quarter": 20041,
            "year": 2004,
            "quarter": 1,
            "eps": 0.38,
            "eps_growth_year": -78.16,
            "eps_4q": 2.68,
            "eps_4q_growth_year": -51.93,
            "roe": 2.35,
            "roe_4q": 17.270000000000003,
            "gross_profit": 133166,
            "gross_margin": 44.09,
            "gross_margin_4q_avg": 48.91,
            "net_income": 38839,
            "net_income_4q": null,
            "revenue": 302022,
            "revenue_4q": null,
            "common_shares": 1040430,
            "book_valuer_per_share": 15.96,
            "book_valuer_per_share_4q_avg": 16.23,
            "equity": 1660499,
            "current_ratio": 434.92,
            "debt_ratio": 15.34,
            "inventory_turnover_ratio": 0.67,
            "account_receivable_turnover_ratio": null,
            "reinvestment_rate": null,
            "research_to_sale_ratio": null,
            "price_fair": 12.84,
            "eps_avg_yearly": 4.28,
            "eps_latest_yearly": 1.52,
            "eps_growth_yearly": -27.04
        },
        "20042": {
            "year_quarter": 20042,
            "year": 2004,
            "quarter": 2,
            "eps": 0.47,
            "eps_growth_year": -38.96,
            "eps_4q": 2.51,
            "eps_4q_growth_year": -55.23,
            "roe": 3.23,
            "roe_4q": 16.35,
            "gross_profit": 149030,
            "gross_margin": 45.69,
            "gross_margin_4q_avg": 47.15,
            "net_income": 48072,
            "net_income_4q": null,
            "revenue": 326179,
            "revenue_4q": null,
            "common_shares": 1040430,
            "book_valuer_per_share": 12.64,
            "book_valuer_per_share_4q_avg": 14.91,
            "equity": 1315034,
            "current_ratio": 219.13,
            "debt_ratio": 26.12,
            "inventory_turnover_ratio": 0.81,
            "account_receivable_turnover_ratio": null,
            "reinvestment_rate": null,
            "research_to_sale_ratio": null,
            "price_fair": 12.04,
            "eps_avg_yearly": 4.01,
            "eps_latest_yearly": 1.88,
            "eps_growth_yearly": -13.51
        },
        "20043": {
            "year_quarter": 20043,
            "year": 2004,
            "quarter": 3,
            "eps": 0.18,
            "eps_growth_year": -78.82,
            "eps_4q": 1.69,
            "eps_4q_growth_year": -57.67,
            "roe": 1.51,
            "roe_4q": 12.149999999999999,
            "gross_profit": 139574,
            "gross_margin": 43.37,
            "gross_margin_4q_avg": 46.79,
            "net_income": 20094,
            "net_income_4q": null,
            "revenue": 321818,
            "revenue_4q": null,
            "common_shares": 1187022,
            "book_valuer_per_share": 11.3,
            "book_valuer_per_share_4q_avg": 13.91,
            "equity": 1340871,
            "current_ratio": 221.36,
            "debt_ratio": 27.08,
            "inventory_turnover_ratio": 0.94,
            "account_receivable_turnover_ratio": null,
            "reinvestment_rate": null,
            "research_to_sale_ratio": null,
            "price_fair": 11.05,
            "eps_avg_yearly": 3.68,
            "eps_latest_yearly": 0.72,
            "eps_growth_yearly": -36.84
        },
        "20044": {
            "year_quarter": 20044,
            "year": 2004,
            "quarter": 4,
            "eps": 0.43,
            "eps_growth_year": -45.57,
            "eps_4q": 1.36,
            "eps_4q_growth_year": -63.06,
            "roe": 3.64,
            "roe_4q": 10.73,
            "gross_profit": 141751,
            "gross_margin": 39.39,
            "gross_margin_4q_avg": 43.14,
            "net_income": 49428,
            "net_income_4q": null,
            "revenue": 359880,
            "revenue_4q": null,
            "common_shares": 1192682,
            "book_valuer_per_share": 11.53,
            "book_valuer_per_share_4q_avg": 12.86,
            "equity": 1375788,
            "current_ratio": 355.18,
            "debt_ratio": 22.95,
            "inventory_turnover_ratio": 1.01,
            "account_receivable_turnover_ratio": null,
            "reinvestment_rate": null,
            "research_to_sale_ratio": null,
            "price_fair": 94.7,
            "eps_avg_yearly": 3.51,
            "eps_latest_yearly": 1.72,
            "eps_growth_yearly": 17.02
        },
        "20051": {
            "year_quarter": 20051,
            "year": 2005,
            "quarter": 1,
            "eps": 0.29,
            "eps_growth_year": -23.68,
            "eps_4q": 1.33,
            "eps_4q_growth_year": -50.42,
            "roe": 2.36,
            "roe_4q": 10.74,
            "gross_profit": 164494,
            "gross_margin": 46.59,
            "gross_margin_4q_avg": 43.76,
            "net_income": 32787,
            "net_income_4q": null,
            "revenue": 353059,
            "revenue_4q": null,
            "common_shares": 1194102,
            "book_valuer_per_share": 11.77,
            "book_valuer_per_share_4q_avg": 11.81,
            "equity": 1404931,
            "current_ratio": 307.34,
            "debt_ratio": 18.97,
            "inventory_turnover_ratio": 0.85,
            "account_receivable_turnover_ratio": null,
            "reinvestment_rate": null,
            "research_to_sale_ratio": null,
            "price_fair": 48.8,
            "eps_avg_yearly": 3.31,
            "eps_latest_yearly": 1.16,
            "eps_growth_yearly": 4.74
        },
        "20052": {
            "year_quarter": 20052,
            "year": 2005,
            "quarter": 2,
            "eps": -0.3,
            "eps_growth_year": -163.83,
            "eps_4q": 0.57,
            "eps_4q_growth_year": -77.14,
            "roe": -2.44,
            "roe_4q": 5.07,
            "gross_profit": 138935,
            "gross_margin": 41.65,
            "gross_margin_4q_avg": 42.75,
            "net_income": -33641,
            "net_income_4q": null,
            "revenue": 333612,
            "revenue_4q": null,
            "common_shares": 1194632,
            "book_valuer_per_share": 11.33,
            "book_valuer_per_share_4q_avg": 11.48,
            "equity": 1353441,
            "current_ratio": 303.12,
            "debt_ratio": 19.53,
            "inventory_turnover_ratio": 0.94,
            "account_receivable_turnover_ratio": null,
            "reinvestment_rate": null,
            "research_to_sale_ratio": null,
            "price_fair": 48.8,
            "eps_avg_yearly": 3.31,
            "eps_latest_yearly": 1.16,
            "eps_growth_yearly": 4.74
        },
        "20053": {
            "year_quarter": 20053,
            "year": 2005,
            "quarter": 3,
            "eps": 0.09,
            "eps_growth_year": -50,
            "eps_4q": 0.46,
            "eps_4q_growth_year": -73.06,
            "roe": 0.87,
            "roe_4q": 4.43,
            "gross_profit": 149779,
            "gross_margin": 38.52,
            "gross_margin_4q_avg": 41.54,
            "net_income": 11958,
            "net_income_4q": null,
            "revenue": 388848,
            "revenue_4q": null,
            "common_shares": 1341713,
            "book_valuer_per_share": 10.32,
            "book_valuer_per_share_4q_avg": 11.24,
            "equity": 1383997,
            "current_ratio": 251.87,
            "debt_ratio": 24.62,
            "inventory_turnover_ratio": 1.09,
            "account_receivable_turnover_ratio": null,
            "reinvestment_rate": null,
            "research_to_sale_ratio": null,
            "price_fair": 48.8,
            "eps_avg_yearly": 3.31,
            "eps_latest_yearly": 1.16,
            "eps_growth_yearly": 4.74
        },
        "20054": {
            "year_quarter": 20054,
            "year": 2005,
            "quarter": 4,
            "eps": 0.07,
            "eps_growth_year": -83.72,
            "eps_4q": 0.16,
            "eps_4q_growth_year": -88.34,
            "roe": 0.63,
            "roe_4q": 1.42,
            "gross_profit": 128817,
            "gross_margin": 44.71,
            "gross_margin_4q_avg": 42.87,
            "net_income": 8763,
            "net_income_4q": null,
            "revenue": 288094,
            "revenue_4q": null,
            "common_shares": 1344603,
            "book_valuer_per_share": 10.34,
            "book_valuer_per_share_4q_avg": 10.94,
            "equity": 1393143,
            "current_ratio": 351.24,
            "debt_ratio": 23.43,
            "inventory_turnover_ratio": 0.47,
            "account_receivable_turnover_ratio": null,
            "reinvestment_rate": 20.5,
            "research_to_sale_ratio": null,
            "price_fair": 9.23,
            "eps_avg_yearly": 3.08,
            "eps_latest_yearly": 0.28,
            "eps_growth_yearly": -2.46
        },
        "20061": {
            "year_quarter": 20061,
            "year": 2006,
            "quarter": 1,
            "eps": -0.18,
            "eps_growth_year": -162.07,
            "eps_4q": -0.28,
            "eps_4q_growth_year": -121,
            "roe": -1.7,
            "roe_4q": -2.6399999999999997,
            "gross_profit": 97878,
            "gross_margin": 43.89,
            "gross_margin_4q_avg": 42.19,
            "net_income": -23414,
            "net_income_4q": null,
            "revenue": 223028,
            "revenue_4q": null,
            "common_shares": 1345063,
            "book_valuer_per_share": 10.14,
            "book_valuer_per_share_4q_avg": 10.53,
            "equity": 1364397,
            "current_ratio": 317.74,
            "debt_ratio": 17.39,
            "inventory_turnover_ratio": 0.34,
            "account_receivable_turnover_ratio": null,
            "reinvestment_rate": -2.67,
            "research_to_sale_ratio": null,
            "price_fair": 9.23,
            "eps_avg_yearly": 3.08,
            "eps_latest_yearly": 0.28,
            "eps_growth_yearly": -2.46
        },
        "20062": {
            "year_quarter": 20062,
            "year": 2006,
            "quarter": 2,
            "eps": -0.04,
            "eps_growth_year": null,
            "eps_4q": -0.06,
            "eps_4q_growth_year": -110.74,
            "roe": -0.41,
            "roe_4q": -0.61,
            "gross_profit": 112497,
            "gross_margin": 45.55,
            "gross_margin_4q_avg": 43.17,
            "net_income": -5613,
            "net_income_4q": null,
            "revenue": 246959,
            "revenue_4q": null,
            "common_shares": 1345063,
            "book_valuer_per_share": 10.1,
            "book_valuer_per_share_4q_avg": 10.23,
            "equity": 1358985,
            "current_ratio": 369.61,
            "debt_ratio": 15.57,
            "inventory_turnover_ratio": 0.5,
            "account_receivable_turnover_ratio": null,
            "reinvestment_rate": -3.28,
            "research_to_sale_ratio": null,
            "price_fair": 71.95,
            "eps_avg_yearly": 3.03,
            "eps_latest_yearly": 0.28,
            "eps_growth_yearly": 13.72
        },
        "20063": {
            "year_quarter": 20063,
            "year": 2006,
            "quarter": 3,
            "eps": 0.38,
            "eps_growth_year": 322.22,
            "eps_4q": 0.22,
            "eps_4q_growth_year": -50.91,
            "roe": 3.55,
            "roe_4q": 2.07,
            "gross_profit": 143738,
            "gross_margin": 52.09,
            "gross_margin_4q_avg": 46.56,
            "net_income": 49248,
            "net_income_4q": null,
            "revenue": 275941,
            "revenue_4q": null,
            "common_shares": 1355973,
            "book_valuer_per_share": 10.44,
            "book_valuer_per_share_4q_avg": 10.26,
            "equity": 1416246,
            "current_ratio": 381.77,
            "debt_ratio": 16.14,
            "inventory_turnover_ratio": 0.56,
            "account_receivable_turnover_ratio": null,
            "reinvestment_rate": -4.23,
            "research_to_sale_ratio": null,
            "price_fair": 8.02,
            "eps_avg_yearly": 2.67,
            "eps_latest_yearly": 0.28,
            "eps_growth_yearly": -19.37
        },
        "20064": {
            "year_quarter": 20064,
            "year": 2006,
            "quarter": 4,
            "eps": -0.08,
            "eps_growth_year": -214.29,
            "eps_4q": 0.09,
            "eps_4q_growth_year": -42.72,
            "roe": -0.73,
            "roe_4q": 0.7099999999999997,
            "gross_profit": 127102,
            "gross_margin": 50.1,
            "gross_margin_4q_avg": 47.91,
            "net_income": -10263,
            "net_income_4q": null,
            "revenue": 253708,
            "revenue_4q": null,
            "common_shares": 1364213,
            "book_valuer_per_share": 10.34,
            "book_valuer_per_share_4q_avg": 10.26,
            "equity": 1412280,
            "current_ratio": 330.86,
            "debt_ratio": 25.84,
            "inventory_turnover_ratio": 0.41,
            "account_receivable_turnover_ratio": null,
            "reinvestment_rate": 33.31,
            "research_to_sale_ratio": null,
            "price_fair": 7.16,
            "eps_avg_yearly": 2.39,
            "eps_latest_yearly": 0.28,
            "eps_growth_yearly": -12.86
        },
        "20071": {
            "year_quarter": 20071,
            "year": 2007,
            "quarter": 1,
            "eps": 0.02,
            "eps_growth_year": null,
            "eps_4q": 0.31,
            "eps_4q_growth_year": null,
            "roe": 0.16,
            "roe_4q": 2.57,
            "gross_profit": 80199,
            "gross_margin": 36.9,
            "gross_margin_4q_avg": 46.16,
            "net_income": 2273,
            "net_income_4q": null,
            "revenue": 217347,
            "revenue_4q": null,
            "common_shares": 1356093,
            "book_valuer_per_share": 10.47,
            "book_valuer_per_share_4q_avg": 10.34,
            "equity": 1419269,
            "current_ratio": 378.69,
            "debt_ratio": 17.35,
            "inventory_turnover_ratio": 0.4,
            "account_receivable_turnover_ratio": null,
            "reinvestment_rate": -1.15,
            "research_to_sale_ratio": null,
            "price_fair": 5.64,
            "eps_avg_yearly": 1.88,
            "eps_latest_yearly": 0.28,
            "eps_growth_yearly": -25.88
        },
        "20072": {
            "year_quarter": 20072,
            "year": 2007,
            "quarter": 2,
            "eps": 0.12,
            "eps_growth_year": null,
            "eps_4q": 0.42,
            "eps_4q_growth_year": null,
            "roe": 1.08,
            "roe_4q": 4.06,
            "gross_profit": 106789,
            "gross_margin": 38.56,
            "gross_margin_4q_avg": 44.41,
            "net_income": 16341,
            "net_income_4q": null,
            "revenue": 276950,
            "revenue_4q": null,
            "common_shares": 1358713,
            "book_valuer_per_share": 11.75,
            "book_valuer_per_share_4q_avg": 10.75,
            "equity": 1596110,
            "current_ratio": 377.09,
            "debt_ratio": 18.81,
            "inventory_turnover_ratio": 0.55,
            "account_receivable_turnover_ratio": null,
            "reinvestment_rate": -1.36,
            "research_to_sale_ratio": null,
            "price_fair": 55.69,
            "eps_avg_yearly": 1.59,
            "eps_latest_yearly": 0.48,
            "eps_growth_yearly": 221.12
        },
        "20073": {
            "year_quarter": 20073,
            "year": 2007,
            "quarter": 3,
            "eps": 0.09,
            "eps_growth_year": -76.32,
            "eps_4q": 0.15,
            "eps_4q_growth_year": -32.56,
            "roe": 0.77,
            "roe_4q": 1.2800000000000002,
            "gross_profit": 114899,
            "gross_margin": 38.95,
            "gross_margin_4q_avg": 41.13,
            "net_income": 12356,
            "net_income_4q": null,
            "revenue": 294986,
            "revenue_4q": null,
            "common_shares": 1364593,
            "book_valuer_per_share": 11.86,
            "book_valuer_per_share_4q_avg": 11.11,
            "equity": 1619027,
            "current_ratio": 350.74,
            "debt_ratio": 19.74,
            "inventory_turnover_ratio": 0.49,
            "account_receivable_turnover_ratio": null,
            "reinvestment_rate": 1.76,
            "research_to_sale_ratio": null,
            "price_fair": 43.87,
            "eps_avg_yearly": 1.25,
            "eps_latest_yearly": 0.36,
            "eps_growth_yearly": 205.39
        },
        "20074": {
            "year_quarter": 20074,
            "year": 2007,
            "quarter": 4,
            "eps": 0.21,
            "eps_growth_year": null,
            "eps_4q": 0.44,
            "eps_4q_growth_year": 389.11,
            "roe": 1.7,
            "roe_4q": 3.71,
            "gross_profit": 140944,
            "gross_margin": 40.79,
            "gross_margin_4q_avg": 38.8,
            "net_income": 27723,
            "net_income_4q": null,
            "revenue": 345509,
            "revenue_4q": null,
            "common_shares": 1365993,
            "book_valuer_per_share": 12.09,
            "book_valuer_per_share_4q_avg": 11.54,
            "equity": 1652163,
            "current_ratio": 446.99,
            "debt_ratio": 20.51,
            "inventory_turnover_ratio": 0.42,
            "account_receivable_turnover_ratio": null,
            "reinvestment_rate": 85.72,
            "research_to_sale_ratio": null,
            "price_fair": 34.84,
            "eps_avg_yearly": 1,
            "eps_latest_yearly": 0.84,
            "eps_growth_yearly": 267.79
        },
        "20081": {
            "year_quarter": 20081,
            "year": 2008,
            "quarter": 1,
            "eps": 0.27,
            "eps_growth_year": 1250,
            "eps_4q": 0.68,
            "eps_4q_growth_year": 116.83,
            "roe": 2.22,
            "roe_4q": 5.77,
            "gross_profit": 304802,
            "gross_margin": 51.21,
            "gross_margin_4q_avg": 42.38,
            "net_income": 36795,
            "net_income_4q": null,
            "revenue": 595146,
            "revenue_4q": null,
            "common_shares": 1367933,
            "book_valuer_per_share": 12.1,
            "book_valuer_per_share_4q_avg": 11.95,
            "equity": 1656604,
            "current_ratio": 404.22,
            "debt_ratio": 21.97,
            "inventory_turnover_ratio": 0.5,
            "account_receivable_turnover_ratio": null,
            "reinvestment_rate": 95.05,
            "research_to_sale_ratio": null,
            "price_fair": 33.13,
            "eps_avg_yearly": 0.95,
            "eps_latest_yearly": 1.08,
            "eps_growth_yearly": 303.55
        },
        "20082": {
            "year_quarter": 20082,
            "year": 2008,
            "quarter": 2,
            "eps": 0.61,
            "eps_growth_year": 408.33,
            "eps_4q": 1.16,
            "eps_4q_growth_year": 173.34,
            "roe": 5,
            "roe_4q": 9.69,
            "gross_profit": 392671,
            "gross_margin": 54.05,
            "gross_margin_4q_avg": 46.25,
            "net_income": 84177,
            "net_income_4q": null,
            "revenue": 726447,
            "revenue_4q": null,
            "common_shares": 1373043,
            "book_valuer_per_share": 12.44,
            "book_valuer_per_share_4q_avg": 12.12,
            "equity": 1710863,
            "current_ratio": 450.48,
            "debt_ratio": 20.03,
            "inventory_turnover_ratio": 0.51,
            "account_receivable_turnover_ratio": null,
            "reinvestment_rate": 86.8,
            "research_to_sale_ratio": null,
            "price_fair": 35.31,
            "eps_avg_yearly": 1.01,
            "eps_latest_yearly": 2.44,
            "eps_growth_yearly": 348.99
        },
        "20083": {
            "year_quarter": 20083,
            "year": 2008,
            "quarter": 3,
            "eps": 0.72,
            "eps_growth_year": 700,
            "eps_4q": 1.78,
            "eps_4q_growth_year": 1078.25,
            "roe": 5.66,
            "roe_4q": 14.58,
            "gross_profit": 388806,
            "gross_margin": 56.75,
            "gross_margin_4q_avg": 50.7,
            "net_income": 99717,
            "net_income_4q": null,
            "revenue": 685120,
            "revenue_4q": null,
            "common_shares": 1373423,
            "book_valuer_per_share": 13.16,
            "book_valuer_per_share_4q_avg": 12.45,
            "equity": 1811805,
            "current_ratio": 457.89,
            "debt_ratio": 20.04,
            "inventory_turnover_ratio": 0.42,
            "account_receivable_turnover_ratio": null,
            "reinvestment_rate": 72.75,
            "research_to_sale_ratio": null,
            "price_fair": 43.71,
            "eps_avg_yearly": 1.25,
            "eps_latest_yearly": 2.88,
            "eps_growth_yearly": 384.43
        },
        "20084": {
            "year_quarter": 20084,
            "year": 2008,
            "quarter": 4,
            "eps": -0.39,
            "eps_growth_year": -285.71,
            "eps_4q": 1.2,
            "eps_4q_growth_year": 169.53,
            "roe": -3.04,
            "roe_4q": 9.84,
            "gross_profit": 183511,
            "gross_margin": 40.6,
            "gross_margin_4q_avg": 50.65,
            "net_income": -53467,
            "net_income_4q": null,
            "revenue": 452031,
            "revenue_4q": null,
            "common_shares": 1394705,
            "book_valuer_per_share": 12.2,
            "book_valuer_per_share_4q_avg": 12.48,
            "equity": 1704330,
            "current_ratio": 451.3,
            "debt_ratio": 19.85,
            "inventory_turnover_ratio": 0.43,
            "account_receivable_turnover_ratio": 9.92,
            "reinvestment_rate": 12.49,
            "research_to_sale_ratio": null,
            "price_fair": 41.65,
            "eps_avg_yearly": 1.19,
            "eps_latest_yearly": 2.88,
            "eps_growth_yearly": 363.04
        },
        "20091": {
            "year_quarter": 20091,
            "year": 2009,
            "quarter": 1,
            "eps": 0.26,
            "eps_growth_year": -3.7,
            "eps_4q": 1.26,
            "eps_4q_growth_year": 85.31,
            "roe": 1.95,
            "roe_4q": 9.57,
            "gross_profit": 284360,
            "gross_margin": 48.79,
            "gross_margin_4q_avg": 50.05,
            "net_income": 33635,
            "net_income_4q": null,
            "revenue": 582826,
            "revenue_4q": null,
            "common_shares": 1344865,
            "book_valuer_per_share": 12.95,
            "book_valuer_per_share_4q_avg": 12.69,
            "equity": 1744720,
            "current_ratio": 440.4,
            "debt_ratio": 20.36,
            "inventory_turnover_ratio": 0.55,
            "account_receivable_turnover_ratio": 8.37,
            "reinvestment_rate": 108.02,
            "research_to_sale_ratio": null,
            "price_fair": 41.8,
            "eps_avg_yearly": 1.19,
            "eps_latest_yearly": 2.88,
            "eps_growth_yearly": 433.51
        },
        "20092": {
            "year_quarter": 20092,
            "year": 2009,
            "quarter": 2,
            "eps": 0.15,
            "eps_growth_year": -75.41,
            "eps_4q": 0.74,
            "eps_4q_growth_year": -35.9,
            "roe": 1.17,
            "roe_4q": 5.74,
            "gross_profit": 321751,
            "gross_margin": 49.2,
            "gross_margin_4q_avg": 48.84,
            "net_income": 20172,
            "net_income_4q": null,
            "revenue": 654025,
            "revenue_4q": null,
            "common_shares": 1344865,
            "book_valuer_per_share": 12.59,
            "book_valuer_per_share_4q_avg": 12.73,
            "equity": 1697013,
            "current_ratio": 322.45,
            "debt_ratio": 25.91,
            "inventory_turnover_ratio": 0.61,
            "account_receivable_turnover_ratio": 12.61,
            "reinvestment_rate": 85.41,
            "research_to_sale_ratio": null,
            "price_fair": 39.2,
            "eps_avg_yearly": 1.12,
            "eps_latest_yearly": 0.6,
            "eps_growth_yearly": 358.17
        },
        "20093": {
            "year_quarter": 20093,
            "year": 2009,
            "quarter": 3,
            "eps": 0.37,
            "eps_growth_year": -48.61,
            "eps_4q": 0.37,
            "eps_4q_growth_year": -79.02,
            "roe": 3,
            "roe_4q": 3.08,
            "gross_profit": 344831,
            "gross_margin": 50.29,
            "gross_margin_4q_avg": 47.22,
            "net_income": 51564,
            "net_income_4q": null,
            "revenue": 685682,
            "revenue_4q": null,
            "common_shares": 1425494,
            "book_valuer_per_share": 12.2,
            "book_valuer_per_share_4q_avg": 12.49,
            "equity": 1743526,
            "current_ratio": 403.05,
            "debt_ratio": 21.69,
            "inventory_turnover_ratio": 0.64,
            "account_receivable_turnover_ratio": 12.07,
            "reinvestment_rate": 69.91,
            "research_to_sale_ratio": null,
            "price_fair": 40.6,
            "eps_avg_yearly": 1.16,
            "eps_latest_yearly": 1.48,
            "eps_growth_yearly": 383.56
        },
        "20094": {
            "year_quarter": 20094,
            "year": 2009,
            "quarter": 4,
            "eps": 0.3,
            "eps_growth_year": null,
            "eps_4q": 1.05,
            "eps_4q_growth_year": -12.67,
            "roe": 2.35,
            "roe_4q": 8.469999999999999,
            "gross_profit": 329724,
            "gross_margin": 51.9,
            "gross_margin_4q_avg": 50.05,
            "net_income": 41492,
            "net_income_4q": null,
            "revenue": 635252,
            "revenue_4q": null,
            "common_shares": 1428174,
            "book_valuer_per_share": 12.84,
            "book_valuer_per_share_4q_avg": 12.65,
            "equity": 1795155,
            "current_ratio": 440.77,
            "debt_ratio": 20.45,
            "inventory_turnover_ratio": 0.61,
            "account_receivable_turnover_ratio": 2.82,
            "reinvestment_rate": 119.63,
            "research_to_sale_ratio": null,
            "price_fair": 44.18,
            "eps_avg_yearly": 1.26,
            "eps_latest_yearly": 1.2,
            "eps_growth_yearly": 385.02
        },
        "20101": {
            "year_quarter": 20101,
            "year": 2010,
            "quarter": 1,
            "eps": 0.25,
            "eps_growth_year": -3.85,
            "eps_4q": 1.04,
            "eps_4q_growth_year": -17.43,
            "roe": 1.96,
            "roe_4q": 8.48,
            "gross_profit": 328811,
            "gross_margin": 51.03,
            "gross_margin_4q_avg": 50.61,
            "net_income": 35888,
            "net_income_4q": null,
            "revenue": 644324,
            "revenue_4q": null,
            "common_shares": 1442584,
            "book_valuer_per_share": 13.14,
            "book_valuer_per_share_4q_avg": 12.69,
            "equity": 1867861,
            "current_ratio": 374.93,
            "debt_ratio": 18.77,
            "inventory_turnover_ratio": 0.68,
            "account_receivable_turnover_ratio": 1.59,
            "reinvestment_rate": 176.73,
            "research_to_sale_ratio": 22.8,
            "price_fair": 43.26,
            "eps_avg_yearly": 1.24,
            "eps_latest_yearly": 1,
            "eps_growth_yearly": 339.85
        },
        "20102": {
            "year_quarter": 20102,
            "year": 2010,
            "quarter": 2,
            "eps": 0.01,
            "eps_growth_year": -94.82,
            "eps_4q": 0.92,
            "eps_4q_growth_year": 23.78,
            "roe": 0.07,
            "roe_4q": 7.38,
            "gross_profit": 320665,
            "gross_margin": 48.96,
            "gross_margin_4q_avg": 50.55,
            "net_income": 1284,
            "net_income_4q": null,
            "revenue": 654966,
            "revenue_4q": null,
            "common_shares": 1443484,
            "book_valuer_per_share": 11.9,
            "book_valuer_per_share_4q_avg": 12.52,
            "equity": 1633957,
            "current_ratio": 208.16,
            "debt_ratio": 33.59,
            "inventory_turnover_ratio": 0.68,
            "account_receivable_turnover_ratio": 1.7,
            "reinvestment_rate": 186.5,
            "research_to_sale_ratio": 24.71,
            "price_fair": 39.45,
            "eps_avg_yearly": 1.13,
            "eps_latest_yearly": 0.04,
            "eps_growth_yearly": 274.05
        },
        "20103": {
            "year_quarter": 20103,
            "year": 2010,
            "quarter": 3,
            "eps": 0,
            "eps_growth_year": -99.01,
            "eps_4q": 0.56,
            "eps_4q_growth_year": 49.01,
            "roe": 0.04,
            "roe_4q": 4.42,
            "gross_profit": 331912,
            "gross_margin": 50.49,
            "gross_margin_4q_avg": 50.6,
            "net_income": 597,
            "net_income_4q": null,
            "revenue": 657375,
            "revenue_4q": null,
            "common_shares": 1480148,
            "book_valuer_per_share": 11.57,
            "book_valuer_per_share_4q_avg": 12.36,
            "equity": 1631489,
            "current_ratio": 125.22,
            "debt_ratio": 48.74,
            "inventory_turnover_ratio": 0.48,
            "account_receivable_turnover_ratio": 1.33,
            "reinvestment_rate": 204,
            "research_to_sale_ratio": 30.07,
            "price_fair": 39.45,
            "eps_avg_yearly": 1.13,
            "eps_latest_yearly": 0.04,
            "eps_growth_yearly": 274.05
        },
        "20104": {
            "year_quarter": 20104,
            "year": 2010,
            "quarter": 4,
            "eps": -0.22,
            "eps_growth_year": -172.28,
            "eps_4q": 0.04,
            "eps_4q_growth_year": -96.04,
            "roe": -1.9,
            "roe_4q": 0.17000000000000015,
            "gross_profit": 332791,
            "gross_margin": 50.64,
            "gross_margin_4q_avg": 50.28,
            "net_income": -30869,
            "net_income_4q": null,
            "revenue": 657217,
            "revenue_4q": null,
            "common_shares": 1487368,
            "book_valuer_per_share": 11.29,
            "book_valuer_per_share_4q_avg": 11.98,
            "equity": 1618151,
            "current_ratio": 123.84,
            "debt_ratio": 51.33,
            "inventory_turnover_ratio": 0.38,
            "account_receivable_turnover_ratio": 1.05,
            "reinvestment_rate": 149.99,
            "research_to_sale_ratio": 34.84,
            "price_fair": 39.45,
            "eps_avg_yearly": 1.13,
            "eps_latest_yearly": 0.04,
            "eps_growth_yearly": 274.05
        },
        "20111": {
            "year_quarter": 20111,
            "year": 2011,
            "quarter": 1,
            "eps": -0.7,
            "eps_growth_year": -380,
            "eps_4q": -0.89,
            "eps_4q_growth_year": -185.51,
            "roe": -6.26,
            "roe_4q": -8.05,
            "gross_profit": 240938,
            "gross_margin": 46.42,
            "gross_margin_4q_avg": 49.13,
            "net_income": -101685,
            "net_income_4q": null,
            "revenue": 519013,
            "revenue_4q": null,
            "common_shares": 1499578,
            "book_valuer_per_share": 11.08,
            "book_valuer_per_share_4q_avg": 11.46,
            "equity": 1629379,
            "current_ratio": 220.42,
            "debt_ratio": 46.29,
            "inventory_turnover_ratio": 0.3,
            "account_receivable_turnover_ratio": 0.84,
            "reinvestment_rate": 271.98,
            "research_to_sale_ratio": 37.66,
            "price_fair": 39.45,
            "eps_avg_yearly": 1.13,
            "eps_latest_yearly": 0.04,
            "eps_growth_yearly": 274.05
        },
        "20112": {
            "year_quarter": 20112,
            "year": 2011,
            "quarter": 2,
            "eps": -0.62,
            "eps_growth_year": -8136.19,
            "eps_4q": -1.52,
            "eps_4q_growth_year": -265.32,
            "roe": -5.86,
            "roe_4q": -13.980000000000002,
            "gross_profit": 243314,
            "gross_margin": 39.64,
            "gross_margin_4q_avg": 46.8,
            "net_income": -92837,
            "net_income_4q": null,
            "revenue": 613832,
            "revenue_4q": null,
            "common_shares": 1507408,
            "book_valuer_per_share": 10.44,
            "book_valuer_per_share_4q_avg": 11.1,
            "equity": 1541525,
            "current_ratio": 193.06,
            "debt_ratio": 50.12,
            "inventory_turnover_ratio": 0.42,
            "account_receivable_turnover_ratio": 1.09,
            "reinvestment_rate": 409.34,
            "research_to_sale_ratio": 30.12,
            "price_fair": 41.72,
            "eps_avg_yearly": 1.19,
            "eps_latest_yearly": 0.04,
            "eps_growth_yearly": 101.45
        },
        "20113": {
            "year_quarter": 20113,
            "year": 2011,
            "quarter": 3,
            "eps": 0.24,
            "eps_growth_year": 6403.94,
            "eps_4q": -1.28,
            "eps_4q_growth_year": -330.56,
            "roe": 2.23,
            "roe_4q": -11.790000000000001,
            "gross_profit": 303930,
            "gross_margin": 39.1,
            "gross_margin_4q_avg": 43.95,
            "net_income": 34984,
            "net_income_4q": null,
            "revenue": 777266,
            "revenue_4q": null,
            "common_shares": 1508748,
            "book_valuer_per_share": 10.83,
            "book_valuer_per_share_4q_avg": 10.91,
            "equity": 1601244,
            "current_ratio": 213.55,
            "debt_ratio": 47.81,
            "inventory_turnover_ratio": 0.55,
            "account_receivable_turnover_ratio": 1.07,
            "reinvestment_rate": 379.23,
            "research_to_sale_ratio": 19.51,
            "price_fair": 44.96,
            "eps_avg_yearly": 1.28,
            "eps_latest_yearly": 0.04,
            "eps_growth_yearly": 123.84
        },
        "20114": {
            "year_quarter": 20114,
            "year": 2011,
            "quarter": 4,
            "eps": -0.17,
            "eps_growth_year": null,
            "eps_4q": -1.24,
            "eps_4q_growth_year": -3096.06,
            "roe": -1.58,
            "roe_4q": -11.47,
            "gross_profit": 347956,
            "gross_margin": 37.92,
            "gross_margin_4q_avg": 40.77,
            "net_income": -25078,
            "net_income_4q": null,
            "revenue": 917596,
            "revenue_4q": null,
            "common_shares": 1508848,
            "book_valuer_per_share": 10.59,
            "book_valuer_per_share_4q_avg": 10.74,
            "equity": 1568904,
            "current_ratio": 218.88,
            "debt_ratio": 48.82,
            "inventory_turnover_ratio": 0.65,
            "account_receivable_turnover_ratio": 0.96,
            "reinvestment_rate": 330.86,
            "research_to_sale_ratio": 15.84,
            "price_fair": 46.9,
            "eps_avg_yearly": 1.34,
            "eps_latest_yearly": 0.04,
            "eps_growth_yearly": 72.65
        },
        "20121": {
            "year_quarter": 20121,
            "year": 2012,
            "quarter": 1,
            "eps": 0.07,
            "eps_growth_year": null,
            "eps_4q": -0.49,
            "eps_4q_growth_year": null,
            "roe": 0.7,
            "roe_4q": -4.510000000000001,
            "gross_profit": 289127,
            "gross_margin": 36.51,
            "gross_margin_4q_avg": 38.29,
            "net_income": 11072,
            "net_income_4q": null,
            "revenue": 791870,
            "revenue_4q": null,
            "common_shares": 1509358,
            "book_valuer_per_share": 10.61,
            "book_valuer_per_share_4q_avg": 10.62,
            "equity": 1572684,
            "current_ratio": 147.42,
            "debt_ratio": 47.54,
            "inventory_turnover_ratio": 0.57,
            "account_receivable_turnover_ratio": 0.82,
            "reinvestment_rate": 422.33,
            "research_to_sale_ratio": 17.1,
            "price_fair": 48.2,
            "eps_avg_yearly": 1.38,
            "eps_latest_yearly": 0.04,
            "eps_growth_yearly": 66.7
        },
        "20122": {
            "year_quarter": 20122,
            "year": 2012,
            "quarter": 2,
            "eps": 0.13,
            "eps_growth_year": null,
            "eps_4q": 0.27,
            "eps_4q_growth_year": null,
            "roe": 1.27,
            "roe_4q": 2.62,
            "gross_profit": 309791,
            "gross_margin": 37.02,
            "gross_margin_4q_avg": 37.64,
            "net_income": 20088,
            "net_income_4q": null,
            "revenue": 836710,
            "revenue_4q": null,
            "common_shares": 1510258,
            "book_valuer_per_share": 10.77,
            "book_valuer_per_share_4q_avg": 10.7,
            "equity": 1597318,
            "current_ratio": 153.61,
            "debt_ratio": 46,
            "inventory_turnover_ratio": 0.66,
            "account_receivable_turnover_ratio": 0.98,
            "reinvestment_rate": 1067.47,
            "research_to_sale_ratio": 17.64,
            "price_fair": 38.6,
            "eps_avg_yearly": 1.1,
            "eps_latest_yearly": 0.52,
            "eps_growth_yearly": 43.73
        },
        "20123": {
            "year_quarter": 20123,
            "year": 2012,
            "quarter": 3,
            "eps": 0.16,
            "eps_growth_year": -33.01,
            "eps_4q": 0.19,
            "eps_4q_growth_year": null,
            "roe": 1.5,
            "roe_4q": 1.8899999999999997,
            "gross_profit": 289905,
            "gross_margin": 40.44,
            "gross_margin_4q_avg": 37.97,
            "net_income": 24088,
            "net_income_4q": null,
            "revenue": 716800,
            "revenue_4q": null,
            "common_shares": 1513488,
            "book_valuer_per_share": 10.89,
            "book_valuer_per_share_4q_avg": 10.72,
            "equity": 1618452,
            "current_ratio": 162.8,
            "debt_ratio": 43.58,
            "inventory_turnover_ratio": 0.58,
            "account_receivable_turnover_ratio": 0.93,
            "reinvestment_rate": null,
            "research_to_sale_ratio": 17.76,
            "price_fair": 27.4,
            "eps_avg_yearly": 0.78,
            "eps_latest_yearly": 0.64,
            "eps_growth_yearly": 46.61
        },
        "20124": {
            "year_quarter": 20124,
            "year": 2012,
            "quarter": 4,
            "eps": 0.32,
            "eps_growth_year": null,
            "eps_4q": 0.68,
            "eps_4q_growth_year": null,
            "roe": 2.87,
            "roe_4q": 6.340000000000001,
            "gross_profit": 314325,
            "gross_margin": 41.21,
            "gross_margin_4q_avg": 38.8,
            "net_income": 47108,
            "net_income_4q": null,
            "revenue": 762815,
            "revenue_4q": null,
            "common_shares": 1513488,
            "book_valuer_per_share": 11.2,
            "book_valuer_per_share_4q_avg": 10.87,
            "equity": 1664357,
            "current_ratio": 173.73,
            "debt_ratio": 41.36,
            "inventory_turnover_ratio": 0.65,
            "account_receivable_turnover_ratio": 1.02,
            "reinvestment_rate": 672.84,
            "research_to_sale_ratio": 16.48,
            "price_fair": 29.58,
            "eps_avg_yearly": 0.85,
            "eps_latest_yearly": 1.28,
            "eps_growth_yearly": 90.78
        },
        "20131": {
            "year_quarter": 20131,
            "year": 2013,
            "quarter": 1,
            "eps": 0.44,
            "eps_growth_year": 528.57,
            "eps_4q": 1.05,
            "eps_4q_growth_year": null,
            "roe": 3.89,
            "roe_4q": 9.53,
            "gross_profit": 338445,
            "gross_margin": 39.71,
            "gross_margin_4q_avg": 39.6,
            "net_income": 65979,
            "net_income_4q": null,
            "revenue": 852248,
            "revenue_4q": null,
            "common_shares": 1478618,
            "book_valuer_per_share": 11.47,
            "book_valuer_per_share_4q_avg": 11.08,
            "equity": 1725991,
            "current_ratio": 183.87,
            "debt_ratio": 40.37,
            "inventory_turnover_ratio": 0.8,
            "account_receivable_turnover_ratio": 1.71,
            "reinvestment_rate": -68.97,
            "research_to_sale_ratio": 15.14,
            "price_fair": 33.13,
            "eps_avg_yearly": 0.95,
            "eps_latest_yearly": 1.76,
            "eps_growth_yearly": 97.36
        },
        "20132": {
            "year_quarter": 20132,
            "year": 2013,
            "quarter": 2,
            "eps": 0.63,
            "eps_growth_year": 373.84,
            "eps_4q": 1.54,
            "eps_4q_growth_year": 474.26,
            "roe": 5.38,
            "roe_4q": 13.64,
            "gross_profit": 387299,
            "gross_margin": 42.68,
            "gross_margin_4q_avg": 41.01,
            "net_income": 94021,
            "net_income_4q": null,
            "revenue": 907526,
            "revenue_4q": null,
            "common_shares": 1478618,
            "book_valuer_per_share": 11.87,
            "book_valuer_per_share_4q_avg": 11.36,
            "equity": 1766084,
            "current_ratio": 182.11,
            "debt_ratio": 40.64,
            "inventory_turnover_ratio": 0.86,
            "account_receivable_turnover_ratio": 3.5,
            "reinvestment_rate": -32,
            "research_to_sale_ratio": 15.38,
            "price_fair": 40.6,
            "eps_avg_yearly": 1.16,
            "eps_latest_yearly": 2.52,
            "eps_growth_yearly": 135.36
        },
        "20133": {
            "year_quarter": 20133,
            "year": 2013,
            "quarter": 3,
            "eps": 0.5,
            "eps_growth_year": 213.83,
            "eps_4q": 1.89,
            "eps_4q_growth_year": 889.75,
            "roe": 4.06,
            "roe_4q": 16.2,
            "gross_profit": 392029,
            "gross_margin": 43.73,
            "gross_margin_4q_avg": 41.83,
            "net_income": 72862,
            "net_income_4q": null,
            "revenue": 896458,
            "revenue_4q": null,
            "common_shares": 1478948,
            "book_valuer_per_share": 12.34,
            "book_valuer_per_share_4q_avg": 11.72,
            "equity": 1825090,
            "current_ratio": 183.08,
            "debt_ratio": 40.82,
            "inventory_turnover_ratio": 0.83,
            "account_receivable_turnover_ratio": 3.5,
            "reinvestment_rate": -24.27,
            "research_to_sale_ratio": 15.95,
            "price_fair": 42.62,
            "eps_avg_yearly": 1.22,
            "eps_latest_yearly": 2,
            "eps_growth_yearly": 61
        },
        "20134": {
            "year_quarter": 20134,
            "year": 2013,
            "quarter": 4,
            "eps": 0.62,
            "eps_growth_year": 96.15,
            "eps_4q": 2.09,
            "eps_4q_growth_year": 207.66,
            "roe": 4.87,
            "roe_4q": 18.2,
            "gross_profit": 407937,
            "gross_margin": 42.48,
            "gross_margin_4q_avg": 42.15,
            "net_income": 98425,
            "net_income_4q": null,
            "revenue": 960302,
            "revenue_4q": null,
            "common_shares": 1583465,
            "book_valuer_per_share": 14,
            "book_valuer_per_share_4q_avg": 12.42,
            "equity": 2217975,
            "current_ratio": 248.79,
            "debt_ratio": 30.9,
            "inventory_turnover_ratio": 0.91,
            "account_receivable_turnover_ratio": 3.47,
            "reinvestment_rate": -192.5,
            "research_to_sale_ratio": 15.23,
            "price_fair": 47.6,
            "eps_avg_yearly": 1.36,
            "eps_latest_yearly": 2.48,
            "eps_growth_yearly": 80.08
        },
        "20141": {
            "year_quarter": 20141,
            "year": 2014,
            "quarter": 1,
            "eps": 0.52,
            "eps_growth_year": 18.18,
            "eps_4q": 2.19,
            "eps_4q_growth_year": 108.9,
            "roe": 3.66,
            "roe_4q": 17.97,
            "gross_profit": 381235,
            "gross_margin": 43.1,
            "gross_margin_4q_avg": 43,
            "net_income": 83555,
            "net_income_4q": null,
            "revenue": 884606,
            "revenue_4q": null,
            "common_shares": 1592942,
            "book_valuer_per_share": 14.71,
            "book_valuer_per_share_4q_avg": 13.23,
            "equity": 2345896,
            "current_ratio": 296.76,
            "debt_ratio": 25.86,
            "inventory_turnover_ratio": 0.85,
            "account_receivable_turnover_ratio": 3.27,
            "reinvestment_rate": -183.57,
            "research_to_sale_ratio": 15.53,
            "price_fair": 51.8,
            "eps_avg_yearly": 1.48,
            "eps_latest_yearly": 2.08,
            "eps_growth_yearly": 80.32
        },
        "20142": {
            "year_quarter": 20142,
            "year": 2014,
            "quarter": 2,
            "eps": 0.59,
            "eps_growth_year": -6.35,
            "eps_4q": 2.2,
            "eps_4q_growth_year": 42.1,
            "roe": 4.17,
            "roe_4q": 16.759999999999998,
            "gross_profit": 462740,
            "gross_margin": 47.82,
            "gross_margin_4q_avg": 44.28,
            "net_income": 94224,
            "net_income_4q": null,
            "revenue": 967588,
            "revenue_4q": null,
            "common_shares": 1593172,
            "book_valuer_per_share": 13.63,
            "book_valuer_per_share_4q_avg": 13.67,
            "equity": 2175100,
            "current_ratio": 227.56,
            "debt_ratio": 32.76,
            "inventory_turnover_ratio": 0.84,
            "account_receivable_turnover_ratio": 3.97,
            "reinvestment_rate": -153.63,
            "research_to_sale_ratio": 14.87,
            "price_fair": 60.82,
            "eps_avg_yearly": 1.74,
            "eps_latest_yearly": 2.36,
            "eps_growth_yearly": 128.96
        },
        "20143": {
            "year_quarter": 20143,
            "year": 2014,
            "quarter": 3,
            "eps": 0.63,
            "eps_growth_year": 26,
            "eps_4q": 2.36,
            "eps_4q_growth_year": 24.92,
            "roe": 4.51,
            "roe_4q": 17.21,
            "gross_profit": 432233,
            "gross_margin": 45.11,
            "gross_margin_4q_avg": 44.63,
            "net_income": 100802,
            "net_income_4q": null,
            "revenue": 958153,
            "revenue_4q": null,
            "common_shares": 1595322,
            "book_valuer_per_share": 14.39,
            "book_valuer_per_share_4q_avg": 14.18,
            "equity": 2298880,
            "current_ratio": 253.53,
            "debt_ratio": 28.9,
            "inventory_turnover_ratio": 0.9,
            "account_receivable_turnover_ratio": 4.1,
            "reinvestment_rate": -118.33,
            "research_to_sale_ratio": 15.3,
            "price_fair": 63.56,
            "eps_avg_yearly": 1.82,
            "eps_latest_yearly": 2.52,
            "eps_growth_yearly": 118.78
        },
        "20144": {
            "year_quarter": 20144,
            "year": 2014,
            "quarter": 4,
            "eps": 0.82,
            "eps_growth_year": 31.59,
            "eps_4q": 2.56,
            "eps_4q_growth_year": 22.58,
            "roe": 5.48,
            "roe_4q": 17.82,
            "gross_profit": 474206,
            "gross_margin": 47.05,
            "gross_margin_4q_avg": 45.77,
            "net_income": 130402,
            "net_income_4q": null,
            "revenue": 1007906,
            "revenue_4q": null,
            "common_shares": 1604482,
            "book_valuer_per_share": 15.39,
            "book_valuer_per_share_4q_avg": 14.53,
            "equity": 2456998,
            "current_ratio": 262.98,
            "debt_ratio": 28.28,
            "inventory_turnover_ratio": 0.97,
            "account_receivable_turnover_ratio": 4.16,
            "reinvestment_rate": -85.72,
            "research_to_sale_ratio": 16.28,
            "price_fair": 68.22,
            "eps_avg_yearly": 1.95,
            "eps_latest_yearly": 3.28,
            "eps_growth_yearly": 118.95
        },
        "20151": {
            "year_quarter": 20151,
            "year": 2015,
            "quarter": 1,
            "eps": 0.32,
            "eps_growth_year": -38.46,
            "eps_4q": 2.35,
            "eps_4q_growth_year": 7.25,
            "roe": 2.08,
            "roe_4q": 16.240000000000002,
            "gross_profit": 377969,
            "gross_margin": 42.97,
            "gross_margin_4q_avg": 45.74,
            "net_income": 51349,
            "net_income_4q": null,
            "revenue": 879629,
            "revenue_4q": null,
            "common_shares": 1610242,
            "book_valuer_per_share": 15.55,
            "book_valuer_per_share_4q_avg": 14.74,
            "equity": 2491437,
            "current_ratio": 272.15,
            "debt_ratio": 27.37,
            "inventory_turnover_ratio": 0.92,
            "account_receivable_turnover_ratio": 3.31,
            "reinvestment_rate": -66.14,
            "research_to_sale_ratio": 14.19,
            "price_fair": 66.27,
            "eps_avg_yearly": 1.89,
            "eps_latest_yearly": 1.28,
            "eps_growth_yearly": 88.71
        },
        "20152": {
            "year_quarter": 20152,
            "year": 2015,
            "quarter": 2,
            "eps": 0.03,
            "eps_growth_year": -94.92,
            "eps_4q": 1.78,
            "eps_4q_growth_year": -19,
            "roe": 0.19,
            "roe_4q": 12.26,
            "gross_profit": 307546,
            "gross_margin": 44.41,
            "gross_margin_4q_avg": 44.89,
            "net_income": 4342,
            "net_income_4q": null,
            "revenue": 692458,
            "revenue_4q": null,
            "common_shares": 1619422,
            "book_valuer_per_share": 13.56,
            "book_valuer_per_share_4q_avg": 14.72,
            "equity": 2186606,
            "current_ratio": 207.8,
            "debt_ratio": 34.84,
            "inventory_turnover_ratio": 0.67,
            "account_receivable_turnover_ratio": 3.11,
            "reinvestment_rate": -51.59,
            "research_to_sale_ratio": 17.88,
            "price_fair": 61.49,
            "eps_avg_yearly": 1.76,
            "eps_latest_yearly": 0.12,
            "eps_growth_yearly": 54
        },
        "20153": {
            "year_quarter": 20153,
            "year": 2015,
            "quarter": 3,
            "eps": 0.12,
            "eps_growth_year": -80.95,
            "eps_4q": 1.28,
            "eps_4q_growth_year": -45.87,
            "roe": 0.88,
            "roe_4q": 8.63,
            "gross_profit": 257574,
            "gross_margin": 42.4,
            "gross_margin_4q_avg": 44.21,
            "net_income": 19699,
            "net_income_4q": null,
            "revenue": 607457,
            "revenue_4q": null,
            "common_shares": 1620062,
            "book_valuer_per_share": 14.27,
            "book_valuer_per_share_4q_avg": 14.69,
            "equity": 2301180,
            "current_ratio": 283.59,
            "debt_ratio": 24.97,
            "inventory_turnover_ratio": 0.59,
            "account_receivable_turnover_ratio": 3.1,
            "reinvestment_rate": -56.36,
            "research_to_sale_ratio": 18.67,
            "price_fair": 58.3,
            "eps_avg_yearly": 1.67,
            "eps_latest_yearly": 0.48,
            "eps_growth_yearly": 135.86
        },
        "20154": {
            "year_quarter": 20154,
            "year": 2015,
            "quarter": 4,
            "eps": 0.01,
            "eps_growth_year": -98.26,
            "eps_4q": 0.48,
            "eps_4q_growth_year": -81.17,
            "roe": 0.09,
            "roe_4q": 3.24,
            "gross_profit": 321978,
            "gross_margin": 39.71,
            "gross_margin_4q_avg": 42.37,
            "net_income": 2179,
            "net_income_4q": null,
            "revenue": 810735,
            "revenue_4q": null,
            "common_shares": 1620822,
            "book_valuer_per_share": 14.19,
            "book_valuer_per_share_4q_avg": 14.39,
            "equity": 2289998,
            "current_ratio": 272.14,
            "debt_ratio": 26.14,
            "inventory_turnover_ratio": 0.84,
            "account_receivable_turnover_ratio": 3.14,
            "reinvestment_rate": -50.23,
            "research_to_sale_ratio": 14.4,
            "price_fair": 54.51,
            "eps_avg_yearly": 1.56,
            "eps_latest_yearly": 0.04,
            "eps_growth_yearly": 102.36
        },
        "20161": {
            "year_quarter": 20161,
            "year": 2016,
            "quarter": 1,
            "eps": -0.34,
            "eps_growth_year": -206.25,
            "eps_4q": -0.18,
            "eps_4q_growth_year": -107.48,
            "roe": -2.43,
            "roe_4q": -1.2700000000000005,
            "gross_profit": 264229,
            "gross_margin": 41.97,
            "gross_margin_4q_avg": 42.12,
            "net_income": -54918,
            "net_income_4q": null,
            "revenue": 629599,
            "revenue_4q": null,
            "common_shares": 1621722,
            "book_valuer_per_share": 13.81,
            "book_valuer_per_share_4q_avg": 13.96,
            "equity": 2229382,
            "current_ratio": 249.06,
            "debt_ratio": 28.38,
            "inventory_turnover_ratio": 0.65,
            "account_receivable_turnover_ratio": 2.34,
            "reinvestment_rate": -56.18,
            "research_to_sale_ratio": 18.12,
            "price_fair": 54.51,
            "eps_avg_yearly": 1.56,
            "eps_latest_yearly": 0.04,
            "eps_growth_yearly": 102.36
        },
        "20162": {
            "year_quarter": 20162,
            "year": 2016,
            "quarter": 2,
            "eps": -0.39,
            "eps_growth_year": -1400,
            "eps_4q": -0.59,
            "eps_4q_growth_year": -133.41,
            "roe": -2.91,
            "roe_4q": -4.37,
            "gross_profit": 248481,
            "gross_margin": 39.72,
            "gross_margin_4q_avg": 40.95,
            "net_income": -63324,
            "net_income_4q": null,
            "revenue": 625591,
            "revenue_4q": null,
            "common_shares": 1621722,
            "book_valuer_per_share": 13.15,
            "book_valuer_per_share_4q_avg": 13.86,
            "equity": 2122287,
            "current_ratio": 269.03,
            "debt_ratio": 25.4,
            "inventory_turnover_ratio": 0.7,
            "account_receivable_turnover_ratio": 3.39,
            "reinvestment_rate": -60.51,
            "research_to_sale_ratio": 18.44,
            "price_fair": 57.1,
            "eps_avg_yearly": 1.63,
            "eps_latest_yearly": 0.04,
            "eps_growth_yearly": 85.18
        },
        "20163": {
            "year_quarter": 20163,
            "year": 2016,
            "quarter": 3,
            "eps": -0.33,
            "eps_growth_year": -375,
            "eps_4q": -1.05,
            "eps_4q_growth_year": -182,
            "roe": -2.56,
            "roe_4q": -7.8100000000000005,
            "gross_profit": 278807,
            "gross_margin": 40.83,
            "gross_margin_4q_avg": 40.56,
            "net_income": -53322,
            "net_income_4q": null,
            "revenue": 682924,
            "revenue_4q": null,
            "common_shares": 1623052,
            "book_valuer_per_share": 12.64,
            "book_valuer_per_share_4q_avg": 13.45,
            "equity": 2041950,
            "current_ratio": 232.13,
            "debt_ratio": 29.81,
            "inventory_turnover_ratio": 0.78,
            "account_receivable_turnover_ratio": 4.02,
            "reinvestment_rate": -64.58,
            "research_to_sale_ratio": 18.58,
            "price_fair": 59.77,
            "eps_avg_yearly": 1.71,
            "eps_latest_yearly": 0.04,
            "eps_growth_yearly": 84.63
        },
        "20164": {
            "year_quarter": 20164,
            "year": 2016,
            "quarter": 4,
            "eps": -0.97,
            "eps_growth_year": -6922.25,
            "eps_4q": -2.03,
            "eps_4q_growth_year": -521.44,
            "roe": -7.95,
            "roe_4q": -15.85,
            "gross_profit": 277692,
            "gross_margin": 37.82,
            "gross_margin_4q_avg": 40.09,
            "net_income": -156586,
            "net_income_4q": null,
            "revenue": 734288,
            "revenue_4q": null,
            "common_shares": 1623052,
            "book_valuer_per_share": 11.74,
            "book_valuer_per_share_4q_avg": 12.84,
            "equity": 1897401,
            "current_ratio": 227.88,
            "debt_ratio": 31.16,
            "inventory_turnover_ratio": 0.83,
            "account_receivable_turnover_ratio": 2.48,
            "reinvestment_rate": -98.86,
            "research_to_sale_ratio": 16.98,
            "price_fair": 61.02,
            "eps_avg_yearly": 1.74,
            "eps_latest_yearly": 0.04,
            "eps_growth_yearly": 58.35
        },
        "20171": {
            "year_quarter": 20171,
            "year": 2017,
            "quarter": 1,
            "eps": -0.82,
            "eps_growth_year": null,
            "eps_4q": -2.51,
            "eps_4q_growth_year": null,
            "roe": -7.34,
            "roe_4q": -20.759999999999998,
            "gross_profit": 204781,
            "gross_margin": 39.48,
            "gross_margin_4q_avg": 39.46,
            "net_income": -132304,
            "net_income_4q": null,
            "revenue": 518676,
            "revenue_4q": null,
            "common_shares": 1623052,
            "book_valuer_per_share": 10.57,
            "book_valuer_per_share_4q_avg": 12.03,
            "equity": 1707436,
            "current_ratio": 200.41,
            "debt_ratio": 34.93,
            "inventory_turnover_ratio": 0.53,
            "account_receivable_turnover_ratio": 1.49,
            "reinvestment_rate": 8.98,
            "research_to_sale_ratio": 23.89,
            "price_fair": 60.96,
            "eps_avg_yearly": 1.74,
            "eps_latest_yearly": 0.04,
            "eps_growth_yearly": 50.02
        },
        "20172": {
            "year_quarter": 20172,
            "year": 2017,
            "quarter": 2,
            "eps": -0.37,
            "eps_growth_year": null,
            "eps_4q": -2.48,
            "eps_4q_growth_year": null,
            "roe": -3.49,
            "roe_4q": -21.34,
            "gross_profit": 179815,
            "gross_margin": 40.44,
            "gross_margin_4q_avg": 39.64,
            "net_income": -59000,
            "net_income_4q": null,
            "revenue": 444623,
            "revenue_4q": null,
            "common_shares": 1623052,
            "book_valuer_per_share": 10.37,
            "book_valuer_per_share_4q_avg": 11.33,
            "equity": 1674824,
            "current_ratio": 210.61,
            "debt_ratio": 32.48,
            "inventory_turnover_ratio": 0.43,
            "account_receivable_turnover_ratio": 1.37,
            "reinvestment_rate": 47.25,
            "research_to_sale_ratio": 24.98,
            "price_fair": 58.24,
            "eps_avg_yearly": 1.66,
            "eps_latest_yearly": 0.04,
            "eps_growth_yearly": 37.75
        },
        "20173": {
            "year_quarter": 20173,
            "year": 2017,
            "quarter": 3,
            "eps": -0.55,
            "eps_growth_year": null,
            "eps_4q": -2.71,
            "eps_4q_growth_year": null,
            "roe": -5.46,
            "roe_4q": -24.24,
            "gross_profit": 163476,
            "gross_margin": 35.26,
            "gross_margin_4q_avg": 38.25,
            "net_income": -89283,
            "net_income_4q": null,
            "revenue": 463622,
            "revenue_4q": null,
            "common_shares": 1624092,
            "book_valuer_per_share": 9.88,
            "book_valuer_per_share_4q_avg": 10.64,
            "equity": 1597783,
            "current_ratio": 194.58,
            "debt_ratio": 35.45,
            "inventory_turnover_ratio": 0.47,
            "account_receivable_turnover_ratio": 1.35,
            "reinvestment_rate": null,
            "research_to_sale_ratio": 23.4,
            "price_fair": 56.93,
            "eps_avg_yearly": 1.63,
            "eps_latest_yearly": 0.04,
            "eps_growth_yearly": 51.11
        },
        "20174": {
            "year_quarter": 20174,
            "year": 2017,
            "quarter": 4,
            "eps": -1.99,
            "eps_growth_year": null,
            "eps_4q": -3.72,
            "eps_4q_growth_year": null,
            "roe": -22.43,
            "roe_4q": -38.72,
            "gross_profit": 123798,
            "gross_margin": 30.51,
            "gross_margin_4q_avg": 36.42,
            "net_income": -321314,
            "net_income_4q": null,
            "revenue": 405697,
            "revenue_4q": null,
            "common_shares": 1614092,
            "book_valuer_per_share": 7.84,
            "book_valuer_per_share_4q_avg": 9.67,
            "equity": 1267221,
            "current_ratio": 173.5,
            "debt_ratio": 43.49,
            "inventory_turnover_ratio": 0.44,
            "account_receivable_turnover_ratio": 1.27,
            "reinvestment_rate": null,
            "research_to_sale_ratio": 31.47,
            "price_fair": 53.2,
            "eps_avg_yearly": 1.52,
            "eps_latest_yearly": 0.04,
            "eps_growth_yearly": 45.5
        },
        "20181": {
            "year_quarter": 20181,
            "year": 2018,
            "quarter": 1,
            "eps": -0.35,
            "eps_growth_year": null,
            "eps_4q": -3.26,
            "eps_4q_growth_year": null,
            "roe": -4.62,
            "roe_4q": -36,
            "gross_profit": 150949,
            "gross_margin": 33.61,
            "gross_margin_4q_avg": 34.96,
            "net_income": -57175,
            "net_income_4q": null,
            "revenue": 449117,
            "revenue_4q": null,
            "common_shares": 1614092,
            "book_valuer_per_share": 7.47,
            "book_valuer_per_share_4q_avg": 8.89,
            "equity": 1207363,
            "current_ratio": 212.55,
            "debt_ratio": 44.9,
            "inventory_turnover_ratio": 0.5,
            "account_receivable_turnover_ratio": 1.41,
            "reinvestment_rate": null,
            "research_to_sale_ratio": 17.45,
            "price_fair": 50.4,
            "eps_avg_yearly": 1.44,
            "eps_latest_yearly": 0.04,
            "eps_growth_yearly": 61.22
        },
        "20182": {
            "year_quarter": 20182,
            "year": 2018,
            "quarter": 2,
            "eps": 0.43,
            "eps_growth_year": null,
            "eps_4q": -2.47,
            "eps_4q_growth_year": null,
            "roe": 5.57,
            "roe_4q": -26.94,
            "gross_profit": 165231,
            "gross_margin": 33.18,
            "gross_margin_4q_avg": 33.14,
            "net_income": 69453,
            "net_income_4q": null,
            "revenue": 497960,
            "revenue_4q": null,
            "common_shares": 1614092,
            "book_valuer_per_share": 7.95,
            "book_valuer_per_share_4q_avg": 8.29,
            "equity": 1285361,
            "current_ratio": 243.31,
            "debt_ratio": 41.9,
            "inventory_turnover_ratio": 0.59,
            "account_receivable_turnover_ratio": 1.39,
            "reinvestment_rate": null,
            "research_to_sale_ratio": 13.44,
            "price_fair": 45.03,
            "eps_avg_yearly": 1.29,
            "eps_latest_yearly": 0.04,
            "eps_growth_yearly": 62.45
        },
        "20183": {
            "year_quarter": 20183,
            "year": 2018,
            "quarter": 3,
            "eps": -0.13,
            "eps_growth_year": null,
            "eps_4q": -2.04,
            "eps_4q_growth_year": null,
            "roe": -1.65,
            "roe_4q": -23.13,
            "gross_profit": 147805,
            "gross_margin": 30.19,
            "gross_margin_4q_avg": 31.87,
            "net_income": -20929,
            "net_income_4q": null,
            "revenue": 489536,
            "revenue_4q": null,
            "common_shares": 1614092,
            "book_valuer_per_share": 7.77,
            "book_valuer_per_share_4q_avg": 7.76,
            "equity": 1257503,
            "current_ratio": 229.11,
            "debt_ratio": 42.14,
            "inventory_turnover_ratio": 0.63,
            "account_receivable_turnover_ratio": 1.43,
            "reinvestment_rate": null,
            "research_to_sale_ratio": 11.49,
            "price_fair": 36.4,
            "eps_avg_yearly": 1.04,
            "eps_latest_yearly": 0.04,
            "eps_growth_yearly": 69.51
        },
        "20184": {
            "year_quarter": 20184,
            "year": 2018,
            "quarter": 4,
            "eps": -0.34,
            "eps_growth_year": null,
            "eps_4q": -0.4,
            "eps_4q_growth_year": null,
            "roe": -4.46,
            "roe_4q": -5.159999999999999,
            "gross_profit": 124887,
            "gross_margin": 31.8,
            "gross_margin_4q_avg": 32.2,
            "net_income": -55002,
            "net_income_4q": null,
            "revenue": 392774,
            "revenue_4q": null,
            "common_shares": 1614092,
            "book_valuer_per_share": 7.48,
            "book_valuer_per_share_4q_avg": 7.67,
            "equity": 1209926,
            "current_ratio": 215.19,
            "debt_ratio": 43.85,
            "inventory_turnover_ratio": 0.49,
            "account_receivable_turnover_ratio": 1.32,
            "reinvestment_rate": null,
            "research_to_sale_ratio": 14.71,
            "price_fair": 16.8,
            "eps_avg_yearly": 0.48,
            "eps_latest_yearly": 0.04,
            "eps_growth_yearly": 56.73
        },
        "20191": {
            "year_quarter": 20191,
            "year": 2019,
            "quarter": 1,
            "eps": -0.53,
            "eps_growth_year": null,
            "eps_4q": -0.57,
            "eps_4q_growth_year": null,
            "roe": -7.29,
            "roe_4q": -7.83,
            "gross_profit": 81421,
            "gross_margin": 27.77,
            "gross_margin_4q_avg": 30.74,
            "net_income": -85360,
            "net_income_4q": null,
            "revenue": 293209,
            "revenue_4q": null,
            "common_shares": 1614092,
            "book_valuer_per_share": 6.99,
            "book_valuer_per_share_4q_avg": 7.55,
            "equity": 1130807,
            "current_ratio": 211.41,
            "debt_ratio": 44.05,
            "inventory_turnover_ratio": 0.39,
            "account_receivable_turnover_ratio": 1.16,
            "reinvestment_rate": null,
            "research_to_sale_ratio": 20.09,
            "price_fair": 7.47,
            "eps_avg_yearly": 0.21,
            "eps_latest_yearly": 0.04,
            "eps_growth_yearly": 156.94
        },
        "20192": {
            "year_quarter": 20192,
            "year": 2019,
            "quarter": 2,
            "eps": -0.37,
            "eps_growth_year": -186.05,
            "eps_4q": -1.37,
            "eps_4q_growth_year": null,
            "roe": -5.45,
            "roe_4q": -18.849999999999998,
            "gross_profit": 112235,
            "gross_margin": 37.3,
            "gross_margin_4q_avg": 31.77,
            "net_income": -60365,
            "net_income_4q": null,
            "revenue": 300918,
            "revenue_4q": null,
            "common_shares": 1614092,
            "book_valuer_per_share": 6.67,
            "book_valuer_per_share_4q_avg": 7.23,
            "equity": 1083848,
            "current_ratio": 213.95,
            "debt_ratio": 43.83,
            "inventory_turnover_ratio": 0.37,
            "account_receivable_turnover_ratio": 1.43,
            "reinvestment_rate": null,
            "research_to_sale_ratio": 18.61,
            "price_fair": 9.1,
            "eps_avg_yearly": 0.26,
            "eps_latest_yearly": 0.04,
            "eps_growth_yearly": 416.67
        },
        "20193": {
            "year_quarter": 20193,
            "year": 2019,
            "quarter": 3,
            "eps": -0.5,
            "eps_growth_year": null,
            "eps_4q": -1.75,
            "eps_4q_growth_year": null,
            "roe": -7.85,
            "roe_4q": -25.05,
            "gross_profit": 89014,
            "gross_margin": 31.78,
            "gross_margin_4q_avg": 32.16,
            "net_income": -81414,
            "net_income_4q": null,
            "revenue": 280098,
            "revenue_4q": null,
            "common_shares": 1614092,
            "book_valuer_per_share": 6.09,
            "book_valuer_per_share_4q_avg": 6.81,
            "equity": 989281,
            "current_ratio": 186.45,
            "debt_ratio": 49.45,
            "inventory_turnover_ratio": 0.37,
            "account_receivable_turnover_ratio": 1.3,
            "reinvestment_rate": null,
            "research_to_sale_ratio": 20.71,
            "price_fair": 0.12,
            "eps_avg_yearly": 0.04,
            "eps_latest_yearly": 0.04,
            "eps_growth_yearly": -366.67
        },
        "20194": {
            "year_quarter": 20194,
            "year": 2019,
            "quarter": 4,
            "eps": -0.62,
            "eps_growth_year": null,
            "eps_4q": -2.02,
            "eps_4q_growth_year": null,
            "roe": -10.78,
            "roe_4q": -31.369999999999997,
            "gross_profit": 96027,
            "gross_margin": 25.86,
            "gross_margin_4q_avg": 30.68,
            "net_income": -99831,
            "net_income_4q": null,
            "revenue": 371290,
            "revenue_4q": null,
            "common_shares": 1614092,
            "book_valuer_per_share": 5.31,
            "book_valuer_per_share_4q_avg": 6.27,
            "equity": 862434,
            "current_ratio": 169.09,
            "debt_ratio": 54.57,
            "inventory_turnover_ratio": 0.5,
            "account_receivable_turnover_ratio": 1.85,
            "reinvestment_rate": null,
            "research_to_sale_ratio": 17.46,
            "price_fair": 0,
            "eps_avg_yearly": 0,
            "eps_latest_yearly": 0,
            "eps_growth_yearly": 0
        },
        "20201": {
            "year_quarter": 20201,
            "year": 2020,
            "quarter": 1,
            "eps": -0.3,
            "eps_growth_year": null,
            "eps_4q": -1.79,
            "eps_4q_growth_year": null,
            "roe": -5.68,
            "roe_4q": -29.76,
            "gross_profit": 93578,
            "gross_margin": 32.24,
            "gross_margin_4q_avg": 31.8,
            "net_income": -47708,
            "net_income_4q": null,
            "revenue": 290215,
            "revenue_4q": null,
            "common_shares": 1614092,
            "book_valuer_per_share": 5.02,
            "book_valuer_per_share_4q_avg": 5.77,
            "equity": 816665,
            "current_ratio": 181.17,
            "debt_ratio": 51.63,
            "inventory_turnover_ratio": 0.35,
            "account_receivable_turnover_ratio": 1.76,
            "reinvestment_rate": null,
            "research_to_sale_ratio": 17.87,
            "price_fair": 0,
            "eps_avg_yearly": 0,
            "eps_latest_yearly": 0,
            "eps_growth_yearly": 0
        },
        "20202": {
            "year_quarter": 20202,
            "year": 2020,
            "quarter": 2,
            "eps": 0.31,
            "eps_growth_year": null,
            "eps_4q": -1.11,
            "eps_4q_growth_year": null,
            "roe": 7.2,
            "roe_4q": -17.11,
            "gross_profit": 64195,
            "gross_margin": 30.93,
            "gross_margin_4q_avg": 30.2,
            "net_income": 60711,
            "net_income_4q": null,
            "revenue": 207536,
            "revenue_4q": null,
            "common_shares": 1614092,
            "book_valuer_per_share": 5.26,
            "book_valuer_per_share_4q_avg": 5.42,
            "equity": 869301,
            "current_ratio": 199.68,
            "debt_ratio": 49.59,
            "inventory_turnover_ratio": 0.28,
            "account_receivable_turnover_ratio": 1.44,
            "reinvestment_rate": null,
            "research_to_sale_ratio": 20.55,
            "price_fair": 0,
            "eps_avg_yearly": 0,
            "eps_latest_yearly": 0,
            "eps_growth_yearly": 0
        },
        "20203": {
            "year_quarter": 20203,
            "year": 2020,
            "quarter": 3,
            "eps": -0.37,
            "eps_growth_year": null,
            "eps_4q": -1.46,
            "eps_4q_growth_year": null,
            "roe": -3.58,
            "roe_4q": -12.84,
            "gross_profit": 71073,
            "gross_margin": 30.36,
            "gross_margin_4q_avg": 29.85,
            "net_income": -30895,
            "net_income_4q": null,
            "revenue": 234080,
            "revenue_4q": null,
            "common_shares": 880868,
            "book_valuer_per_share": 9.69,
            "book_valuer_per_share_4q_avg": 6.32,
            "equity": 855835,
            "current_ratio": 199.69,
            "debt_ratio": 49.06,
            "inventory_turnover_ratio": 0.34,
            "account_receivable_turnover_ratio": 1.75,
            "reinvestment_rate": null,
            "research_to_sale_ratio": 16.79,
            "price_fair": 0,
            "eps_avg_yearly": 0,
            "eps_latest_yearly": 0,
            "eps_growth_yearly": 0
        },
        "20204": {
            "year_quarter": 20204,
            "year": 2020,
            "quarter": 4,
            "eps": -0.34,
            "eps_growth_year": null,
            "eps_4q": -0.66,
            "eps_4q_growth_year": null,
            "roe": -3.57,
            "roe_4q": -5.63,
            "gross_profit": 79107,
            "gross_margin": 34.16,
            "gross_margin_4q_avg": 31.92,
            "net_income": -29823,
            "net_income_4q": null,
            "revenue": 231574,
            "revenue_4q": null,
            "common_shares": 880868,
            "book_valuer_per_share": 9.23,
            "book_valuer_per_share_4q_avg": 7.3,
            "equity": 815365,
            "current_ratio": 204.6,
            "debt_ratio": 47.94,
            "inventory_turnover_ratio": 0.35,
            "account_receivable_turnover_ratio": 1.82,
            "reinvestment_rate": null,
            "research_to_sale_ratio": 17.44,
            "price_fair": 0,
            "eps_avg_yearly": 0,
            "eps_latest_yearly": 0,
            "eps_growth_yearly": 0
        },
        "20211": {
            "year_quarter": 20211,
            "year": 2021,
            "quarter": 1,
            "eps": -0.12,
            "eps_growth_year": null,
            "eps_4q": -0.24,
            "eps_4q_growth_year": null,
            "roe": -1.27,
            "roe_4q": -1.2199999999999998,
            "gross_profit": 83151,
            "gross_margin": 39,
            "gross_margin_4q_avg": 33.61,
            "net_income": -10200,
            "net_income_4q": null,
            "revenue": 213222,
            "revenue_4q": null,
            "common_shares": 880868,
            "book_valuer_per_share": 9.03,
            "book_valuer_per_share_4q_avg": 8.3,
            "equity": 796930,
            "current_ratio": 207.66,
            "debt_ratio": 46.99,
            "inventory_turnover_ratio": 0.32,
            "account_receivable_turnover_ratio": 1.75,
            "reinvestment_rate": null,
            "research_to_sale_ratio": 15.43,
            "price_fair": 0,
            "eps_avg_yearly": 0,
            "eps_latest_yearly": 0,
            "eps_growth_yearly": 0
        },
        "20212": {
            "year_quarter": 20212,
            "year": 2021,
            "quarter": 2,
            "eps": -0.08,
            "eps_growth_year": -125.81,
            "eps_4q": -0.88,
            "eps_4q_growth_year": null,
            "roe": -0.98,
            "roe_4q": -9.4,
            "gross_profit": 81797,
            "gross_margin": 38.11,
            "gross_margin_4q_avg": 35.41,
            "net_income": -7734,
            "net_income_4q": null,
            "revenue": 214636,
            "revenue_4q": null,
            "common_shares": 893288,
            "book_valuer_per_share": 8.83,
            "book_valuer_per_share_4q_avg": 9.2,
            "equity": 789571,
            "current_ratio": 225.98,
            "debt_ratio": 43.31,
            "inventory_turnover_ratio": 0.34,
            "account_receivable_turnover_ratio": 1.67,
            "reinvestment_rate": null,
            "research_to_sale_ratio": 14.01,
            "price_fair": 0,
            "eps_avg_yearly": 0,
            "eps_latest_yearly": 0,
            "eps_growth_yearly": 0
        },
        "20213": {
            "year_quarter": 20213,
            "year": 2021,
            "quarter": 3,
            "eps": 0.11,
            "eps_growth_year": null,
            "eps_4q": -0.42,
            "eps_4q_growth_year": null,
            "roe": 1.25,
            "roe_4q": -4.57,
            "gross_profit": 92651,
            "gross_margin": 35.22,
            "gross_margin_4q_avg": 36.62,
            "net_income": 9950,
            "net_income_4q": null,
            "revenue": 263063,
            "revenue_4q": null,
            "common_shares": 893288,
            "book_valuer_per_share": 8.92,
            "book_valuer_per_share_4q_avg": 9,
            "equity": 797171,
            "current_ratio": 233.35,
            "debt_ratio": 42.31,
            "inventory_turnover_ratio": 0.43,
            "account_receivable_turnover_ratio": 1.8,
            "reinvestment_rate": null,
            "research_to_sale_ratio": 11,
            "price_fair": 0,
            "eps_avg_yearly": 0,
            "eps_latest_yearly": 0,
            "eps_growth_yearly": 0
        },
        "20214": {
            "year_quarter": 20214,
            "year": 2021,
            "quarter": 4,
            "eps": 0.09,
            "eps_growth_year": null,
            "eps_4q": 0,
            "eps_4q_growth_year": null,
            "roe": 1.05,
            "roe_4q": 0.04999999999999982,
            "gross_profit": 86426,
            "gross_margin": 33.54,
            "gross_margin_4q_avg": 36.47,
            "net_income": 8435,
            "net_income_4q": null,
            "revenue": 257681,
            "revenue_4q": null,
            "common_shares": 893288,
            "book_valuer_per_share": 8.99,
            "book_valuer_per_share_4q_avg": 8.94,
            "equity": 803715,
            "current_ratio": 219.66,
            "debt_ratio": 42.57,
            "inventory_turnover_ratio": 0.41,
            "account_receivable_turnover_ratio": 1.68,
            "reinvestment_rate": null,
            "research_to_sale_ratio": 12.82,
            "price_fair": 1.08,
            "eps_avg_yearly": 0.36,
            "eps_latest_yearly": 0.36,
            "eps_growth_yearly": -72.73
        },
        "20221": {
            "year_quarter": 20221,
            "year": 2022,
            "quarter": 1,
            "eps": 0.1,
            "eps_growth_year": null,
            "eps_4q": 0.22,
            "eps_4q_growth_year": null,
            "roe": 1.11,
            "roe_4q": 2.43,
            "gross_profit": 90289,
            "gross_margin": 33.43,
            "gross_margin_4q_avg": 35.08,
            "net_income": 9052,
            "net_income_4q": null,
            "revenue": 270044,
            "revenue_4q": null,
            "common_shares": 893288,
            "book_valuer_per_share": 9.21,
            "book_valuer_per_share_4q_avg": 8.99,
            "equity": 823981,
            "current_ratio": 268.48,
            "debt_ratio": 35.6,
            "inventory_turnover_ratio": 0.43,
            "account_receivable_turnover_ratio": 1.81,
            "reinvestment_rate": null,
            "research_to_sale_ratio": 12.32,
            "price_fair": 1.14,
            "eps_avg_yearly": 0.38,
            "eps_latest_yearly": 0.4,
            "eps_growth_yearly": -14.14
        },
        "20222": {
            "year_quarter": 20222,
            "year": 2022,
            "quarter": 2,
            "eps": 0.15,
            "eps_growth_year": null,
            "eps_4q": 0.44,
            "eps_4q_growth_year": null,
            "roe": 1.55,
            "roe_4q": 4.96,
            "gross_profit": 98347,
            "gross_margin": 37.15,
            "gross_margin_4q_avg": 34.84,
            "net_income": 13149,
            "net_income_4q": null,
            "revenue": 264715,
            "revenue_4q": null,
            "common_shares": 926787,
            "book_valuer_per_share": 9.46,
            "book_valuer_per_share_4q_avg": 9.15,
            "equity": 877423,
            "current_ratio": 270.8,
            "debt_ratio": 34.66,
            "inventory_turnover_ratio": 0.41,
            "account_receivable_turnover_ratio": 1.54,
            "reinvestment_rate": null,
            "research_to_sale_ratio": 12.13,
            "price_fair": 15.87,
            "eps_avg_yearly": 0.45,
            "eps_latest_yearly": 0.6,
            "eps_growth_yearly": 57.24
        },
        "20223": {
            "year_quarter": 20223,
            "year": 2022,
            "quarter": 3,
            "eps": 0.01,
            "eps_growth_year": -90.91,
            "eps_4q": 0.34,
            "eps_4q_growth_year": null,
            "roe": 0.06,
            "roe_4q": 3.7700000000000005,
            "gross_profit": 75104,
            "gross_margin": 36.4,
            "gross_margin_4q_avg": 35.13,
            "net_income": 561,
            "net_income_4q": null,
            "revenue": 206320,
            "revenue_4q": null,
            "common_shares": 926787,
            "book_valuer_per_share": 9.64,
            "book_valuer_per_share_4q_avg": 9.33,
            "equity": 894617,
            "current_ratio": 289.58,
            "debt_ratio": 32.76,
            "inventory_turnover_ratio": 0.32,
            "account_receivable_turnover_ratio": 1.26,
            "reinvestment_rate": null,
            "research_to_sale_ratio": 14.76,
            "price_fair": 1.05,
            "eps_avg_yearly": 0.35,
            "eps_latest_yearly": 0.04,
            "eps_growth_yearly": -50.4
        },
        "20224": {
            "year_quarter": 20224,
            "year": 2022,
            "quarter": 4,
            "eps": -0.22,
            "eps_growth_year": -328.97,
            "eps_4q": 0.03,
            "eps_4q_growth_year": 527.42,
            "roe": -2.26,
            "roe_4q": 0.4600000000000004,
            "gross_profit": 59292,
            "gross_margin": 39.78,
            "gross_margin_4q_avg": 36.69,
            "net_income": -19955,
            "net_income_4q": null,
            "revenue": 149055,
            "revenue_4q": null,
            "common_shares": 926787,
            "book_valuer_per_share": 9.41,
            "book_valuer_per_share_4q_avg": 9.43,
            "equity": 872642,
            "current_ratio": 300.5,
            "debt_ratio": 31.51,
            "inventory_turnover_ratio": 0.21,
            "account_receivable_turnover_ratio": 1.3,
            "reinvestment_rate": null,
            "research_to_sale_ratio": 19.1,
            "price_fair": 1.05,
            "eps_avg_yearly": 0.35,
            "eps_latest_yearly": 0.04,
            "eps_growth_yearly": -50.4
        },
        "20231": {
            "year_quarter": 20231,
            "year": 2023,
            "quarter": 1,
            "eps": -0.19,
            "eps_growth_year": -290,
            "eps_4q": -0.26,
            "eps_4q_growth_year": -217.03,
            "roe": -2.06,
            "roe_4q": -2.710000000000001,
            "gross_profit": 61034,
            "gross_margin": 40.14,
            "gross_margin_4q_avg": 38.37,
            "net_income": -17760,
            "net_income_4q": null,
            "revenue": 152051,
            "revenue_4q": null,
            "common_shares": 926787,
            "book_valuer_per_share": 9.2,
            "book_valuer_per_share_4q_avg": 9.43,
            "equity": 853449,
            "current_ratio": 273.76,
            "debt_ratio": 34.06,
            "inventory_turnover_ratio": 0.21,
            "account_receivable_turnover_ratio": 1.77,
            "reinvestment_rate": null,
            "research_to_sale_ratio": 18.07,
            "price_fair": 1.05,
            "eps_avg_yearly": 0.35,
            "eps_latest_yearly": 0.04,
            "eps_growth_yearly": -50.4
        },
        "20232": {
            "year_quarter": 20232,
            "year": 2023,
            "quarter": 2,
            "eps": -0.35,
            "eps_growth_year": -333.33,
            "eps_4q": -0.75,
            "eps_4q_growth_year": -271.62,
            "roe": -3.84,
            "roe_4q": -8.1,
            "gross_profit": 48527,
            "gross_margin": 36.61,
            "gross_margin_4q_avg": 38.23,
            "net_income": -32578,
            "net_income_4q": null,
            "revenue": 132550,
            "revenue_4q": null,
            "common_shares": 926787,
            "book_valuer_per_share": 8.86,
            "book_valuer_per_share_4q_avg": 9.28,
            "equity": 843557,
            "current_ratio": 272.51,
            "debt_ratio": 34.06,
            "inventory_turnover_ratio": 0.19,
            "account_receivable_turnover_ratio": 1.72,
            "reinvestment_rate": null,
            "research_to_sale_ratio": 26.75,
            "price_fair": 1.05,
            "eps_avg_yearly": 0.35,
            "eps_latest_yearly": 0.04,
            "eps_growth_yearly": -50.4
        },
        "20233": {
            "year_quarter": 20233,
            "year": 2023,
            "quarter": 3,
            "eps": -0.1,
            "eps_growth_year": -1100,
            "eps_4q": -0.85,
            "eps_4q_growth_year": -353.53,
            "roe": -1.44,
            "roe_4q": -9.6,
            "gross_profit": 53529,
            "gross_margin": 35.97,
            "gross_margin_4q_avg": 38.13,
            "net_income": -12115,
            "net_income_4q": null,
            "revenue": 148836,
            "revenue_4q": null,
            "common_shares": 926787,
            "book_valuer_per_share": 8.88,
            "book_valuer_per_share_4q_avg": 9.09,
            "equity": 842587,
            "current_ratio": 257.8,
            "debt_ratio": 35.49,
            "inventory_turnover_ratio": 0.22,
            "account_receivable_turnover_ratio": 1.94,
            "reinvestment_rate": null,
            "research_to_sale_ratio": 19.54,
            "price_fair": 1.05,
            "eps_avg_yearly": 0.35,
            "eps_latest_yearly": 0.04,
            "eps_growth_yearly": -50.4
        }
    },
    "months": {
        "2002-12": {
            "month": "2002-12",
            "price": "66.00",
            "revenue": 119341
        },
        "2003-01": {
            "month": "2003-01",
            "price": "65.79",
            "revenue": 130407
        },
        "2003-02": {
            "month": "2003-02",
            "price": "58.66",
            "revenue": 120621
        },
        "2003-03": {
            "month": "2003-03",
            "price": "54.10",
            "revenue": 125867
        },
        "2003-04": {
            "month": "2003-04",
            "price": "59.98",
            "revenue": 128059
        },
        "2003-05": {
            "month": "2003-05",
            "price": "67.10",
            "revenue": 119068
        },
        "2003-06": {
            "month": "2003-06",
            "price": "68.32",
            "revenue": 118502
        },
        "2003-07": {
            "month": "2003-07",
            "price": "68.09",
            "revenue": 117158
        },
        "2003-08": {
            "month": "2003-08",
            "price": "71.02",
            "revenue": 113060
        },
        "2003-09": {
            "month": "2003-09",
            "price": "60.00",
            "revenue": 76068
        },
        "2003-10": {
            "month": "2003-10",
            "price": "45.00",
            "revenue": 83829
        },
        "2003-11": {
            "month": "2003-11",
            "price": "43.61",
            "revenue": 81979
        },
        "2003-12": {
            "month": "2003-12",
            "price": "46.53",
            "revenue": 89126
        },
        "2004-01": {
            "month": "2004-01",
            "price": "47.96",
            "revenue": 99823
        },
        "2004-02": {
            "month": "2004-02",
            "price": "49.44",
            "revenue": 100585
        },
        "2004-03": {
            "month": "2004-03",
            "price": "43.72",
            "revenue": 101614
        },
        "2004-04": {
            "month": "2004-04",
            "price": "40.30",
            "revenue": 119639
        },
        "2004-05": {
            "month": "2004-05",
            "price": "29.01",
            "revenue": 103008
        },
        "2004-06": {
            "month": "2004-06",
            "price": "26.34",
            "revenue": 103534
        },
        "2004-07": {
            "month": "2004-07",
            "price": "23.55",
            "revenue": 102923
        },
        "2004-08": {
            "month": "2004-08",
            "price": "23.06",
            "revenue": 100601
        },
        "2004-09": {
            "month": "2004-09",
            "price": "20.11",
            "revenue": 118292
        },
        "2004-10": {
            "month": "2004-10",
            "price": "18.58",
            "revenue": 122953
        },
        "2004-11": {
            "month": "2004-11",
            "price": "19.89",
            "revenue": 124614
        },
        "2004-12": {
            "month": "2004-12",
            "price": "20.80",
            "revenue": 112311
        },
        "2005-01": {
            "month": "2005-01",
            "price": "16.89",
            "revenue": 140359
        },
        "2005-02": {
            "month": "2005-02",
            "price": "18.37",
            "revenue": 121024
        },
        "2005-03": {
            "month": "2005-03",
            "price": "25.68",
            "revenue": 147562
        },
        "2005-04": {
            "month": "2005-04",
            "price": "26.00",
            "revenue": 125785
        },
        "2005-05": {
            "month": "2005-05",
            "price": "19.97",
            "revenue": 124351
        },
        "2005-06": {
            "month": "2005-06",
            "price": "23.39",
            "revenue": 117288
        },
        "2005-07": {
            "month": "2005-07",
            "price": "21.30",
            "revenue": 123468
        },
        "2005-08": {
            "month": "2005-08",
            "price": "19.03",
            "revenue": 135623
        },
        "2005-09": {
            "month": "2005-09",
            "price": "16.22",
            "revenue": 142426
        },
        "2005-10": {
            "month": "2005-10",
            "price": "15.31",
            "revenue": 143750
        },
        "2005-11": {
            "month": "2005-11",
            "price": "14.00",
            "revenue": 123381
        },
        "2005-12": {
            "month": "2005-12",
            "price": "14.46",
            "revenue": 106582
        },
        "2006-01": {
            "month": "2006-01",
            "price": "13.84",
            "revenue": 125896
        },
        "2006-02": {
            "month": "2006-02",
            "price": "12.44",
            "revenue": 91281
        },
        "2006-03": {
            "month": "2006-03",
            "price": "11.80",
            "revenue": 100978
        },
        "2006-04": {
            "month": "2006-04",
            "price": "12.53",
            "revenue": 96702
        },
        "2006-05": {
            "month": "2006-05",
            "price": "13.21",
            "revenue": 114217
        },
        "2006-06": {
            "month": "2006-06",
            "price": "11.95",
            "revenue": 131148
        },
        "2006-07": {
            "month": "2006-07",
            "price": "11.91",
            "revenue": 125866
        },
        "2006-08": {
            "month": "2006-08",
            "price": "12.59",
            "revenue": 138937
        },
        "2006-09": {
            "month": "2006-09",
            "price": "13.45",
            "revenue": 142970
        },
        "2006-10": {
            "month": "2006-10",
            "price": "22.24",
            "revenue": 119981
        },
        "2006-11": {
            "month": "2006-11",
            "price": "23.83",
            "revenue": 104563
        },
        "2006-12": {
            "month": "2006-12",
            "price": "25.08",
            "revenue": 106266
        },
        "2007-01": {
            "month": "2007-01",
            "price": "33.42",
            "revenue": 117648
        },
        "2007-02": {
            "month": "2007-02",
            "price": "39.06",
            "revenue": 96187
        },
        "2007-03": {
            "month": "2007-03",
            "price": "38.08",
            "revenue": 134071
        },
        "2007-04": {
            "month": "2007-04",
            "price": "35.72",
            "revenue": 124298
        },
        "2007-05": {
            "month": "2007-05",
            "price": "34.52",
            "revenue": 140408
        },
        "2007-06": {
            "month": "2007-06",
            "price": "38.44",
            "revenue": 134230
        },
        "2007-07": {
            "month": "2007-07",
            "price": "33.65",
            "revenue": 129455
        },
        "2007-08": {
            "month": "2007-08",
            "price": "24.27",
            "revenue": 126138
        },
        "2007-09": {
            "month": "2007-09",
            "price": "22.96",
            "revenue": 150825
        },
        "2007-10": {
            "month": "2007-10",
            "price": "23.63",
            "revenue": 159600
        },
        "2007-11": {
            "month": "2007-11",
            "price": "18.14",
            "revenue": 191575
        },
        "2007-12": {
            "month": "2007-12",
            "price": "17.87",
            "revenue": 134262
        },
        "2008-01": {
            "month": "2008-01",
            "price": "17.10",
            "revenue": 150408
        },
        "2008-02": {
            "month": "2008-02",
            "price": "15.81",
            "revenue": 192328
        },
        "2008-03": {
            "month": "2008-03",
            "price": "20.12",
            "revenue": 252410
        },
        "2008-04": {
            "month": "2008-04",
            "price": "25.17",
            "revenue": 275562
        },
        "2008-05": {
            "month": "2008-05",
            "price": "29.48",
            "revenue": 255683
        },
        "2008-06": {
            "month": "2008-06",
            "price": "24.65",
            "revenue": 195202
        },
        "2008-07": {
            "month": "2008-07",
            "price": "21.00",
            "revenue": 248593
        },
        "2008-08": {
            "month": "2008-08",
            "price": "23.72",
            "revenue": 197089
        },
        "2008-09": {
            "month": "2008-09",
            "price": "19.36",
            "revenue": 239437
        },
        "2008-10": {
            "month": "2008-10",
            "price": "14.23",
            "revenue": 173266
        },
        "2008-11": {
            "month": "2008-11",
            "price": "11.95",
            "revenue": 142522
        },
        "2008-12": {
            "month": "2008-12",
            "price": "11.02",
            "revenue": 136776
        },
        "2009-01": {
            "month": "2009-01",
            "price": "12.71",
            "revenue": 118036
        },
        "2009-02": {
            "month": "2009-02",
            "price": "13.40",
            "revenue": 227066
        },
        "2009-03": {
            "month": "2009-03",
            "price": "15.51",
            "revenue": 237725
        },
        "2009-04": {
            "month": "2009-04",
            "price": "16.10",
            "revenue": 201058
        },
        "2009-05": {
            "month": "2009-05",
            "price": "15.72",
            "revenue": 200278
        },
        "2009-06": {
            "month": "2009-06",
            "price": "15.37",
            "revenue": 252689
        },
        "2009-07": {
            "month": "2009-07",
            "price": "17.27",
            "revenue": 227163
        },
        "2009-08": {
            "month": "2009-08",
            "price": "16.71",
            "revenue": 209748
        },
        "2009-09": {
            "month": "2009-09",
            "price": "15.86",
            "revenue": 248771
        },
        "2009-10": {
            "month": "2009-10",
            "price": "21.42",
            "revenue": 196668
        },
        "2009-11": {
            "month": "2009-11",
            "price": "26.10",
            "revenue": 203298
        },
        "2009-12": {
            "month": "2009-12",
            "price": "26.32",
            "revenue": 235315
        },
        "2010-01": {
            "month": "2010-01",
            "price": "26.32",
            "revenue": 210648
        },
        "2010-02": {
            "month": "2010-02",
            "price": "24.04",
            "revenue": 183427
        },
        "2010-03": {
            "month": "2010-03",
            "price": "26.30",
            "revenue": 250249
        },
        "2010-04": {
            "month": "2010-04",
            "price": "25.77",
            "revenue": 188694
        },
        "2010-05": {
            "month": "2010-05",
            "price": "21.83",
            "revenue": 208063
        },
        "2010-06": {
            "month": "2010-06",
            "price": "21.47",
            "revenue": 258209
        },
        "2010-07": {
            "month": "2010-07",
            "price": "22.08",
            "revenue": 219097
        },
        "2010-08": {
            "month": "2010-08",
            "price": "22.26",
            "revenue": 206383
        },
        "2010-09": {
            "month": "2010-09",
            "price": "22.84",
            "revenue": 231894
        },
        "2010-10": {
            "month": "2010-10",
            "price": "22.79",
            "revenue": 160970
        },
        "2010-11": {
            "month": "2010-11",
            "price": "23.28",
            "revenue": 204184
        },
        "2010-12": {
            "month": "2010-12",
            "price": "26.98",
            "revenue": 292063
        },
        "2011-01": {
            "month": "2011-01",
            "price": "29.76",
            "revenue": 168863
        },
        "2011-02": {
            "month": "2011-02",
            "price": "28.50",
            "revenue": 159604
        },
        "2011-03": {
            "month": "2011-03",
            "price": "28.13",
            "revenue": 190545
        },
        "2011-04": {
            "month": "2011-04",
            "price": "25.88",
            "revenue": 222247
        },
        "2011-05": {
            "month": "2011-05",
            "price": "22.51",
            "revenue": 187384
        },
        "2011-06": {
            "month": "2011-06",
            "price": "25.39",
            "revenue": 204201
        },
        "2011-07": {
            "month": "2011-07",
            "price": "25.67",
            "revenue": 212155
        },
        "2011-08": {
            "month": "2011-08",
            "price": "17.44",
            "revenue": 243493
        },
        "2011-09": {
            "month": "2011-09",
            "price": "14.21",
            "revenue": 321617
        },
        "2011-10": {
            "month": "2011-10",
            "price": "17.22",
            "revenue": 291950
        },
        "2011-11": {
            "month": "2011-11",
            "price": "16.72",
            "revenue": 307662
        },
        "2011-12": {
            "month": "2011-12",
            "price": "14.65",
            "revenue": 317983
        },
        "2012-01": {
            "month": "2012-01",
            "price": "15.80",
            "revenue": 241573
        },
        "2012-02": {
            "month": "2012-02",
            "price": "20.16",
            "revenue": 264390
        },
        "2012-03": {
            "month": "2012-03",
            "price": "19.63",
            "revenue": 285906
        },
        "2012-04": {
            "month": "2012-04",
            "price": "16.34",
            "revenue": 293728
        },
        "2012-05": {
            "month": "2012-05",
            "price": "17.05",
            "revenue": 283159
        },
        "2012-06": {
            "month": "2012-06",
            "price": "17.00",
            "revenue": 259823
        },
        "2012-07": {
            "month": "2012-07",
            "price": "15.77",
            "revenue": 209426
        },
        "2012-08": {
            "month": "2012-08",
            "price": "15.39",
            "revenue": 255099
        },
        "2012-09": {
            "month": "2012-09",
            "price": "15.38",
            "revenue": 252275
        },
        "2012-10": {
            "month": "2012-10",
            "price": "13.62",
            "revenue": 255931
        },
        "2012-11": {
            "month": "2012-11",
            "price": "12.03",
            "revenue": 292076
        },
        "2012-12": {
            "month": "2012-12",
            "price": "12.68",
            "revenue": 214211
        },
        "2013-01": {
            "month": "2013-01",
            "price": "12.75",
            "revenue": 261814
        },
        "2013-02": {
            "month": "2013-02",
            "price": "13.92",
            "revenue": 296286
        },
        "2013-03": {
            "month": "2013-03",
            "price": "14.94",
            "revenue": 294148
        },
        "2013-04": {
            "month": "2013-04",
            "price": "15.90",
            "revenue": 294543
        },
        "2013-05": {
            "month": "2013-05",
            "price": "18.20",
            "revenue": 286313
        },
        "2013-06": {
            "month": "2013-06",
            "price": "17.90",
            "revenue": 326669
        },
        "2013-07": {
            "month": "2013-07",
            "price": "19.79",
            "revenue": 278640
        },
        "2013-08": {
            "month": "2013-08",
            "price": "24.37",
            "revenue": 290890
        },
        "2013-09": {
            "month": "2013-09",
            "price": "25.76",
            "revenue": 326929
        },
        "2013-10": {
            "month": "2013-10",
            "price": "30.67",
            "revenue": 312539
        },
        "2013-11": {
            "month": "2013-11",
            "price": "32.13",
            "revenue": 342849
        },
        "2013-12": {
            "month": "2013-12",
            "price": "35.42",
            "revenue": 306170
        },
        "2014-01": {
            "month": "2014-01",
            "price": "43.45",
            "revenue": 287589
        },
        "2014-02": {
            "month": "2014-02",
            "price": "48.89",
            "revenue": 298150
        },
        "2014-03": {
            "month": "2014-03",
            "price": "49.75",
            "revenue": 298868
        },
        "2014-04": {
            "month": "2014-04",
            "price": "44.05",
            "revenue": 303010
        },
        "2014-05": {
            "month": "2014-05",
            "price": "39.80",
            "revenue": 320842
        },
        "2014-06": {
            "month": "2014-06",
            "price": "43.98",
            "revenue": 343735
        },
        "2014-07": {
            "month": "2014-07",
            "price": "43.12",
            "revenue": 325249
        },
        "2014-08": {
            "month": "2014-08",
            "price": "42.67",
            "revenue": 295398
        },
        "2014-09": {
            "month": "2014-09",
            "price": "41.80",
            "revenue": 337507
        },
        "2014-10": {
            "month": "2014-10",
            "price": "36.23",
            "revenue": 291343
        },
        "2014-11": {
            "month": "2014-11",
            "price": "34.07",
            "revenue": 355797
        },
        "2014-12": {
            "month": "2014-12",
            "price": "36.39",
            "revenue": 360766
        },
        "2015-01": {
            "month": "2015-01",
            "price": "37.52",
            "revenue": 234991
        },
        "2015-02": {
            "month": "2015-02",
            "price": "34.58",
            "revenue": 289558
        },
        "2015-03": {
            "month": "2015-03",
            "price": "34.38",
            "revenue": 355081
        },
        "2015-04": {
            "month": "2015-04",
            "price": "34.76",
            "revenue": 228559
        },
        "2015-05": {
            "month": "2015-05",
            "price": "28.19",
            "revenue": 273528
        },
        "2015-06": {
            "month": "2015-06",
            "price": "24.78",
            "revenue": 190371
        },
        "2015-07": {
            "month": "2015-07",
            "price": "20.48",
            "revenue": 192389
        },
        "2015-08": {
            "month": "2015-08",
            "price": "14.89",
            "revenue": 180569
        },
        "2015-09": {
            "month": "2015-09",
            "price": "15.56",
            "revenue": 234499
        },
        "2015-10": {
            "month": "2015-10",
            "price": "18.64",
            "revenue": 213589
        },
        "2015-11": {
            "month": "2015-11",
            "price": "17.47",
            "revenue": 255089
        },
        "2015-12": {
            "month": "2015-12",
            "price": "17.60",
            "revenue": 342056
        },
        "2016-01": {
            "month": "2016-01",
            "price": "19.74",
            "revenue": 195743
        },
        "2016-02": {
            "month": "2016-02",
            "price": "20.42",
            "revenue": 213212
        },
        "2016-03": {
            "month": "2016-03",
            "price": "18.68",
            "revenue": 220644
        },
        "2016-04": {
            "month": "2016-04",
            "price": "16.15",
            "revenue": 190547
        },
        "2016-05": {
            "month": "2016-05",
            "price": "14.75",
            "revenue": 208081
        },
        "2016-06": {
            "month": "2016-06",
            "price": "15.13",
            "revenue": 226963
        },
        "2016-07": {
            "month": "2016-07",
            "price": "16.37",
            "revenue": 197702
        },
        "2016-08": {
            "month": "2016-08",
            "price": "16.34",
            "revenue": 246439
        },
        "2016-09": {
            "month": "2016-09",
            "price": "16.47",
            "revenue": 238783
        },
        "2016-10": {
            "month": "2016-10",
            "price": "15.04",
            "revenue": 203116
        },
        "2016-11": {
            "month": "2016-11",
            "price": "13.62",
            "revenue": 238566
        },
        "2016-12": {
            "month": "2016-12",
            "price": "14.26",
            "revenue": 293513
        },
        "2017-01": {
            "month": "2017-01",
            "price": "15.25",
            "revenue": 143077
        },
        "2017-02": {
            "month": "2017-02",
            "price": "14.97",
            "revenue": 180900
        },
        "2017-03": {
            "month": "2017-03",
            "price": "14.50",
            "revenue": 194699
        },
        "2017-04": {
            "month": "2017-04",
            "price": "13.78",
            "revenue": 186744
        },
        "2017-05": {
            "month": "2017-05",
            "price": "13.25",
            "revenue": 121523
        },
        "2017-06": {
            "month": "2017-06",
            "price": "13.50",
            "revenue": 136356
        },
        "2017-07": {
            "month": "2017-07",
            "price": "13.25",
            "revenue": 155474
        },
        "2017-08": {
            "month": "2017-08",
            "price": "12.79",
            "revenue": 161747
        },
        "2017-09": {
            "month": "2017-09",
            "price": "12.90",
            "revenue": 146401
        },
        "2017-10": {
            "month": "2017-10",
            "price": "12.14",
            "revenue": 137508
        },
        "2017-11": {
            "month": "2017-11",
            "price": "12.13",
            "revenue": 121178
        },
        "2017-12": {
            "month": "2017-12",
            "price": "10.98",
            "revenue": 152116
        },
        "2018-01": {
            "month": "2018-01",
            "price": "10.75",
            "revenue": 160578
        },
        "2018-02": {
            "month": "2018-02",
            "price": "10.01",
            "revenue": 127093
        },
        "2018-03": {
            "month": "2018-03",
            "price": "10.16",
            "revenue": 161394
        },
        "2018-04": {
            "month": "2018-04",
            "price": "9.61",
            "revenue": 160503
        },
        "2018-05": {
            "month": "2018-05",
            "price": "8.41",
            "revenue": 159188
        },
        "2018-06": {
            "month": "2018-06",
            "price": "8.87",
            "revenue": 178269
        },
        "2018-07": {
            "month": "2018-07",
            "price": "8.55",
            "revenue": 158960
        },
        "2018-08": {
            "month": "2018-08",
            "price": "10.01",
            "revenue": 173702
        },
        "2018-09": {
            "month": "2018-09",
            "price": "10.28",
            "revenue": 156875
        },
        "2018-10": {
            "month": "2018-10",
            "price": "8.64",
            "revenue": 131667
        },
        "2018-11": {
            "month": "2018-11",
            "price": "8.16",
            "revenue": 114428
        },
        "2018-12": {
            "month": "2018-12",
            "price": "8.21",
            "revenue": 148147
        },
        "2019-01": {
            "month": "2019-01",
            "price": "8.00",
            "revenue": 103204
        },
        "2019-02": {
            "month": "2019-02",
            "price": "8.13",
            "revenue": 89037
        },
        "2019-03": {
            "month": "2019-03",
            "price": "8.23",
            "revenue": 100968
        },
        "2019-04": {
            "month": "2019-04",
            "price": "8.23",
            "revenue": 92053
        },
        "2019-05": {
            "month": "2019-05",
            "price": "7.07",
            "revenue": 105705
        },
        "2019-06": {
            "month": "2019-06",
            "price": "7.79",
            "revenue": 105776
        },
        "2019-07": {
            "month": "2019-07",
            "price": "7.90",
            "revenue": 90862
        },
        "2019-08": {
            "month": "2019-08",
            "price": "7.21",
            "revenue": 96995
        },
        "2019-09": {
            "month": "2019-09",
            "price": "7.14",
            "revenue": 92240
        },
        "2019-10": {
            "month": "2019-10",
            "price": "7.00",
            "revenue": 114293
        },
        "2019-11": {
            "month": "2019-11",
            "price": "6.48",
            "revenue": 144752
        },
        "2019-12": {
            "month": "2019-12",
            "price": "7.20",
            "revenue": 115143
        },
        "2020-01": {
            "month": "2020-01",
            "price": "7.28",
            "revenue": 95459
        },
        "2020-02": {
            "month": "2020-02",
            "price": "6.35",
            "revenue": 103628
        },
        "2020-03": {
            "month": "2020-03",
            "price": "4.91",
            "revenue": 91127
        },
        "2020-04": {
            "month": "2020-04",
            "price": "4.53",
            "revenue": 68690
        },
        "2020-05": {
            "month": "2020-05",
            "price": "4.76",
            "revenue": 72822
        },
        "2020-06": {
            "month": "2020-06",
            "price": "4.86",
            "revenue": 66023
        },
        "2020-07": {
            "month": "2020-07",
            "price": "5.17",
            "revenue": 66770
        },
        "2020-08": {
            "month": "2020-08",
            "price": "5.95",
            "revenue": 79382
        },
        "2020-09": {
            "month": "2020-09",
            "price": "8.22",
            "revenue": 87928
        },
        "2020-10": {
            "month": "2020-10",
            "price": "11.61",
            "revenue": 67339
        },
        "2020-11": {
            "month": "2020-11",
            "price": "10.49",
            "revenue": 89926
        },
        "2020-12": {
            "month": "2020-12",
            "price": "11.12",
            "revenue": 74309
        },
        "2021-01": {
            "month": "2021-01",
            "price": "10.82",
            "revenue": 69382
        },
        "2021-02": {
            "month": "2021-02",
            "price": "10.22",
            "revenue": 59505
        },
        "2021-03": {
            "month": "2021-03",
            "price": "10.38",
            "revenue": 84335
        },
        "2021-04": {
            "month": "2021-04",
            "price": "13.17",
            "revenue": 51161
        },
        "2021-05": {
            "month": "2021-05",
            "price": "15.62",
            "revenue": 70205
        },
        "2021-06": {
            "month": "2021-06",
            "price": "15.16",
            "revenue": 93270
        },
        "2021-07": {
            "month": "2021-07",
            "price": "14.15",
            "revenue": 70603
        },
        "2021-08": {
            "month": "2021-08",
            "price": "12.68",
            "revenue": 79310
        },
        "2021-09": {
            "month": "2021-09",
            "price": "12.39",
            "revenue": 113149
        },
        "2021-10": {
            "month": "2021-10",
            "price": "13.44",
            "revenue": 86590
        },
        "2021-11": {
            "month": "2021-11",
            "price": "13.92",
            "revenue": 79440
        },
        "2021-12": {
            "month": "2021-12",
            "price": "14.45",
            "revenue": 91651
        },
        "2022-01": {
            "month": "2022-01",
            "price": "14.08",
            "revenue": 88169
        },
        "2022-02": {
            "month": "2022-02",
            "price": "13.72",
            "revenue": 72080
        },
        "2022-03": {
            "month": "2022-03",
            "price": "12.97",
            "revenue": 109796
        },
        "2022-04": {
            "month": "2022-04",
            "price": "12.78",
            "revenue": 70129
        },
        "2022-05": {
            "month": "2022-05",
            "price": "12.51",
            "revenue": 98057
        },
        "2022-06": {
            "month": "2022-06",
            "price": "12.79",
            "revenue": 96530
        },
        "2022-07": {
            "month": "2022-07",
            "price": "11.94",
            "revenue": 72976
        },
        "2022-08": {
            "month": "2022-08",
            "price": "12.53",
            "revenue": 72271
        },
        "2022-09": {
            "month": "2022-09",
            "price": "11.92",
            "revenue": 61073
        },
        "2022-10": {
            "month": "2022-10",
            "price": "10.31",
            "revenue": 44560
        },
        "2022-11": {
            "month": "2022-11",
            "price": "10.13",
            "revenue": 46684
        },
        "2022-12": {
            "month": "2022-12",
            "price": "10.09",
            "revenue": 57811
        },
        "2023-01": {
            "month": "2023-01",
            "price": "10.02",
            "revenue": 38654
        },
        "2023-02": {
            "month": "2023-02",
            "price": "11.22",
            "revenue": 38355
        },
        "2023-03": {
            "month": "2023-03",
            "price": "11.37",
            "revenue": 75042
        },
        "2023-04": {
            "month": "2023-04",
            "price": "11.73",
            "revenue": 31953
        },
        "2023-05": {
            "month": "2023-05",
            "price": "11.77",
            "revenue": 43717
        },
        "2023-06": {
            "month": "2023-06",
            "price": "12.06",
            "revenue": 56880
        },
        "2023-07": {
            "month": "2023-07",
            "price": "13.53",
            "revenue": 38769
        },
        "2023-08": {
            "month": "2023-08",
            "price": "12.52",
            "revenue": 43213
        },
        "2023-09": {
            "month": "2023-09",
            "price": "11.94",
            "revenue": 66853
        },
        "2023-10": {
            "month": "2023-10",
            "price": "11.36",
            "revenue": 51101
        },
        "2023-11": {
            "month": "2023-11",
            "price": "11.70",
            "revenue": 46115
        },
        "2023-12": {
            "month": "2023-12",
            "price": "12.67",
            "revenue": 53869
        }
    }
}
