{
    "summary": {
        "stock_name": "立德",
        "stock_id": "3058",
        "category": "電子零組件",
        "main_business": "交換式電源供應器,變壓器及電源轉換器之生產銷售及買賣<br>電信器材批發,零售<br>電子材料批發,零售",
        "website_url": "http://www.lei.com.tw",
        "ceo": "包效禹",
        "pe_ratio": 100,
        "report_year_from": 2001,
        "report_year_to": 2023,
        "age": 23,
        "eps_negative_percentage": 32,
        "eps_growth_avg": {
            "last_all": -12.92,
            "last_2y": null,
            "last_4y": null,
            "last_8y": -3.03,
            "last_12y": -20.69,
            "last_16y": -9.99,
            "last_20y": -12.92,
            "at_2006_last_3y": -23.67,
            "at_2007_last_3y": -12.8,
            "at_2008_last_3y": 18.74,
            "at_2009_last_3y": 39.05,
            "at_2010_last_3y": 8.72,
            "at_2011_last_3y": -1.87,
            "at_2012_last_3y": 24.47,
            "at_2013_last_3y": -17.98,
            "at_2014_last_3y": -33.93,
            "at_2015_last_3y": -16.01,
            "at_2016_last_3y": -16.01,
            "at_2017_last_3y": -23.56,
            "at_2018_last_3y": -3.03,
            "at_2019_last_3y": 0,
            "at_2020_last_3y": -100,
            "at_2021_last_3y": null,
            "at_2022_last_3y": null,
            "at_2023_last_3y": null,
            "at_2024_last_3y": null,
            "at_2006_last_all": -23.67,
            "at_2007_last_all": -27.36,
            "at_2008_last_all": -22.96,
            "at_2009_last_all": -2.47,
            "at_2010_last_all": -5.16,
            "at_2011_last_all": -14.61,
            "at_2012_last_all": -1.88,
            "at_2013_last_all": -8.67,
            "at_2014_last_all": -15.62,
            "at_2015_last_all": -15.08,
            "at_2016_last_all": -6.23,
            "at_2017_last_all": -12.92,
            "at_2018_last_all": -12.92,
            "at_2019_last_all": -12.92,
            "at_2020_last_all": -12.92,
            "at_2021_last_all": -12.92,
            "at_2022_last_all": -12.92,
            "at_2023_last_all": -12.92,
            "at_2024_last_all": -12.92
        },
        "latest_eps": 0.19,
        "latest_price": 20.55,
        "latest_roe": 1.96,
        "latest_gross_margin": 16.08,
        "latest_equity": 1583211,
        "latest_revenue": 906412,
        "latest_gross_profit": 145709,
        "latest_net_income": -4170,
        "latest_debt_ratio": 63.78,
        "latest_current_ratio": 144.87,
        "latest_account_receivable_turnover_ratio": 0.83,
        "latest_inventory_turnover_ratio": 1.01,
        "latest_reinvestment_rate": null,
        "latest_research_to_sale_ratio": 4.96
    },
    "eps_dividends": {
        "2001": {
            "cash": 0.5,
            "stock": 1.5,
            "eps": 0
        },
        "2002": {
            "cash": 0.5,
            "stock": 1.5,
            "eps": 2.76
        },
        "2003": {
            "cash": 1,
            "stock": 1,
            "eps": 0.8
        },
        "2004": {
            "cash": 0.3,
            "stock": 0.2,
            "eps": -1.04
        },
        "2005": {
            "cash": 0,
            "stock": 0,
            "eps": 0.61
        },
        "2006": {
            "cash": 0,
            "stock": 0.4,
            "eps": 1.51
        },
        "2007": {
            "cash": 1.4,
            "stock": 0,
            "eps": 0.93
        },
        "2008": {
            "cash": 0.65,
            "stock": 0.36,
            "eps": 0.88
        },
        "2009": {
            "cash": 0.78,
            "stock": 0.3,
            "eps": 2.58
        },
        "2010": {
            "cash": 1.8,
            "stock": 0.5,
            "eps": 2.03
        },
        "2011": {
            "cash": 1.7,
            "stock": 0,
            "eps": 0.39
        },
        "2012": {
            "cash": 0,
            "stock": 0,
            "eps": 2.45
        },
        "2013": {
            "cash": 1.8,
            "stock": 0,
            "eps": 0.74
        },
        "2014": {
            "cash": 0.5,
            "stock": 0,
            "eps": 0.11
        },
        "2015": {
            "cash": 0.5,
            "stock": 0,
            "eps": 0.1
        },
        "2016": {
            "cash": 0.5,
            "stock": 0,
            "eps": 0.58
        },
        "2017": {
            "cash": 0.5,
            "stock": 0,
            "eps": -0.21
        },
        "2018": {
            "cash": 0,
            "stock": 0,
            "eps": -0.95
        },
        "2019": {
            "cash": 0.2,
            "stock": 0,
            "eps": -0.09
        },
        "2020": {
            "cash": 0.1,
            "stock": 0,
            "eps": -0.76
        },
        "2021": {
            "cash": 0.15,
            "stock": 0,
            "eps": -2.06
        },
        "2022": {
            "cash": 0,
            "stock": 0,
            "eps": -1.01
        },
        "2023": {
            "cash": 0,
            "stock": 0,
            "eps": 0.11
        }
    },
    "dividends": {
        "2001-05-18": {
            "cash": 0.5,
            "stock": 1.5
        },
        "2002-05-22": {
            "cash": 0.5,
            "stock": 1.5
        },
        "2003-04-04": {
            "cash": 1,
            "stock": 1
        },
        "2004-03-25": {
            "cash": 0.3,
            "stock": 0.2
        },
        "2006-03-24": {
            "cash": 0,
            "stock": 0.4
        },
        "2007-04-20": {
            "cash": 1.4,
            "stock": 0
        },
        "2008-03-25": {
            "cash": 0.65,
            "stock": 0.36
        },
        "2009-04-24": {
            "cash": 0.78,
            "stock": 0.3
        },
        "2010-04-30": {
            "cash": 1.8,
            "stock": 0.5
        },
        "2011-01-01": {
            "cash": 0.5,
            "stock": 0
        },
        "2011-04-29": {
            "cash": 1.2,
            "stock": 0
        },
        "2013-03-28": {
            "cash": 1.8,
            "stock": 0
        },
        "2014-09-01": {
            "cash": 0.5,
            "stock": 0
        },
        "2015-08-28": {
            "cash": 0.5,
            "stock": 0
        },
        "2016-08-26": {
            "cash": 0.5,
            "stock": 0
        },
        "2017-08-31": {
            "cash": 0.5,
            "stock": 0
        },
        "2019-08-30": {
            "cash": 0.2,
            "stock": 0
        },
        "2020-08-28": {
            "cash": 0.1,
            "stock": 0
        },
        "2021-08-27": {
            "cash": 0.15,
            "stock": 0
        }
    },
    "prices": {
        "200101": "無",
        "200102": "無",
        "200103": "無",
        "200104": "無",
        "200105": "無",
        "200106": "無",
        "200107": "無",
        "200108": "無",
        "200109": "無",
        "200110": "無",
        "200111": "無",
        "200112": "無",
        "200201": "無",
        "200202": "無",
        "200203": "無",
        "200204": "無",
        "200205": "無",
        "200206": "無",
        "200207": "無",
        "200208": "無",
        "200209": "無",
        "200210": "無",
        "200211": "無",
        "200212": "24.85",
        "200301": "23.63",
        "200302": "23.81",
        "200303": "20.97",
        "200304": "17.41",
        "200305": "15.31",
        "200306": "17.34",
        "200307": "17.83",
        "200308": "16.89",
        "200309": "13.36",
        "200310": "14.64",
        "200311": "14.84",
        "200312": "15.17",
        "200401": "14.29",
        "200402": "15.01",
        "200403": "14.06",
        "200404": "13.37",
        "200405": "10.64",
        "200406": "9.70",
        "200407": "8.22",
        "200408": "7.36",
        "200409": "7.30",
        "200410": "7.34",
        "200411": "8.42",
        "200412": "8.25",
        "200501": "8.31",
        "200502": "8.41",
        "200503": "8.92",
        "200504": "8.26",
        "200505": "7.16",
        "200506": "8.06",
        "200507": "8.95",
        "200508": "7.83",
        "200509": "7.76",
        "200510": "7.39",
        "200511": "8.54",
        "200512": "11.82",
        "200601": "15.98",
        "200602": "16.49",
        "200603": "16.62",
        "200604": "18.17",
        "200605": "17.01",
        "200606": "12.74",
        "200607": "12.01",
        "200608": "13.33",
        "200609": "14.73",
        "200610": "16.94",
        "200611": "18.25",
        "200612": "22.08",
        "200701": "25.02",
        "200702": "26.45",
        "200703": "27.69",
        "200704": "27.59",
        "200705": "26.14",
        "200706": "29.04",
        "200707": "29.36",
        "200708": "25.03",
        "200709": "22.91",
        "200710": "20.12",
        "200711": "16.42",
        "200712": "14.17",
        "200801": "12.51",
        "200802": "12.92",
        "200803": "13.64",
        "200804": "14.00",
        "200805": "14.76",
        "200806": "13.02",
        "200807": "10.18",
        "200808": "9.97",
        "200809": "7.99",
        "200810": "6.96",
        "200811": "6.37",
        "200812": "7.53",
        "200901": "7.62",
        "200902": "7.74",
        "200903": "8.77",
        "200904": "11.53",
        "200905": "14.54",
        "200906": "14.60",
        "200907": "17.09",
        "200908": "17.48",
        "200909": "20.08",
        "200910": "22.35",
        "200911": "24.34",
        "200912": "27.62",
        "201001": "27.62",
        "201002": "23.86",
        "201003": "27.89",
        "201004": "28.72",
        "201005": "27.56",
        "201006": "28.12",
        "201007": "27.22",
        "201008": "25.60",
        "201009": "20.89",
        "201010": "21.26",
        "201011": "20.09",
        "201012": "21.15",
        "201101": "20.64",
        "201102": "20.09",
        "201103": "17.94",
        "201104": "16.66",
        "201105": "15.44",
        "201106": "15.73",
        "201107": "14.13",
        "201108": "10.54",
        "201109": "10.25",
        "201110": "10.04",
        "201111": "10.44",
        "201112": "9.99",
        "201201": "10.04",
        "201202": "12.28",
        "201203": "12.38",
        "201204": "11.20",
        "201205": "11.95",
        "201206": "11.30",
        "201207": "11.80",
        "201208": "13.60",
        "201209": "15.98",
        "201210": "15.08",
        "201211": "15.08",
        "201212": "15.08",
        "201301": "16.94",
        "201302": "18.92",
        "201303": "19.55",
        "201304": "19.84",
        "201305": "18.85",
        "201306": "17.64",
        "201307": "17.58",
        "201308": "15.40",
        "201309": "15.38",
        "201310": "14.92",
        "201311": "14.35",
        "201312": "15.08",
        "201401": "15.73",
        "201402": "15.44",
        "201403": "16.09",
        "201404": "14.92",
        "201405": "13.59",
        "201406": "13.70",
        "201407": "13.66",
        "201408": "12.40",
        "201409": "11.97",
        "201410": "11.04",
        "201411": "11.54",
        "201412": "11.88",
        "201501": "11.89",
        "201502": "11.70",
        "201503": "12.01",
        "201504": "12.70",
        "201505": "11.92",
        "201506": "10.62",
        "201507": "10.13",
        "201508": "8.56",
        "201509": "9.27",
        "201510": "9.46",
        "201511": "9.17",
        "201512": "8.54",
        "201601": "8.19",
        "201602": "8.66",
        "201603": "9.51",
        "201604": "9.56",
        "201605": "9.22",
        "201606": "9.15",
        "201607": "9.54",
        "201608": "9.26",
        "201609": "9.47",
        "201610": "10.31",
        "201611": "9.81",
        "201612": "10.40",
        "201701": "10.50",
        "201702": "10.78",
        "201703": "10.88",
        "201704": "10.78",
        "201705": "10.35",
        "201706": "10.22",
        "201707": "10.20",
        "201708": "9.97",
        "201709": "9.96",
        "201710": "9.85",
        "201711": "9.38",
        "201712": "8.87",
        "201801": "9.13",
        "201802": "8.83",
        "201803": "8.86",
        "201804": "8.46",
        "201805": "8.10",
        "201806": "8.61",
        "201807": "8.46",
        "201808": "8.24",
        "201809": "8.06",
        "201810": "7.34",
        "201811": "7.13",
        "201812": "7.74",
        "201901": "7.72",
        "201902": "8.03",
        "201903": "8.18",
        "201904": "8.31",
        "201905": "8.17",
        "201906": "7.78",
        "201907": "7.65",
        "201908": "7.44",
        "201909": "7.43",
        "201910": "7.44",
        "201911": "7.36",
        "201912": "7.20",
        "202001": "7.05",
        "202002": "6.60",
        "202003": "5.60",
        "202004": "5.73",
        "202005": "6.96",
        "202006": "6.69",
        "202007": "7.03",
        "202008": "6.97",
        "202009": "7.92",
        "202010": "8.38",
        "202011": "8.29",
        "202012": "9.15",
        "202101": "11.91",
        "202102": "12.84",
        "202103": "14.42",
        "202104": "20.98",
        "202105": "15.74",
        "202106": "15.57",
        "202107": "17.66",
        "202108": "15.98",
        "202109": "15.08",
        "202110": "14.30",
        "202111": "16.92",
        "202112": "16.24",
        "202201": "14.88",
        "202202": "14.72",
        "202203": "13.90",
        "202204": "12.46",
        "202205": "10.92",
        "202206": "10.93",
        "202207": "10.29",
        "202208": "11.19",
        "202209": "10.31",
        "202210": "9.46",
        "202211": "9.76",
        "202212": "10.07",
        "202301": "9.82",
        "202302": "11.55",
        "202303": "15.11",
        "202304": "19.71",
        "202305": "26.48",
        "202306": "29.08",
        "202307": "24.65",
        "202308": "20.59",
        "202309": "20.08",
        "202310": "19.40",
        "202311": "20.15",
        "202312": "20.50"
    },
    "quarters": {
        "20011": {
            "year_quarter": 20011,
            "year": 2001,
            "quarter": 1,
            "eps": null,
            "eps_growth_year": null,
            "eps_4q": null,
            "eps_4q_growth_year": null,
            "roe": null,
            "roe_4q": 0,
            "gross_profit": null,
            "gross_margin": null,
            "gross_margin_4q_avg": 0,
            "net_income": null,
            "net_income_4q": null,
            "revenue": null,
            "revenue_4q": null,
            "common_shares": null,
            "book_valuer_per_share": null,
            "book_valuer_per_share_4q_avg": 0,
            "equity": null,
            "current_ratio": null,
            "debt_ratio": null,
            "inventory_turnover_ratio": null,
            "account_receivable_turnover_ratio": null,
            "reinvestment_rate": null,
            "research_to_sale_ratio": null,
            "price_fair": 0,
            "eps_avg_yearly": 0,
            "eps_latest_yearly": 0,
            "eps_growth_yearly": 0
        },
        "20012": {
            "year_quarter": 20012,
            "year": 2001,
            "quarter": 2,
            "eps": null,
            "eps_growth_year": null,
            "eps_4q": null,
            "eps_4q_growth_year": null,
            "roe": null,
            "roe_4q": 0,
            "gross_profit": null,
            "gross_margin": null,
            "gross_margin_4q_avg": 0,
            "net_income": null,
            "net_income_4q": null,
            "revenue": null,
            "revenue_4q": null,
            "common_shares": null,
            "book_valuer_per_share": null,
            "book_valuer_per_share_4q_avg": 0,
            "equity": null,
            "current_ratio": null,
            "debt_ratio": null,
            "inventory_turnover_ratio": null,
            "account_receivable_turnover_ratio": null,
            "reinvestment_rate": null,
            "research_to_sale_ratio": null,
            "price_fair": 0,
            "eps_avg_yearly": 0,
            "eps_latest_yearly": 0,
            "eps_growth_yearly": 0
        },
        "20013": {
            "year_quarter": 20013,
            "year": 2001,
            "quarter": 3,
            "eps": null,
            "eps_growth_year": null,
            "eps_4q": null,
            "eps_4q_growth_year": null,
            "roe": null,
            "roe_4q": 0,
            "gross_profit": null,
            "gross_margin": null,
            "gross_margin_4q_avg": 0,
            "net_income": null,
            "net_income_4q": null,
            "revenue": null,
            "revenue_4q": null,
            "common_shares": null,
            "book_valuer_per_share": null,
            "book_valuer_per_share_4q_avg": 0,
            "equity": null,
            "current_ratio": null,
            "debt_ratio": null,
            "inventory_turnover_ratio": null,
            "account_receivable_turnover_ratio": null,
            "reinvestment_rate": null,
            "research_to_sale_ratio": null,
            "price_fair": 0,
            "eps_avg_yearly": 0,
            "eps_latest_yearly": 0,
            "eps_growth_yearly": 0
        },
        "20014": {
            "year_quarter": 20014,
            "year": 2001,
            "quarter": 4,
            "eps": null,
            "eps_growth_year": null,
            "eps_4q": null,
            "eps_4q_growth_year": null,
            "roe": null,
            "roe_4q": 0,
            "gross_profit": null,
            "gross_margin": null,
            "gross_margin_4q_avg": 0,
            "net_income": null,
            "net_income_4q": null,
            "revenue": null,
            "revenue_4q": null,
            "common_shares": 697500,
            "book_valuer_per_share": 15.98,
            "book_valuer_per_share_4q_avg": 4,
            "equity": 1114488,
            "current_ratio": 132.27,
            "debt_ratio": 54.88,
            "inventory_turnover_ratio": null,
            "account_receivable_turnover_ratio": null,
            "reinvestment_rate": null,
            "research_to_sale_ratio": null,
            "price_fair": 0,
            "eps_avg_yearly": 0,
            "eps_latest_yearly": 0,
            "eps_growth_yearly": 0
        },
        "20021": {
            "year_quarter": 20021,
            "year": 2002,
            "quarter": 1,
            "eps": 0.74,
            "eps_growth_year": null,
            "eps_4q": null,
            "eps_4q_growth_year": null,
            "roe": 4.55,
            "roe_4q": 4.55,
            "gross_profit": 121106,
            "gross_margin": 16.82,
            "gross_margin_4q_avg": 4.21,
            "net_income": 51891,
            "net_income_4q": null,
            "revenue": 720012,
            "revenue_4q": null,
            "common_shares": 697500,
            "book_valuer_per_share": 16.72,
            "book_valuer_per_share_4q_avg": 8.18,
            "equity": 1166021,
            "current_ratio": 205.5,
            "debt_ratio": 28.15,
            "inventory_turnover_ratio": 3.24,
            "account_receivable_turnover_ratio": null,
            "reinvestment_rate": null,
            "research_to_sale_ratio": null,
            "price_fair": 0,
            "eps_avg_yearly": 0,
            "eps_latest_yearly": 0,
            "eps_growth_yearly": 0
        },
        "20022": {
            "year_quarter": 20022,
            "year": 2002,
            "quarter": 2,
            "eps": 0.69,
            "eps_growth_year": null,
            "eps_4q": null,
            "eps_4q_growth_year": null,
            "roe": 4.14,
            "roe_4q": 8.69,
            "gross_profit": 109324,
            "gross_margin": 13.32,
            "gross_margin_4q_avg": 7.54,
            "net_income": 47925,
            "net_income_4q": null,
            "revenue": 820930,
            "revenue_4q": null,
            "common_shares": 697500,
            "book_valuer_per_share": 16.46,
            "book_valuer_per_share_4q_avg": 12.29,
            "equity": 1147753,
            "current_ratio": 165.22,
            "debt_ratio": 35.98,
            "inventory_turnover_ratio": 53.61,
            "account_receivable_turnover_ratio": null,
            "reinvestment_rate": null,
            "research_to_sale_ratio": null,
            "price_fair": 8.28,
            "eps_avg_yearly": 2.76,
            "eps_latest_yearly": 2.76,
            "eps_growth_yearly": -27.03
        },
        "20023": {
            "year_quarter": 20023,
            "year": 2002,
            "quarter": 3,
            "eps": 0.46,
            "eps_growth_year": null,
            "eps_4q": null,
            "eps_4q_growth_year": null,
            "roe": 3.17,
            "roe_4q": 11.86,
            "gross_profit": 108757,
            "gross_margin": 12.19,
            "gross_margin_4q_avg": 10.58,
            "net_income": 37290,
            "net_income_4q": null,
            "revenue": 891868,
            "revenue_4q": null,
            "common_shares": 697500,
            "book_valuer_per_share": 17.31,
            "book_valuer_per_share_4q_avg": 16.62,
            "equity": 1207282,
            "current_ratio": 152.05,
            "debt_ratio": 38.84,
            "inventory_turnover_ratio": 62.08,
            "account_receivable_turnover_ratio": null,
            "reinvestment_rate": null,
            "research_to_sale_ratio": null,
            "price_fair": 6.9,
            "eps_avg_yearly": 2.3,
            "eps_latest_yearly": 1.84,
            "eps_growth_yearly": -80.18
        },
        "20024": {
            "year_quarter": 20024,
            "year": 2002,
            "quarter": 4,
            "eps": 0.87,
            "eps_growth_year": null,
            "eps_4q": 2.56,
            "eps_4q_growth_year": null,
            "roe": 5.67,
            "roe_4q": 17.53,
            "gross_profit": 102699,
            "gross_margin": 12.93,
            "gross_margin_4q_avg": 13.82,
            "net_income": 70586,
            "net_income_4q": null,
            "revenue": 794234,
            "revenue_4q": null,
            "common_shares": 809125,
            "book_valuer_per_share": 15.84,
            "book_valuer_per_share_4q_avg": 16.58,
            "equity": 1281638,
            "current_ratio": 134.46,
            "debt_ratio": 54.97,
            "inventory_turnover_ratio": 4.51,
            "account_receivable_turnover_ratio": null,
            "reinvestment_rate": null,
            "research_to_sale_ratio": null,
            "price_fair": 94.27,
            "eps_avg_yearly": 2.69,
            "eps_latest_yearly": 3.48,
            "eps_growth_yearly": 65.39
        },
        "20031": {
            "year_quarter": 20031,
            "year": 2003,
            "quarter": 1,
            "eps": -0.1,
            "eps_growth_year": -113.51,
            "eps_4q": 1.79,
            "eps_4q_growth_year": null,
            "roe": -0.65,
            "roe_4q": 12.329999999999998,
            "gross_profit": 61642,
            "gross_margin": 10.68,
            "gross_margin_4q_avg": 12.28,
            "net_income": -8259,
            "net_income_4q": null,
            "revenue": 577292,
            "revenue_4q": null,
            "common_shares": 809125,
            "book_valuer_per_share": 15.74,
            "book_valuer_per_share_4q_avg": 16.34,
            "equity": 1273580,
            "current_ratio": 190.06,
            "debt_ratio": 25.95,
            "inventory_turnover_ratio": 3.19,
            "account_receivable_turnover_ratio": null,
            "reinvestment_rate": null,
            "research_to_sale_ratio": null,
            "price_fair": 94.27,
            "eps_avg_yearly": 2.69,
            "eps_latest_yearly": 3.48,
            "eps_growth_yearly": 65.39
        },
        "20032": {
            "year_quarter": 20032,
            "year": 2003,
            "quarter": 2,
            "eps": 0.2,
            "eps_growth_year": -71.01,
            "eps_4q": 1.44,
            "eps_4q_growth_year": null,
            "roe": 1.3,
            "roe_4q": 9.49,
            "gross_profit": 96560,
            "gross_margin": 13.1,
            "gross_margin_4q_avg": 12.23,
            "net_income": 16014,
            "net_income_4q": null,
            "revenue": 736816,
            "revenue_4q": null,
            "common_shares": 809125,
            "book_valuer_per_share": 14.82,
            "book_valuer_per_share_4q_avg": 15.93,
            "equity": 1199335,
            "current_ratio": 129.52,
            "debt_ratio": 39.71,
            "inventory_turnover_ratio": 22.34,
            "account_receivable_turnover_ratio": null,
            "reinvestment_rate": null,
            "research_to_sale_ratio": null,
            "price_fair": 94.27,
            "eps_avg_yearly": 2.69,
            "eps_latest_yearly": 3.48,
            "eps_growth_yearly": 65.39
        },
        "20033": {
            "year_quarter": 20033,
            "year": 2003,
            "quarter": 3,
            "eps": 0.7,
            "eps_growth_year": 52.17,
            "eps_4q": 1.57,
            "eps_4q_growth_year": null,
            "roe": 5.13,
            "roe_4q": 11.45,
            "gross_profit": 76700,
            "gross_margin": 8.73,
            "gross_margin_4q_avg": 11.36,
            "net_income": 62673,
            "net_income_4q": null,
            "revenue": 879036,
            "revenue_4q": null,
            "common_shares": 890038,
            "book_valuer_per_share": 13.96,
            "book_valuer_per_share_4q_avg": 15.09,
            "equity": 1242927,
            "current_ratio": 122.07,
            "debt_ratio": 42.99,
            "inventory_turnover_ratio": 30.73,
            "account_receivable_turnover_ratio": null,
            "reinvestment_rate": null,
            "research_to_sale_ratio": null,
            "price_fair": 95.2,
            "eps_avg_yearly": 2.72,
            "eps_latest_yearly": 2.8,
            "eps_growth_yearly": 299.04
        },
        "20034": {
            "year_quarter": 20034,
            "year": 2003,
            "quarter": 4,
            "eps": 0,
            "eps_growth_year": -100,
            "eps_4q": 0.79,
            "eps_4q_growth_year": -69.14,
            "roe": 0.01,
            "roe_4q": 5.789999999999999,
            "gross_profit": 93132,
            "gross_margin": 10.18,
            "gross_margin_4q_avg": 10.67,
            "net_income": 137,
            "net_income_4q": null,
            "revenue": 914518,
            "revenue_4q": null,
            "common_shares": 890037,
            "book_valuer_per_share": 14.02,
            "book_valuer_per_share_4q_avg": 14.64,
            "equity": 1247417,
            "current_ratio": 111.1,
            "debt_ratio": 61.79,
            "inventory_turnover_ratio": 3.42,
            "account_receivable_turnover_ratio": null,
            "reinvestment_rate": null,
            "research_to_sale_ratio": null,
            "price_fair": 95.2,
            "eps_avg_yearly": 2.72,
            "eps_latest_yearly": 2.8,
            "eps_growth_yearly": 299.04
        },
        "20041": {
            "year_quarter": 20041,
            "year": 2004,
            "quarter": 1,
            "eps": -0.11,
            "eps_growth_year": null,
            "eps_4q": 0.79,
            "eps_4q_growth_year": -55.89,
            "roe": -0.78,
            "roe_4q": 5.659999999999999,
            "gross_profit": 67265,
            "gross_margin": 8.2,
            "gross_margin_4q_avg": 10.05,
            "net_income": -9655,
            "net_income_4q": null,
            "revenue": 820253,
            "revenue_4q": null,
            "common_shares": 890037,
            "book_valuer_per_share": 13.63,
            "book_valuer_per_share_4q_avg": 14.11,
            "equity": 1212723,
            "current_ratio": 120.33,
            "debt_ratio": 38.18,
            "inventory_turnover_ratio": 3.1,
            "account_receivable_turnover_ratio": null,
            "reinvestment_rate": null,
            "research_to_sale_ratio": null,
            "price_fair": 95.2,
            "eps_avg_yearly": 2.72,
            "eps_latest_yearly": 2.8,
            "eps_growth_yearly": 299.04
        },
        "20042": {
            "year_quarter": 20042,
            "year": 2004,
            "quarter": 2,
            "eps": -0.43,
            "eps_growth_year": -315,
            "eps_4q": 0.15,
            "eps_4q_growth_year": -89.27,
            "roe": -3.31,
            "roe_4q": 1.0499999999999998,
            "gross_profit": 90459,
            "gross_margin": 11.8,
            "gross_margin_4q_avg": 9.73,
            "net_income": -39364,
            "net_income_4q": null,
            "revenue": 766392,
            "revenue_4q": null,
            "common_shares": 890037,
            "book_valuer_per_share": 13.07,
            "book_valuer_per_share_4q_avg": 13.67,
            "equity": 1162919,
            "current_ratio": 119.35,
            "debt_ratio": 41.25,
            "inventory_turnover_ratio": 23.74,
            "account_receivable_turnover_ratio": null,
            "reinvestment_rate": null,
            "research_to_sale_ratio": null,
            "price_fair": 95.2,
            "eps_avg_yearly": 2.72,
            "eps_latest_yearly": 2.8,
            "eps_growth_yearly": 299.04
        },
        "20043": {
            "year_quarter": 20043,
            "year": 2004,
            "quarter": 3,
            "eps": -0.03,
            "eps_growth_year": -104.29,
            "eps_4q": -0.57,
            "eps_4q_growth_year": -136.33,
            "roe": -0.27,
            "roe_4q": -4.3500000000000005,
            "gross_profit": 123264,
            "gross_margin": 12.65,
            "gross_margin_4q_avg": 10.71,
            "net_income": -3071,
            "net_income_4q": null,
            "revenue": 974147,
            "revenue_4q": null,
            "common_shares": 907838,
            "book_valuer_per_share": 12.71,
            "book_valuer_per_share_4q_avg": 13.36,
            "equity": 1154130,
            "current_ratio": 121.24,
            "debt_ratio": 45.21,
            "inventory_turnover_ratio": 30.97,
            "account_receivable_turnover_ratio": null,
            "reinvestment_rate": null,
            "research_to_sale_ratio": null,
            "price_fair": 95.2,
            "eps_avg_yearly": 2.72,
            "eps_latest_yearly": 2.8,
            "eps_growth_yearly": 299.04
        },
        "20044": {
            "year_quarter": 20044,
            "year": 2004,
            "quarter": 4,
            "eps": -0.47,
            "eps_growth_year": null,
            "eps_4q": -1.04,
            "eps_4q_growth_year": -231.65,
            "roe": -3.8,
            "roe_4q": -8.16,
            "gross_profit": 3962,
            "gross_margin": 0.41,
            "gross_margin_4q_avg": 8.27,
            "net_income": -42222,
            "net_income_4q": null,
            "revenue": 962007,
            "revenue_4q": null,
            "common_shares": 907838,
            "book_valuer_per_share": 11.78,
            "book_valuer_per_share_4q_avg": 12.8,
            "equity": 1069451,
            "current_ratio": 119.24,
            "debt_ratio": 63.05,
            "inventory_turnover_ratio": 3.87,
            "account_receivable_turnover_ratio": null,
            "reinvestment_rate": null,
            "research_to_sale_ratio": null,
            "price_fair": 95.2,
            "eps_avg_yearly": 2.72,
            "eps_latest_yearly": 2.8,
            "eps_growth_yearly": 299.04
        },
        "20051": {
            "year_quarter": 20051,
            "year": 2005,
            "quarter": 1,
            "eps": -0.14,
            "eps_growth_year": null,
            "eps_4q": -1.1,
            "eps_4q_growth_year": -239.56,
            "roe": -1.16,
            "roe_4q": -8.540000000000001,
            "gross_profit": 92722,
            "gross_margin": 10.44,
            "gross_margin_4q_avg": 8.83,
            "net_income": -12348,
            "net_income_4q": null,
            "revenue": 888072,
            "revenue_4q": null,
            "common_shares": 907838,
            "book_valuer_per_share": 11.57,
            "book_valuer_per_share_4q_avg": 12.28,
            "equity": 1050392,
            "current_ratio": 116.81,
            "debt_ratio": 47.31,
            "inventory_turnover_ratio": 3,
            "account_receivable_turnover_ratio": null,
            "reinvestment_rate": null,
            "research_to_sale_ratio": null,
            "price_fair": 95.2,
            "eps_avg_yearly": 2.72,
            "eps_latest_yearly": 2.8,
            "eps_growth_yearly": 299.04
        },
        "20052": {
            "year_quarter": 20052,
            "year": 2005,
            "quarter": 2,
            "eps": -0.2,
            "eps_growth_year": null,
            "eps_4q": -0.83,
            "eps_4q_growth_year": -637.45,
            "roe": -1.73,
            "roe_4q": -6.959999999999999,
            "gross_profit": 80828,
            "gross_margin": 8.63,
            "gross_margin_4q_avg": 8.03,
            "net_income": -17962,
            "net_income_4q": null,
            "revenue": 936367,
            "revenue_4q": null,
            "common_shares": 907838,
            "book_valuer_per_share": 11.36,
            "book_valuer_per_share_4q_avg": 11.86,
            "equity": 1031533,
            "current_ratio": 118.81,
            "debt_ratio": 47.58,
            "inventory_turnover_ratio": 14.74,
            "account_receivable_turnover_ratio": null,
            "reinvestment_rate": null,
            "research_to_sale_ratio": null,
            "price_fair": 95.2,
            "eps_avg_yearly": 2.72,
            "eps_latest_yearly": 2.8,
            "eps_growth_yearly": 299.04
        },
        "20053": {
            "year_quarter": 20053,
            "year": 2005,
            "quarter": 3,
            "eps": 0.35,
            "eps_growth_year": null,
            "eps_4q": -0.45,
            "eps_4q_growth_year": null,
            "roe": 2.96,
            "roe_4q": -3.7299999999999995,
            "gross_profit": 80083,
            "gross_margin": 7.29,
            "gross_margin_4q_avg": 6.69,
            "net_income": 31590,
            "net_income_4q": null,
            "revenue": 1097869,
            "revenue_4q": null,
            "common_shares": 907838,
            "book_valuer_per_share": 12.17,
            "book_valuer_per_share_4q_avg": 11.72,
            "equity": 1104835,
            "current_ratio": 115.75,
            "debt_ratio": 50.18,
            "inventory_turnover_ratio": 19.75,
            "account_receivable_turnover_ratio": null,
            "reinvestment_rate": null,
            "research_to_sale_ratio": null,
            "price_fair": 95.2,
            "eps_avg_yearly": 2.72,
            "eps_latest_yearly": 2.8,
            "eps_growth_yearly": 299.04
        },
        "20054": {
            "year_quarter": 20054,
            "year": 2005,
            "quarter": 4,
            "eps": 0.6,
            "eps_growth_year": null,
            "eps_4q": 0.61,
            "eps_4q_growth_year": null,
            "roe": 4.77,
            "roe_4q": 4.84,
            "gross_profit": 80753,
            "gross_margin": 6.69,
            "gross_margin_4q_avg": 8.26,
            "net_income": 53679,
            "net_income_4q": null,
            "revenue": 1206539,
            "revenue_4q": null,
            "common_shares": 907838,
            "book_valuer_per_share": 12.6,
            "book_valuer_per_share_4q_avg": 11.93,
            "equity": 1143731,
            "current_ratio": 114.35,
            "debt_ratio": 66.34,
            "inventory_turnover_ratio": 3.61,
            "account_receivable_turnover_ratio": null,
            "reinvestment_rate": 27.57,
            "research_to_sale_ratio": null,
            "price_fair": 92.96,
            "eps_avg_yearly": 2.66,
            "eps_latest_yearly": 2.4,
            "eps_growth_yearly": 296.38
        },
        "20061": {
            "year_quarter": 20061,
            "year": 2006,
            "quarter": 1,
            "eps": 0.34,
            "eps_growth_year": null,
            "eps_4q": 1.11,
            "eps_4q_growth_year": null,
            "roe": 2.58,
            "roe_4q": 8.579999999999998,
            "gross_profit": 62208,
            "gross_margin": 7.33,
            "gross_margin_4q_avg": 7.49,
            "net_income": 29913,
            "net_income_4q": null,
            "revenue": 848368,
            "revenue_4q": null,
            "common_shares": 913708,
            "book_valuer_per_share": 12.82,
            "book_valuer_per_share_4q_avg": 12.24,
            "equity": 1171221,
            "current_ratio": 120.47,
            "debt_ratio": 42.61,
            "inventory_turnover_ratio": 2.53,
            "account_receivable_turnover_ratio": null,
            "reinvestment_rate": -9.76,
            "research_to_sale_ratio": null,
            "price_fair": 85.4,
            "eps_avg_yearly": 2.44,
            "eps_latest_yearly": 1.36,
            "eps_growth_yearly": 218.09
        },
        "20062": {
            "year_quarter": 20062,
            "year": 2006,
            "quarter": 2,
            "eps": 0.14,
            "eps_growth_year": null,
            "eps_4q": 1.48,
            "eps_4q_growth_year": null,
            "roe": 1.02,
            "roe_4q": 11.329999999999998,
            "gross_profit": 53583,
            "gross_margin": 6.87,
            "gross_margin_4q_avg": 7.05,
            "net_income": 11996,
            "net_income_4q": null,
            "revenue": 779581,
            "revenue_4q": null,
            "common_shares": 913708,
            "book_valuer_per_share": 13.03,
            "book_valuer_per_share_4q_avg": 12.66,
            "equity": 1190255,
            "current_ratio": 122.12,
            "debt_ratio": 37.16,
            "inventory_turnover_ratio": 15.76,
            "account_receivable_turnover_ratio": null,
            "reinvestment_rate": -10.94,
            "research_to_sale_ratio": null,
            "price_fair": 72.57,
            "eps_avg_yearly": 2.07,
            "eps_latest_yearly": 0.56,
            "eps_growth_yearly": 183.38
        },
        "20063": {
            "year_quarter": 20063,
            "year": 2006,
            "quarter": 3,
            "eps": 0.6,
            "eps_growth_year": 71.43,
            "eps_4q": 1.65,
            "eps_4q_growth_year": null,
            "roe": 4.54,
            "roe_4q": 12.91,
            "gross_profit": 102273,
            "gross_margin": 8.92,
            "gross_margin_4q_avg": 7.45,
            "net_income": 54820,
            "net_income_4q": null,
            "revenue": 1146540,
            "revenue_4q": null,
            "common_shares": 949079,
            "book_valuer_per_share": 12.88,
            "book_valuer_per_share_4q_avg": 12.83,
            "equity": 1222074,
            "current_ratio": 108.82,
            "debt_ratio": 48.13,
            "inventory_turnover_ratio": 24.17,
            "account_receivable_turnover_ratio": null,
            "reinvestment_rate": -31.53,
            "research_to_sale_ratio": null,
            "price_fair": 75.83,
            "eps_avg_yearly": 2.17,
            "eps_latest_yearly": 2.4,
            "eps_growth_yearly": 424.65
        },
        "20064": {
            "year_quarter": 20064,
            "year": 2006,
            "quarter": 4,
            "eps": 0.43,
            "eps_growth_year": -28.33,
            "eps_4q": 1.49,
            "eps_4q_growth_year": 141.88,
            "roe": 3.14,
            "roe_4q": 11.28,
            "gross_profit": 82570,
            "gross_margin": 7.39,
            "gross_margin_4q_avg": 7.63,
            "net_income": 39393,
            "net_income_4q": null,
            "revenue": 1116797,
            "revenue_4q": null,
            "common_shares": 963624,
            "book_valuer_per_share": 13.31,
            "book_valuer_per_share_4q_avg": 13.01,
            "equity": 1284522,
            "current_ratio": 118.01,
            "debt_ratio": 66.09,
            "inventory_turnover_ratio": 2.47,
            "account_receivable_turnover_ratio": null,
            "reinvestment_rate": -0.52,
            "research_to_sale_ratio": null,
            "price_fair": 65.57,
            "eps_avg_yearly": 1.87,
            "eps_latest_yearly": 1.72,
            "eps_growth_yearly": 346.34
        },
        "20071": {
            "year_quarter": 20071,
            "year": 2007,
            "quarter": 1,
            "eps": 0.57,
            "eps_growth_year": 67.65,
            "eps_4q": 1.74,
            "eps_4q_growth_year": 57.59,
            "roe": 3.93,
            "roe_4q": 12.629999999999999,
            "gross_profit": 83811,
            "gross_margin": 8.08,
            "gross_margin_4q_avg": 7.82,
            "net_income": 51680,
            "net_income_4q": null,
            "revenue": 1037177,
            "revenue_4q": null,
            "common_shares": 963624,
            "book_valuer_per_share": 13.98,
            "book_valuer_per_share_4q_avg": 13.3,
            "equity": 1347360,
            "current_ratio": 112.53,
            "debt_ratio": 41.61,
            "inventory_turnover_ratio": 2.23,
            "account_receivable_turnover_ratio": null,
            "reinvestment_rate": -26.1,
            "research_to_sale_ratio": null,
            "price_fair": 67.6,
            "eps_avg_yearly": 1.93,
            "eps_latest_yearly": 2.28,
            "eps_growth_yearly": 315.47
        },
        "20072": {
            "year_quarter": 20072,
            "year": 2007,
            "quarter": 2,
            "eps": 0.36,
            "eps_growth_year": 157.14,
            "eps_4q": 1.96,
            "eps_4q_growth_year": 32.07,
            "roe": 2.51,
            "roe_4q": 14.120000000000001,
            "gross_profit": 81609,
            "gross_margin": 7.73,
            "gross_margin_4q_avg": 8.03,
            "net_income": 32822,
            "net_income_4q": null,
            "revenue": 1055093,
            "revenue_4q": null,
            "common_shares": 968747,
            "book_valuer_per_share": 13.06,
            "book_valuer_per_share_4q_avg": 13.31,
            "equity": 1264944,
            "current_ratio": 98.49,
            "debt_ratio": 51.72,
            "inventory_turnover_ratio": 14.39,
            "account_receivable_turnover_ratio": null,
            "reinvestment_rate": -22.13,
            "research_to_sale_ratio": null,
            "price_fair": 65.45,
            "eps_avg_yearly": 1.87,
            "eps_latest_yearly": 1.44,
            "eps_growth_yearly": 257.61
        },
        "20073": {
            "year_quarter": 20073,
            "year": 2007,
            "quarter": 3,
            "eps": 0.28,
            "eps_growth_year": -53.33,
            "eps_4q": 1.6,
            "eps_4q_growth_year": -2.91,
            "roe": 1.81,
            "roe_4q": 11.39,
            "gross_profit": 94930,
            "gross_margin": 8,
            "gross_margin_4q_avg": 7.8,
            "net_income": 26314,
            "net_income_4q": null,
            "revenue": 1187072,
            "revenue_4q": null,
            "common_shares": 1142485,
            "book_valuer_per_share": 14.4,
            "book_valuer_per_share_4q_avg": 13.69,
            "equity": 1645357,
            "current_ratio": 139.51,
            "debt_ratio": 36.92,
            "inventory_turnover_ratio": 18.62,
            "account_receivable_turnover_ratio": null,
            "reinvestment_rate": -25.77,
            "research_to_sale_ratio": null,
            "price_fair": 58.1,
            "eps_avg_yearly": 1.66,
            "eps_latest_yearly": 1.12,
            "eps_growth_yearly": 121.5
        },
        "20074": {
            "year_quarter": 20074,
            "year": 2007,
            "quarter": 4,
            "eps": -0.28,
            "eps_growth_year": -165.12,
            "eps_4q": 0.89,
            "eps_4q_growth_year": -39.99,
            "roe": -1.66,
            "roe_4q": 6.59,
            "gross_profit": 85408,
            "gross_margin": 7.48,
            "gross_margin_4q_avg": 7.82,
            "net_income": -26954,
            "net_income_4q": null,
            "revenue": 1141076,
            "revenue_4q": null,
            "common_shares": 1142485,
            "book_valuer_per_share": 13.94,
            "book_valuer_per_share_4q_avg": 13.85,
            "equity": 1594371,
            "current_ratio": 131.06,
            "debt_ratio": 60.25,
            "inventory_turnover_ratio": 2.44,
            "account_receivable_turnover_ratio": null,
            "reinvestment_rate": 12.59,
            "research_to_sale_ratio": null,
            "price_fair": 58.1,
            "eps_avg_yearly": 1.66,
            "eps_latest_yearly": 1.12,
            "eps_growth_yearly": 121.5
        },
        "20081": {
            "year_quarter": 20081,
            "year": 2008,
            "quarter": 1,
            "eps": 0.27,
            "eps_growth_year": -52.63,
            "eps_4q": 0.59,
            "eps_4q_growth_year": -66,
            "roe": 1.75,
            "roe_4q": 4.41,
            "gross_profit": 191450,
            "gross_margin": 12.63,
            "gross_margin_4q_avg": 8.96,
            "net_income": 27470,
            "net_income_4q": null,
            "revenue": 1515955,
            "revenue_4q": null,
            "common_shares": 1142485,
            "book_valuer_per_share": 13.56,
            "book_valuer_per_share_4q_avg": 13.74,
            "equity": 1550838,
            "current_ratio": 131.31,
            "debt_ratio": 59.65,
            "inventory_turnover_ratio": 1.51,
            "account_receivable_turnover_ratio": null,
            "reinvestment_rate": 261.41,
            "research_to_sale_ratio": null,
            "price_fair": 58.1,
            "eps_avg_yearly": 1.66,
            "eps_latest_yearly": 1.12,
            "eps_growth_yearly": 121.5
        },
        "20082": {
            "year_quarter": 20082,
            "year": 2008,
            "quarter": 2,
            "eps": -2,
            "eps_growth_year": -655.56,
            "eps_4q": -1.59,
            "eps_4q_growth_year": -181.07,
            "roe": -14.59,
            "roe_4q": -12.69,
            "gross_profit": 201164,
            "gross_margin": 11.22,
            "gross_margin_4q_avg": 9.83,
            "net_income": -209726,
            "net_income_4q": null,
            "revenue": 1792186,
            "revenue_4q": null,
            "common_shares": 1142485,
            "book_valuer_per_share": 11.58,
            "book_valuer_per_share_4q_avg": 13.37,
            "equity": 1324014,
            "current_ratio": 117.92,
            "debt_ratio": 68.4,
            "inventory_turnover_ratio": 1.76,
            "account_receivable_turnover_ratio": null,
            "reinvestment_rate": 1122.62,
            "research_to_sale_ratio": null,
            "price_fair": 58.1,
            "eps_avg_yearly": 1.66,
            "eps_latest_yearly": 1.12,
            "eps_growth_yearly": 121.5
        },
        "20083": {
            "year_quarter": 20083,
            "year": 2008,
            "quarter": 3,
            "eps": 0.51,
            "eps_growth_year": 82.14,
            "eps_4q": -1.48,
            "eps_4q_growth_year": -192.3,
            "roe": 3.94,
            "roe_4q": -10.56,
            "gross_profit": 242117,
            "gross_margin": 12.21,
            "gross_margin_4q_avg": 10.89,
            "net_income": 53398,
            "net_income_4q": null,
            "revenue": 1983007,
            "revenue_4q": null,
            "common_shares": 1142485,
            "book_valuer_per_share": 12.14,
            "book_valuer_per_share_4q_avg": 12.81,
            "equity": 1387875,
            "current_ratio": 114.57,
            "debt_ratio": 70.77,
            "inventory_turnover_ratio": 1.94,
            "account_receivable_turnover_ratio": null,
            "reinvestment_rate": 590.78,
            "research_to_sale_ratio": null,
            "price_fair": 58.1,
            "eps_avg_yearly": 1.66,
            "eps_latest_yearly": 1.12,
            "eps_growth_yearly": 121.5
        },
        "20084": {
            "year_quarter": 20084,
            "year": 2008,
            "quarter": 4,
            "eps": 2.1,
            "eps_growth_year": null,
            "eps_4q": 0.93,
            "eps_4q_growth_year": 4.02,
            "roe": 14.7,
            "roe_4q": 5.800000000000001,
            "gross_profit": 220178,
            "gross_margin": 12.53,
            "gross_margin_4q_avg": 12.15,
            "net_income": 227403,
            "net_income_4q": null,
            "revenue": 1757534,
            "revenue_4q": null,
            "common_shares": 1164905,
            "book_valuer_per_share": 14.65,
            "book_valuer_per_share_4q_avg": 12.98,
            "equity": 1706403,
            "current_ratio": 134.01,
            "debt_ratio": 57.46,
            "inventory_turnover_ratio": 1.98,
            "account_receivable_turnover_ratio": 2.38,
            "reinvestment_rate": 35.87,
            "research_to_sale_ratio": null,
            "price_fair": 84.31,
            "eps_avg_yearly": 2.41,
            "eps_latest_yearly": 8.4,
            "eps_growth_yearly": 246.56
        },
        "20091": {
            "year_quarter": 20091,
            "year": 2009,
            "quarter": 1,
            "eps": 0.56,
            "eps_growth_year": 107.41,
            "eps_4q": 1.23,
            "eps_4q_growth_year": 107.53,
            "roe": 3.45,
            "roe_4q": 7.5,
            "gross_profit": 229870,
            "gross_margin": 17.87,
            "gross_margin_4q_avg": 13.46,
            "net_income": 60629,
            "net_income_4q": null,
            "revenue": 1286304,
            "revenue_4q": null,
            "common_shares": 1164905,
            "book_valuer_per_share": 15.52,
            "book_valuer_per_share_4q_avg": 13.47,
            "equity": 1807987,
            "current_ratio": 141.36,
            "debt_ratio": 52.9,
            "inventory_turnover_ratio": 1.59,
            "account_receivable_turnover_ratio": 0.94,
            "reinvestment_rate": 150.13,
            "research_to_sale_ratio": null,
            "price_fair": 83.72,
            "eps_avg_yearly": 2.39,
            "eps_latest_yearly": 2.24,
            "eps_growth_yearly": 192.57
        },
        "20092": {
            "year_quarter": 20092,
            "year": 2009,
            "quarter": 2,
            "eps": 0.54,
            "eps_growth_year": null,
            "eps_4q": 3.7,
            "eps_4q_growth_year": null,
            "roe": 3.28,
            "roe_4q": 25.37,
            "gross_profit": 265944,
            "gross_margin": 16.32,
            "gross_margin_4q_avg": 14.73,
            "net_income": 58489,
            "net_income_4q": null,
            "revenue": 1629273,
            "revenue_4q": null,
            "common_shares": 1164905,
            "book_valuer_per_share": 15.1,
            "book_valuer_per_share_4q_avg": 14.35,
            "equity": 1759533,
            "current_ratio": 139.57,
            "debt_ratio": 54.01,
            "inventory_turnover_ratio": 1.95,
            "account_receivable_turnover_ratio": 1.19,
            "reinvestment_rate": 125.59,
            "research_to_sale_ratio": null,
            "price_fair": 82.98,
            "eps_avg_yearly": 2.37,
            "eps_latest_yearly": 2.16,
            "eps_growth_yearly": 173.77
        },
        "20093": {
            "year_quarter": 20093,
            "year": 2009,
            "quarter": 3,
            "eps": 0.77,
            "eps_growth_year": 50.98,
            "eps_4q": 3.86,
            "eps_4q_growth_year": null,
            "roe": 4.83,
            "roe_4q": 26.259999999999998,
            "gross_profit": 283532,
            "gross_margin": 14.94,
            "gross_margin_4q_avg": 15.42,
            "net_income": 86346,
            "net_income_4q": null,
            "revenue": 1897391,
            "revenue_4q": null,
            "common_shares": 1197495,
            "book_valuer_per_share": 15.17,
            "book_valuer_per_share_4q_avg": 15.11,
            "equity": 1816163,
            "current_ratio": 138.81,
            "debt_ratio": 55.84,
            "inventory_turnover_ratio": 2.15,
            "account_receivable_turnover_ratio": 1.14,
            "reinvestment_rate": 111.7,
            "research_to_sale_ratio": null,
            "price_fair": 85.05,
            "eps_avg_yearly": 2.43,
            "eps_latest_yearly": 3.08,
            "eps_growth_yearly": 173.49
        },
        "20094": {
            "year_quarter": 20094,
            "year": 2009,
            "quarter": 4,
            "eps": 0.71,
            "eps_growth_year": -66.19,
            "eps_4q": 2.51,
            "eps_4q_growth_year": 171.12,
            "roe": 4.32,
            "roe_4q": 15.879999999999999,
            "gross_profit": 278480,
            "gross_margin": 13.73,
            "gross_margin_4q_avg": 15.72,
            "net_income": 80083,
            "net_income_4q": null,
            "revenue": 2028007,
            "revenue_4q": null,
            "common_shares": 1185495,
            "book_valuer_per_share": 16.65,
            "book_valuer_per_share_4q_avg": 15.61,
            "equity": 1890626,
            "current_ratio": 139.86,
            "debt_ratio": 55.49,
            "inventory_turnover_ratio": 2.25,
            "account_receivable_turnover_ratio": 2.34,
            "reinvestment_rate": 15.28,
            "research_to_sale_ratio": null,
            "price_fair": 86.33,
            "eps_avg_yearly": 2.47,
            "eps_latest_yearly": 2.84,
            "eps_growth_yearly": 147.08
        },
        "20101": {
            "year_quarter": 20101,
            "year": 2010,
            "quarter": 1,
            "eps": 0.75,
            "eps_growth_year": 33.93,
            "eps_4q": 2.56,
            "eps_4q_growth_year": 108.21,
            "roe": 4.48,
            "roe_4q": 16.91,
            "gross_profit": 280070,
            "gross_margin": 14.65,
            "gross_margin_4q_avg": 14.91,
            "net_income": 91144,
            "net_income_4q": null,
            "revenue": 1911214,
            "revenue_4q": null,
            "common_shares": 1285495,
            "book_valuer_per_share": 17.66,
            "book_valuer_per_share_4q_avg": 16.15,
            "equity": 2181510,
            "current_ratio": 152.16,
            "debt_ratio": 51.13,
            "inventory_turnover_ratio": 2,
            "account_receivable_turnover_ratio": 1.09,
            "reinvestment_rate": 113.41,
            "research_to_sale_ratio": 2.74,
            "price_fair": 91.12,
            "eps_avg_yearly": 2.6,
            "eps_latest_yearly": 3,
            "eps_growth_yearly": 163.4
        },
        "20102": {
            "year_quarter": 20102,
            "year": 2010,
            "quarter": 2,
            "eps": 0.3,
            "eps_growth_year": -44.55,
            "eps_4q": 2.27,
            "eps_4q_growth_year": -38.72,
            "roe": 1.85,
            "roe_4q": 15.48,
            "gross_profit": 282908,
            "gross_margin": 12.87,
            "gross_margin_4q_avg": 14.05,
            "net_income": 39222,
            "net_income_4q": null,
            "revenue": 2198744,
            "revenue_4q": null,
            "common_shares": 1285495,
            "book_valuer_per_share": 16.56,
            "book_valuer_per_share_4q_avg": 16.51,
            "equity": 2065613,
            "current_ratio": 134.85,
            "debt_ratio": 58.41,
            "inventory_turnover_ratio": 2.09,
            "account_receivable_turnover_ratio": 1.13,
            "reinvestment_rate": 116.57,
            "research_to_sale_ratio": 2.32,
            "price_fair": 92.98,
            "eps_avg_yearly": 2.66,
            "eps_latest_yearly": 1.2,
            "eps_growth_yearly": 163.01
        },
        "20103": {
            "year_quarter": 20103,
            "year": 2010,
            "quarter": 3,
            "eps": 0.75,
            "eps_growth_year": -2.38,
            "eps_4q": 2.31,
            "eps_4q_growth_year": -40.15,
            "roe": 4.71,
            "roe_4q": 15.360000000000001,
            "gross_profit": 358634,
            "gross_margin": 14.78,
            "gross_margin_4q_avg": 14.01,
            "net_income": 101321,
            "net_income_4q": null,
            "revenue": 2426656,
            "revenue_4q": null,
            "common_shares": 1347870,
            "book_valuer_per_share": 16.56,
            "book_valuer_per_share_4q_avg": 16.86,
            "equity": 2232743,
            "current_ratio": 113.19,
            "debt_ratio": 62.1,
            "inventory_turnover_ratio": 2.14,
            "account_receivable_turnover_ratio": 1.12,
            "reinvestment_rate": 209.73,
            "research_to_sale_ratio": 3.21,
            "price_fair": 94.73,
            "eps_avg_yearly": 2.71,
            "eps_latest_yearly": 3,
            "eps_growth_yearly": 103.48
        },
        "20104": {
            "year_quarter": 20104,
            "year": 2010,
            "quarter": 4,
            "eps": 0.23,
            "eps_growth_year": -67.41,
            "eps_4q": 1.95,
            "eps_4q_growth_year": -22.45,
            "roe": 1.42,
            "roe_4q": 12.46,
            "gross_profit": 278049,
            "gross_margin": 12.34,
            "gross_margin_4q_avg": 13.66,
            "net_income": 31184,
            "net_income_4q": null,
            "revenue": 2254093,
            "revenue_4q": null,
            "common_shares": 1347870,
            "book_valuer_per_share": 15.93,
            "book_valuer_per_share_4q_avg": 16.68,
            "equity": 2147825,
            "current_ratio": 111.21,
            "debt_ratio": 61.78,
            "inventory_turnover_ratio": 2.08,
            "account_receivable_turnover_ratio": 1.09,
            "reinvestment_rate": 124.37,
            "research_to_sale_ratio": 2.78,
            "price_fair": 92.4,
            "eps_avg_yearly": 2.64,
            "eps_latest_yearly": 0.92,
            "eps_growth_yearly": 89.82
        },
        "20111": {
            "year_quarter": 20111,
            "year": 2011,
            "quarter": 1,
            "eps": -0.24,
            "eps_growth_year": -132,
            "eps_4q": 0.95,
            "eps_4q_growth_year": -63.02,
            "roe": -1.48,
            "roe_4q": 6.5,
            "gross_profit": 189896,
            "gross_margin": 10.82,
            "gross_margin_4q_avg": 12.7,
            "net_income": -32735,
            "net_income_4q": null,
            "revenue": 1755735,
            "revenue_4q": null,
            "common_shares": 1347870,
            "book_valuer_per_share": 15.98,
            "book_valuer_per_share_4q_avg": 16.26,
            "equity": 2282879,
            "current_ratio": 126.21,
            "debt_ratio": 58.25,
            "inventory_turnover_ratio": 1.61,
            "account_receivable_turnover_ratio": 0.95,
            "reinvestment_rate": 247,
            "research_to_sale_ratio": 3.37,
            "price_fair": 93.55,
            "eps_avg_yearly": 2.67,
            "eps_latest_yearly": 0.92,
            "eps_growth_yearly": 86.14
        },
        "20112": {
            "year_quarter": 20112,
            "year": 2011,
            "quarter": 2,
            "eps": 0.13,
            "eps_growth_year": -55.79,
            "eps_4q": 0.8,
            "eps_4q_growth_year": -64.54,
            "roe": 0.88,
            "roe_4q": 5.53,
            "gross_profit": 248676,
            "gross_margin": 11.57,
            "gross_margin_4q_avg": 12.38,
            "net_income": 19681,
            "net_income_4q": null,
            "revenue": 2148665,
            "revenue_4q": null,
            "common_shares": 1507870,
            "book_valuer_per_share": 14.72,
            "book_valuer_per_share_4q_avg": 15.8,
            "equity": 2188746,
            "current_ratio": 118.09,
            "debt_ratio": 60.35,
            "inventory_turnover_ratio": 1.94,
            "account_receivable_turnover_ratio": 1.16,
            "reinvestment_rate": 267.7,
            "research_to_sale_ratio": 2.76,
            "price_fair": 97.86,
            "eps_avg_yearly": 2.8,
            "eps_latest_yearly": 0.92,
            "eps_growth_yearly": 109.5
        },
        "20113": {
            "year_quarter": 20113,
            "year": 2011,
            "quarter": 3,
            "eps": 0.25,
            "eps_growth_year": -66.49,
            "eps_4q": 0.37,
            "eps_4q_growth_year": -83.8,
            "roe": 1.64,
            "roe_4q": 2.46,
            "gross_profit": 257187,
            "gross_margin": 12.66,
            "gross_margin_4q_avg": 11.85,
            "net_income": 37135,
            "net_income_4q": null,
            "revenue": 2031190,
            "revenue_4q": null,
            "common_shares": 1507870,
            "book_valuer_per_share": 15.96,
            "book_valuer_per_share_4q_avg": 15.65,
            "equity": 2352772,
            "current_ratio": 121.21,
            "debt_ratio": 58.81,
            "inventory_turnover_ratio": 2.02,
            "account_receivable_turnover_ratio": 1.01,
            "reinvestment_rate": 262.32,
            "research_to_sale_ratio": 2.72,
            "price_fair": 97.44,
            "eps_avg_yearly": 2.78,
            "eps_latest_yearly": 1,
            "eps_growth_yearly": 155.31
        },
        "20114": {
            "year_quarter": 20114,
            "year": 2011,
            "quarter": 4,
            "eps": 0.25,
            "eps_growth_year": 9.95,
            "eps_4q": 0.42,
            "eps_4q_growth_year": -78.5,
            "roe": 1.57,
            "roe_4q": 2.61,
            "gross_profit": 237326,
            "gross_margin": 11.37,
            "gross_margin_4q_avg": 11.61,
            "net_income": 37161,
            "net_income_4q": null,
            "revenue": 2088056,
            "revenue_4q": null,
            "common_shares": 1507870,
            "book_valuer_per_share": 16.26,
            "book_valuer_per_share_4q_avg": 15.73,
            "equity": 2375191,
            "current_ratio": 123.02,
            "debt_ratio": 57.86,
            "inventory_turnover_ratio": 2.33,
            "account_receivable_turnover_ratio": 1.02,
            "reinvestment_rate": 151.95,
            "research_to_sale_ratio": 2.54,
            "price_fair": 91.76,
            "eps_avg_yearly": 2.62,
            "eps_latest_yearly": 1,
            "eps_growth_yearly": 141.19
        },
        "20121": {
            "year_quarter": 20121,
            "year": 2012,
            "quarter": 1,
            "eps": 0.37,
            "eps_growth_year": null,
            "eps_4q": 1.01,
            "eps_4q_growth_year": 6.66,
            "roe": 2.25,
            "roe_4q": 6.34,
            "gross_profit": 242416,
            "gross_margin": 13.99,
            "gross_margin_4q_avg": 12.4,
            "net_income": 53451,
            "net_income_4q": null,
            "revenue": 1732555,
            "revenue_4q": null,
            "common_shares": 1507870,
            "book_valuer_per_share": 16.27,
            "book_valuer_per_share_4q_avg": 15.8,
            "equity": 2377386,
            "current_ratio": 128.55,
            "debt_ratio": 54.87,
            "inventory_turnover_ratio": 1.95,
            "account_receivable_turnover_ratio": 0.91,
            "reinvestment_rate": 145.85,
            "research_to_sale_ratio": 3.02,
            "price_fair": 88.43,
            "eps_avg_yearly": 2.53,
            "eps_latest_yearly": 1.48,
            "eps_growth_yearly": 145.42
        },
        "20122": {
            "year_quarter": 20122,
            "year": 2012,
            "quarter": 2,
            "eps": 0.71,
            "eps_growth_year": 436.95,
            "eps_4q": 1.59,
            "eps_4q_growth_year": 97.29,
            "roe": 4.32,
            "roe_4q": 9.780000000000001,
            "gross_profit": 338655,
            "gross_margin": 16.05,
            "gross_margin_4q_avg": 13.52,
            "net_income": 103850,
            "net_income_4q": null,
            "revenue": 2110581,
            "revenue_4q": null,
            "common_shares": 1507870,
            "book_valuer_per_share": 16.62,
            "book_valuer_per_share_4q_avg": 16.28,
            "equity": 2427447,
            "current_ratio": 126.87,
            "debt_ratio": 55.52,
            "inventory_turnover_ratio": 2.55,
            "account_receivable_turnover_ratio": 1.11,
            "reinvestment_rate": 110.21,
            "research_to_sale_ratio": 2.56,
            "price_fair": 89.28,
            "eps_avg_yearly": 2.55,
            "eps_latest_yearly": 2.84,
            "eps_growth_yearly": 162.51
        },
        "20123": {
            "year_quarter": 20123,
            "year": 2012,
            "quarter": 3,
            "eps": 0.93,
            "eps_growth_year": 270.19,
            "eps_4q": 2.26,
            "eps_4q_growth_year": 502.09,
            "roe": 5.53,
            "roe_4q": 13.670000000000002,
            "gross_profit": 356326,
            "gross_margin": 17.19,
            "gross_margin_4q_avg": 14.65,
            "net_income": 136895,
            "net_income_4q": null,
            "revenue": 2073160,
            "revenue_4q": null,
            "common_shares": 1507870,
            "book_valuer_per_share": 17.19,
            "book_valuer_per_share_4q_avg": 16.59,
            "equity": 2523655,
            "current_ratio": 131.17,
            "debt_ratio": 54.25,
            "inventory_turnover_ratio": 2.59,
            "account_receivable_turnover_ratio": 1.02,
            "reinvestment_rate": 97.45,
            "research_to_sale_ratio": 2.44,
            "price_fair": 92.2,
            "eps_avg_yearly": 2.63,
            "eps_latest_yearly": 3.72,
            "eps_growth_yearly": 159.76
        },
        "20124": {
            "year_quarter": 20124,
            "year": 2012,
            "quarter": 4,
            "eps": 0.44,
            "eps_growth_year": 72.46,
            "eps_4q": 2.43,
            "eps_4q_growth_year": 478.99,
            "roe": 2.54,
            "roe_4q": 14.64,
            "gross_profit": 256468,
            "gross_margin": 16.12,
            "gross_margin_4q_avg": 15.84,
            "net_income": 64904,
            "net_income_4q": null,
            "revenue": 1591325,
            "revenue_4q": null,
            "common_shares": 1507870,
            "book_valuer_per_share": 17.55,
            "book_valuer_per_share_4q_avg": 16.91,
            "equity": 2596379,
            "current_ratio": 123.06,
            "debt_ratio": 51.05,
            "inventory_turnover_ratio": 1.97,
            "account_receivable_turnover_ratio": 0.85,
            "reinvestment_rate": 110.26,
            "research_to_sale_ratio": 2.17,
            "price_fair": 75.6,
            "eps_avg_yearly": 2.16,
            "eps_latest_yearly": 1.76,
            "eps_growth_yearly": 55.63
        },
        "20131": {
            "year_quarter": 20131,
            "year": 2013,
            "quarter": 1,
            "eps": 0.21,
            "eps_growth_year": -43.24,
            "eps_4q": 2.04,
            "eps_4q_growth_year": 102.3,
            "roe": 1.21,
            "roe_4q": 13.600000000000001,
            "gross_profit": 204511,
            "gross_margin": 15.98,
            "gross_margin_4q_avg": 16.34,
            "net_income": 33517,
            "net_income_4q": null,
            "revenue": 1279615,
            "revenue_4q": null,
            "common_shares": 1689693,
            "book_valuer_per_share": 17.68,
            "book_valuer_per_share_4q_avg": 17.26,
            "equity": 2937201,
            "current_ratio": 146.54,
            "debt_ratio": 41.32,
            "inventory_turnover_ratio": 1.72,
            "account_receivable_turnover_ratio": 0.81,
            "reinvestment_rate": 113.77,
            "research_to_sale_ratio": 3.59,
            "price_fair": 72.1,
            "eps_avg_yearly": 2.06,
            "eps_latest_yearly": 0.84,
            "eps_growth_yearly": 61.64
        },
        "20132": {
            "year_quarter": 20132,
            "year": 2013,
            "quarter": 2,
            "eps": 0.29,
            "eps_growth_year": -59.21,
            "eps_4q": 1.66,
            "eps_4q_growth_year": 4.57,
            "roe": 1.7,
            "roe_4q": 10.98,
            "gross_profit": 273823,
            "gross_margin": 17.37,
            "gross_margin_4q_avg": 16.67,
            "net_income": 49033,
            "net_income_4q": null,
            "revenue": 1576326,
            "revenue_4q": null,
            "common_shares": 1715194,
            "book_valuer_per_share": 16.45,
            "book_valuer_per_share_4q_avg": 17.22,
            "equity": 2822172,
            "current_ratio": 131.07,
            "debt_ratio": 47.33,
            "inventory_turnover_ratio": 2.12,
            "account_receivable_turnover_ratio": 1.01,
            "reinvestment_rate": 120.45,
            "research_to_sale_ratio": 3.42,
            "price_fair": 69.6,
            "eps_avg_yearly": 1.99,
            "eps_latest_yearly": 1.16,
            "eps_growth_yearly": 73.55
        },
        "20133": {
            "year_quarter": 20133,
            "year": 2013,
            "quarter": 3,
            "eps": 0.45,
            "eps_growth_year": -51.74,
            "eps_4q": 1.31,
            "eps_4q_growth_year": -42.12,
            "roe": 2.69,
            "roe_4q": 8.14,
            "gross_profit": 318415,
            "gross_margin": 17.77,
            "gross_margin_4q_avg": 16.81,
            "net_income": 76598,
            "net_income_4q": null,
            "revenue": 1791393,
            "revenue_4q": null,
            "common_shares": 1715194,
            "book_valuer_per_share": 16.72,
            "book_valuer_per_share_4q_avg": 17.1,
            "equity": 2868486,
            "current_ratio": 127.98,
            "debt_ratio": 48.94,
            "inventory_turnover_ratio": 2.27,
            "account_receivable_turnover_ratio": 0.99,
            "reinvestment_rate": 123.13,
            "research_to_sale_ratio": 3.09,
            "price_fair": 66.4,
            "eps_avg_yearly": 1.9,
            "eps_latest_yearly": 1.8,
            "eps_growth_yearly": 77.14
        },
        "20134": {
            "year_quarter": 20134,
            "year": 2013,
            "quarter": 4,
            "eps": -0.21,
            "eps_growth_year": -148.6,
            "eps_4q": 0.71,
            "eps_4q_growth_year": -70.56,
            "roe": -1.28,
            "roe_4q": 4.32,
            "gross_profit": 208332,
            "gross_margin": 13.55,
            "gross_margin_4q_avg": 16.17,
            "net_income": -36573,
            "net_income_4q": null,
            "revenue": 1537132,
            "revenue_4q": null,
            "common_shares": 1715194,
            "book_valuer_per_share": 16.71,
            "book_valuer_per_share_4q_avg": 16.89,
            "equity": 2866491,
            "current_ratio": 126.47,
            "debt_ratio": 48.75,
            "inventory_turnover_ratio": 1.97,
            "account_receivable_turnover_ratio": 0.8,
            "reinvestment_rate": 132.62,
            "research_to_sale_ratio": 3.58,
            "price_fair": 63.86,
            "eps_avg_yearly": 1.82,
            "eps_latest_yearly": 1.8,
            "eps_growth_yearly": 85.47
        },
        "20141": {
            "year_quarter": 20141,
            "year": 2014,
            "quarter": 1,
            "eps": 0.17,
            "eps_growth_year": -19.05,
            "eps_4q": 0.69,
            "eps_4q_growth_year": -66.34,
            "roe": 1,
            "roe_4q": 4.11,
            "gross_profit": 220227,
            "gross_margin": 17.38,
            "gross_margin_4q_avg": 16.52,
            "net_income": 28801,
            "net_income_4q": null,
            "revenue": 1266858,
            "revenue_4q": null,
            "common_shares": 1715194,
            "book_valuer_per_share": 16.9,
            "book_valuer_per_share_4q_avg": 16.7,
            "equity": 2899224,
            "current_ratio": 134.45,
            "debt_ratio": 43.93,
            "inventory_turnover_ratio": 1.57,
            "account_receivable_turnover_ratio": 0.74,
            "reinvestment_rate": 137.82,
            "research_to_sale_ratio": 3.68,
            "price_fair": 60.43,
            "eps_avg_yearly": 1.73,
            "eps_latest_yearly": 1.8,
            "eps_growth_yearly": 90.72
        },
        "20142": {
            "year_quarter": 20142,
            "year": 2014,
            "quarter": 2,
            "eps": -0.13,
            "eps_growth_year": -144.83,
            "eps_4q": 0.27,
            "eps_4q_growth_year": -83.55,
            "roe": -0.78,
            "roe_4q": 1.63,
            "gross_profit": 193400,
            "gross_margin": 14.74,
            "gross_margin_4q_avg": 15.86,
            "net_income": -22065,
            "net_income_4q": null,
            "revenue": 1312179,
            "revenue_4q": null,
            "common_shares": 1715194,
            "book_valuer_per_share": 16,
            "book_valuer_per_share_4q_avg": 16.58,
            "equity": 2744543,
            "current_ratio": 129.88,
            "debt_ratio": 45.36,
            "inventory_turnover_ratio": 1.83,
            "account_receivable_turnover_ratio": 0.88,
            "reinvestment_rate": 137.84,
            "research_to_sale_ratio": 3.59,
            "price_fair": 62.11,
            "eps_avg_yearly": 1.77,
            "eps_latest_yearly": 1.8,
            "eps_growth_yearly": 120.79
        },
        "20143": {
            "year_quarter": 20143,
            "year": 2014,
            "quarter": 3,
            "eps": 0.22,
            "eps_growth_year": -51.11,
            "eps_4q": 0.05,
            "eps_4q_growth_year": -96.5,
            "roe": 1.35,
            "roe_4q": 0.29000000000000004,
            "gross_profit": 232595,
            "gross_margin": 16.51,
            "gross_margin_4q_avg": 15.55,
            "net_income": 37681,
            "net_income_4q": null,
            "revenue": 1408711,
            "revenue_4q": null,
            "common_shares": 1715194,
            "book_valuer_per_share": 16.59,
            "book_valuer_per_share_4q_avg": 16.55,
            "equity": 2844981,
            "current_ratio": 130.67,
            "debt_ratio": 45.85,
            "inventory_turnover_ratio": 2.03,
            "account_receivable_turnover_ratio": 0.95,
            "reinvestment_rate": 50.64,
            "research_to_sale_ratio": 3.28,
            "price_fair": 57.82,
            "eps_avg_yearly": 1.65,
            "eps_latest_yearly": 1.8,
            "eps_growth_yearly": 72.86
        },
        "20144": {
            "year_quarter": 20144,
            "year": 2014,
            "quarter": 4,
            "eps": -0.15,
            "eps_growth_year": null,
            "eps_4q": 0.11,
            "eps_4q_growth_year": -84.76,
            "roe": -0.9,
            "roe_4q": 0.67,
            "gross_profit": 229059,
            "gross_margin": 16.66,
            "gross_margin_4q_avg": 16.32,
            "net_income": -25838,
            "net_income_4q": null,
            "revenue": 1375016,
            "revenue_4q": null,
            "common_shares": 1715194,
            "book_valuer_per_share": 16.98,
            "book_valuer_per_share_4q_avg": 16.62,
            "equity": 2894492,
            "current_ratio": 129.66,
            "debt_ratio": 46.69,
            "inventory_turnover_ratio": 1.88,
            "account_receivable_turnover_ratio": 0.95,
            "reinvestment_rate": 62.5,
            "research_to_sale_ratio": 3.64,
            "price_fair": 60.67,
            "eps_avg_yearly": 1.73,
            "eps_latest_yearly": 1.8,
            "eps_growth_yearly": 111.77
        },
        "20151": {
            "year_quarter": 20151,
            "year": 2015,
            "quarter": 1,
            "eps": 0.04,
            "eps_growth_year": -76.47,
            "eps_4q": -0.02,
            "eps_4q_growth_year": -102.84,
            "roe": 0.24,
            "roe_4q": -0.08999999999999997,
            "gross_profit": 178547,
            "gross_margin": 14.61,
            "gross_margin_4q_avg": 15.63,
            "net_income": 6903,
            "net_income_4q": null,
            "revenue": 1221705,
            "revenue_4q": null,
            "common_shares": 1715194,
            "book_valuer_per_share": 16.84,
            "book_valuer_per_share_4q_avg": 16.6,
            "equity": 2871336,
            "current_ratio": 130.43,
            "debt_ratio": 45.99,
            "inventory_turnover_ratio": 1.68,
            "account_receivable_turnover_ratio": 0.92,
            "reinvestment_rate": 26.53,
            "research_to_sale_ratio": 4.14,
            "price_fair": 60.67,
            "eps_avg_yearly": 1.73,
            "eps_latest_yearly": 1.8,
            "eps_growth_yearly": 111.77
        },
        "20152": {
            "year_quarter": 20152,
            "year": 2015,
            "quarter": 2,
            "eps": 0.16,
            "eps_growth_year": null,
            "eps_4q": 0.27,
            "eps_4q_growth_year": -2.17,
            "roe": 0.95,
            "roe_4q": 1.6400000000000001,
            "gross_profit": 226656,
            "gross_margin": 16.4,
            "gross_margin_4q_avg": 16.05,
            "net_income": 26754,
            "net_income_4q": null,
            "revenue": 1382359,
            "revenue_4q": null,
            "common_shares": 1715194,
            "book_valuer_per_share": 16.25,
            "book_valuer_per_share_4q_avg": 16.67,
            "equity": 2770729,
            "current_ratio": 127.43,
            "debt_ratio": 45.49,
            "inventory_turnover_ratio": 1.99,
            "account_receivable_turnover_ratio": 1.01,
            "reinvestment_rate": 8.88,
            "research_to_sale_ratio": 3.5,
            "price_fair": 56.84,
            "eps_avg_yearly": 1.62,
            "eps_latest_yearly": 0.64,
            "eps_growth_yearly": 220.6
        },
        "20153": {
            "year_quarter": 20153,
            "year": 2015,
            "quarter": 3,
            "eps": 0.07,
            "eps_growth_year": -68.18,
            "eps_4q": 0.11,
            "eps_4q_growth_year": 143.64,
            "roe": 0.39,
            "roe_4q": 0.6799999999999998,
            "gross_profit": 233384,
            "gross_margin": 17.11,
            "gross_margin_4q_avg": 16.2,
            "net_income": 11135,
            "net_income_4q": null,
            "revenue": 1363940,
            "revenue_4q": null,
            "common_shares": 1715194,
            "book_valuer_per_share": 17.05,
            "book_valuer_per_share_4q_avg": 16.78,
            "equity": 2899258,
            "current_ratio": 127.66,
            "debt_ratio": 46.75,
            "inventory_turnover_ratio": 1.88,
            "account_receivable_turnover_ratio": 0.93,
            "reinvestment_rate": 21.06,
            "research_to_sale_ratio": 4.27,
            "price_fair": 54.32,
            "eps_avg_yearly": 1.55,
            "eps_latest_yearly": 0.28,
            "eps_growth_yearly": 161.17
        },
        "20154": {
            "year_quarter": 20154,
            "year": 2015,
            "quarter": 4,
            "eps": -0.17,
            "eps_growth_year": null,
            "eps_4q": 0.09,
            "eps_4q_growth_year": -17.66,
            "roe": -1.03,
            "roe_4q": 0.5499999999999999,
            "gross_profit": 224228,
            "gross_margin": 17.71,
            "gross_margin_4q_avg": 16.46,
            "net_income": -29562,
            "net_income_4q": null,
            "revenue": 1266355,
            "revenue_4q": null,
            "common_shares": 1715194,
            "book_valuer_per_share": 16.61,
            "book_valuer_per_share_4q_avg": 16.69,
            "equity": 2819985,
            "current_ratio": 127.47,
            "debt_ratio": 45.19,
            "inventory_turnover_ratio": 1.53,
            "account_receivable_turnover_ratio": 0.91,
            "reinvestment_rate": 14.66,
            "research_to_sale_ratio": 4.35,
            "price_fair": 56.47,
            "eps_avg_yearly": 1.61,
            "eps_latest_yearly": 0.28,
            "eps_growth_yearly": 179.08
        },
        "20161": {
            "year_quarter": 20161,
            "year": 2016,
            "quarter": 1,
            "eps": 0.12,
            "eps_growth_year": 200,
            "eps_4q": 0.17,
            "eps_4q_growth_year": null,
            "roe": 0.72,
            "roe_4q": 1.0299999999999998,
            "gross_profit": 185716,
            "gross_margin": 14.61,
            "gross_margin_4q_avg": 16.46,
            "net_income": 20259,
            "net_income_4q": null,
            "revenue": 1271421,
            "revenue_4q": null,
            "common_shares": 1715194,
            "book_valuer_per_share": 16.47,
            "book_valuer_per_share_4q_avg": 16.6,
            "equity": 2795554,
            "current_ratio": 130.21,
            "debt_ratio": 43.41,
            "inventory_turnover_ratio": 1.66,
            "account_receivable_turnover_ratio": 0.98,
            "reinvestment_rate": 15.77,
            "research_to_sale_ratio": 4.17,
            "price_fair": 57.05,
            "eps_avg_yearly": 1.63,
            "eps_latest_yearly": 0.28,
            "eps_growth_yearly": 177.47
        },
        "20162": {
            "year_quarter": 20162,
            "year": 2016,
            "quarter": 2,
            "eps": 0.13,
            "eps_growth_year": -18.75,
            "eps_4q": 0.14,
            "eps_4q_growth_year": -46.79,
            "roe": 0.81,
            "roe_4q": 0.89,
            "gross_profit": 195244,
            "gross_margin": 15.09,
            "gross_margin_4q_avg": 16.13,
            "net_income": 22235,
            "net_income_4q": null,
            "revenue": 1293576,
            "revenue_4q": null,
            "common_shares": 1715194,
            "book_valuer_per_share": 15.91,
            "book_valuer_per_share_4q_avg": 16.51,
            "equity": 2701203,
            "current_ratio": 124.2,
            "debt_ratio": 46.17,
            "inventory_turnover_ratio": 1.81,
            "account_receivable_turnover_ratio": 0.97,
            "reinvestment_rate": 3.51,
            "research_to_sale_ratio": 3.9,
            "price_fair": 46.9,
            "eps_avg_yearly": 1.34,
            "eps_latest_yearly": 0.52,
            "eps_growth_yearly": 135.69
        },
        "20163": {
            "year_quarter": 20163,
            "year": 2016,
            "quarter": 3,
            "eps": 0.22,
            "eps_growth_year": 214.29,
            "eps_4q": 0.3,
            "eps_4q_growth_year": 165.79,
            "roe": 1.39,
            "roe_4q": 1.89,
            "gross_profit": 208435,
            "gross_margin": 16.24,
            "gross_margin_4q_avg": 15.91,
            "net_income": 37295,
            "net_income_4q": null,
            "revenue": 1283681,
            "revenue_4q": null,
            "common_shares": 1715194,
            "book_valuer_per_share": 15.59,
            "book_valuer_per_share_4q_avg": 16.15,
            "equity": 2646044,
            "current_ratio": 135.34,
            "debt_ratio": 47.97,
            "inventory_turnover_ratio": 1.65,
            "account_receivable_turnover_ratio": 0.9,
            "reinvestment_rate": -15.53,
            "research_to_sale_ratio": 4.24,
            "price_fair": 34.48,
            "eps_avg_yearly": 0.99,
            "eps_latest_yearly": 0.88,
            "eps_growth_yearly": 154.81
        },
        "20164": {
            "year_quarter": 20164,
            "year": 2016,
            "quarter": 4,
            "eps": 0.11,
            "eps_growth_year": null,
            "eps_4q": 0.58,
            "eps_4q_growth_year": 551.33,
            "roe": 0.73,
            "roe_4q": 3.6500000000000004,
            "gross_profit": 210511,
            "gross_margin": 15.25,
            "gross_margin_4q_avg": 15.3,
            "net_income": 19345,
            "net_income_4q": null,
            "revenue": 1380589,
            "revenue_4q": null,
            "common_shares": 1715194,
            "book_valuer_per_share": 15.66,
            "book_valuer_per_share_4q_avg": 15.91,
            "equity": 2658199,
            "current_ratio": 133.44,
            "debt_ratio": 49.16,
            "inventory_turnover_ratio": 1.55,
            "account_receivable_turnover_ratio": 0.92,
            "reinvestment_rate": -17.65,
            "research_to_sale_ratio": 4.11,
            "price_fair": 28.7,
            "eps_avg_yearly": 0.82,
            "eps_latest_yearly": 0.44,
            "eps_growth_yearly": 156.15
        },
        "20171": {
            "year_quarter": 20171,
            "year": 2017,
            "quarter": 1,
            "eps": 0.02,
            "eps_growth_year": -83.33,
            "eps_4q": 0.49,
            "eps_4q_growth_year": 188.77,
            "roe": 0.14,
            "roe_4q": 3.07,
            "gross_profit": 163678,
            "gross_margin": 12.33,
            "gross_margin_4q_avg": 14.73,
            "net_income": 3658,
            "net_income_4q": null,
            "revenue": 1327657,
            "revenue_4q": null,
            "common_shares": 1715194,
            "book_valuer_per_share": 14.75,
            "book_valuer_per_share_4q_avg": 15.48,
            "equity": 2503892,
            "current_ratio": 145.53,
            "debt_ratio": 50.05,
            "inventory_turnover_ratio": 1.49,
            "account_receivable_turnover_ratio": 0.89,
            "reinvestment_rate": -62.39,
            "research_to_sale_ratio": 3.98,
            "price_fair": 25.38,
            "eps_avg_yearly": 0.73,
            "eps_latest_yearly": 0.08,
            "eps_growth_yearly": 141.38
        },
        "20172": {
            "year_quarter": 20172,
            "year": 2017,
            "quarter": 2,
            "eps": -0.01,
            "eps_growth_year": -107.69,
            "eps_4q": 0.34,
            "eps_4q_growth_year": 142.37,
            "roe": -0.08,
            "roe_4q": 2.1799999999999997,
            "gross_profit": 165177,
            "gross_margin": 13,
            "gross_margin_4q_avg": 14.21,
            "net_income": -1955,
            "net_income_4q": null,
            "revenue": 1270587,
            "revenue_4q": null,
            "common_shares": 1715194,
            "book_valuer_per_share": 14.47,
            "book_valuer_per_share_4q_avg": 15.12,
            "equity": 2455488,
            "current_ratio": 140.09,
            "debt_ratio": 50.87,
            "inventory_turnover_ratio": 1.5,
            "account_receivable_turnover_ratio": 0.88,
            "reinvestment_rate": -67.1,
            "research_to_sale_ratio": 4.2,
            "price_fair": 23.2,
            "eps_avg_yearly": 0.66,
            "eps_latest_yearly": 0.08,
            "eps_growth_yearly": 139.81
        },
        "20173": {
            "year_quarter": 20173,
            "year": 2017,
            "quarter": 3,
            "eps": -0.22,
            "eps_growth_year": -200,
            "eps_4q": -0.1,
            "eps_4q_growth_year": -132.88,
            "roe": -1.54,
            "roe_4q": -0.75,
            "gross_profit": 156239,
            "gross_margin": 12.13,
            "gross_margin_4q_avg": 13.18,
            "net_income": -37622,
            "net_income_4q": null,
            "revenue": 1287709,
            "revenue_4q": null,
            "common_shares": 1715194,
            "book_valuer_per_share": 14.41,
            "book_valuer_per_share_4q_avg": 14.82,
            "equity": 2446545,
            "current_ratio": 136.87,
            "debt_ratio": 51.29,
            "inventory_turnover_ratio": 1.51,
            "account_receivable_turnover_ratio": 0.93,
            "reinvestment_rate": -190.82,
            "research_to_sale_ratio": 4.67,
            "price_fair": 16.57,
            "eps_avg_yearly": 0.47,
            "eps_latest_yearly": 0.08,
            "eps_growth_yearly": 126.33
        },
        "20174": {
            "year_quarter": 20174,
            "year": 2017,
            "quarter": 4,
            "eps": -0,
            "eps_growth_year": -103.14,
            "eps_4q": -0.21,
            "eps_4q_growth_year": -136.79,
            "roe": -0.03,
            "roe_4q": -1.5100000000000002,
            "gross_profit": 154311,
            "gross_margin": 12.84,
            "gross_margin_4q_avg": 12.58,
            "net_income": -627,
            "net_income_4q": null,
            "revenue": 1201560,
            "revenue_4q": null,
            "common_shares": 1704914,
            "book_valuer_per_share": 14.35,
            "book_valuer_per_share_4q_avg": 14.5,
            "equity": 2435836,
            "current_ratio": 135.4,
            "debt_ratio": 51.25,
            "inventory_turnover_ratio": 1.32,
            "account_receivable_turnover_ratio": 0.91,
            "reinvestment_rate": -153.25,
            "research_to_sale_ratio": 4.88,
            "price_fair": 16.57,
            "eps_avg_yearly": 0.47,
            "eps_latest_yearly": 0.08,
            "eps_growth_yearly": 126.33
        },
        "20181": {
            "year_quarter": 20181,
            "year": 2018,
            "quarter": 1,
            "eps": -0.31,
            "eps_growth_year": -1650,
            "eps_4q": -0.55,
            "eps_4q_growth_year": -213.03,
            "roe": -2.2,
            "roe_4q": -3.85,
            "gross_profit": 115198,
            "gross_margin": 10.63,
            "gross_margin_4q_avg": 12.15,
            "net_income": -53201,
            "net_income_4q": null,
            "revenue": 1084018,
            "revenue_4q": null,
            "common_shares": 1704914,
            "book_valuer_per_share": 14.16,
            "book_valuer_per_share_4q_avg": 14.35,
            "equity": 2403550,
            "current_ratio": 132.8,
            "debt_ratio": 51.32,
            "inventory_turnover_ratio": 1.16,
            "account_receivable_turnover_ratio": 0.92,
            "reinvestment_rate": -1888.7,
            "research_to_sale_ratio": 5.03,
            "price_fair": 16.57,
            "eps_avg_yearly": 0.47,
            "eps_latest_yearly": 0.08,
            "eps_growth_yearly": 126.33
        },
        "20182": {
            "year_quarter": 20182,
            "year": 2018,
            "quarter": 2,
            "eps": -0.03,
            "eps_growth_year": null,
            "eps_4q": -0.57,
            "eps_4q_growth_year": -264.8,
            "roe": -0.2,
            "roe_4q": -3.97,
            "gross_profit": 163999,
            "gross_margin": 12.43,
            "gross_margin_4q_avg": 12.01,
            "net_income": -4826,
            "net_income_4q": null,
            "revenue": 1319731,
            "revenue_4q": null,
            "common_shares": 1704914,
            "book_valuer_per_share": 14.21,
            "book_valuer_per_share_4q_avg": 14.28,
            "equity": 2412337,
            "current_ratio": 132.97,
            "debt_ratio": 51.48,
            "inventory_turnover_ratio": 1.35,
            "account_receivable_turnover_ratio": 1.13,
            "reinvestment_rate": -862.52,
            "research_to_sale_ratio": 4.31,
            "price_fair": 16.57,
            "eps_avg_yearly": 0.47,
            "eps_latest_yearly": 0.08,
            "eps_growth_yearly": 126.33
        },
        "20183": {
            "year_quarter": 20183,
            "year": 2018,
            "quarter": 3,
            "eps": -0.02,
            "eps_growth_year": null,
            "eps_4q": -0.37,
            "eps_4q_growth_year": null,
            "roe": -0.12,
            "roe_4q": -2.55,
            "gross_profit": 174027,
            "gross_margin": 14.12,
            "gross_margin_4q_avg": 12.51,
            "net_income": -2795,
            "net_income_4q": null,
            "revenue": 1232341,
            "revenue_4q": null,
            "common_shares": 1704914,
            "book_valuer_per_share": 13.82,
            "book_valuer_per_share_4q_avg": 14.14,
            "equity": 2309045,
            "current_ratio": 128.92,
            "debt_ratio": 52.87,
            "inventory_turnover_ratio": 1.21,
            "account_receivable_turnover_ratio": 0.98,
            "reinvestment_rate": null,
            "research_to_sale_ratio": 4.37,
            "price_fair": 16.57,
            "eps_avg_yearly": 0.47,
            "eps_latest_yearly": 0.08,
            "eps_growth_yearly": 126.33
        },
        "20184": {
            "year_quarter": 20184,
            "year": 2018,
            "quarter": 4,
            "eps": -0.59,
            "eps_growth_year": null,
            "eps_4q": -0.96,
            "eps_4q_growth_year": null,
            "roe": -4.32,
            "roe_4q": -6.840000000000001,
            "gross_profit": 143951,
            "gross_margin": 11.69,
            "gross_margin_4q_avg": 12.22,
            "net_income": -97600,
            "net_income_4q": null,
            "revenue": 1231569,
            "revenue_4q": null,
            "common_shares": 1697184,
            "book_valuer_per_share": 13.42,
            "book_valuer_per_share_4q_avg": 13.9,
            "equity": 2209454,
            "current_ratio": 123.25,
            "debt_ratio": 53.28,
            "inventory_turnover_ratio": 1.21,
            "account_receivable_turnover_ratio": 1.01,
            "reinvestment_rate": null,
            "research_to_sale_ratio": 4.34,
            "price_fair": 16.57,
            "eps_avg_yearly": 0.47,
            "eps_latest_yearly": 0.08,
            "eps_growth_yearly": 126.33
        },
        "20191": {
            "year_quarter": 20191,
            "year": 2019,
            "quarter": 1,
            "eps": -0.14,
            "eps_growth_year": null,
            "eps_4q": -0.78,
            "eps_4q_growth_year": null,
            "roe": -1.05,
            "roe_4q": -5.69,
            "gross_profit": 126067,
            "gross_margin": 11.48,
            "gross_margin_4q_avg": 12.43,
            "net_income": -23598,
            "net_income_4q": null,
            "revenue": 1097691,
            "revenue_4q": null,
            "common_shares": 1675674,
            "book_valuer_per_share": 13.8,
            "book_valuer_per_share_4q_avg": 13.81,
            "equity": 2265616,
            "current_ratio": 124.6,
            "debt_ratio": 52.58,
            "inventory_turnover_ratio": 1.14,
            "account_receivable_turnover_ratio": 0.98,
            "reinvestment_rate": null,
            "research_to_sale_ratio": 4.38,
            "price_fair": 16.57,
            "eps_avg_yearly": 0.47,
            "eps_latest_yearly": 0.08,
            "eps_growth_yearly": 126.33
        },
        "20192": {
            "year_quarter": 20192,
            "year": 2019,
            "quarter": 2,
            "eps": -0.06,
            "eps_growth_year": null,
            "eps_4q": -0.82,
            "eps_4q_growth_year": null,
            "roe": -0.41,
            "roe_4q": -5.9,
            "gross_profit": 149134,
            "gross_margin": 13.17,
            "gross_margin_4q_avg": 12.62,
            "net_income": -9201,
            "net_income_4q": null,
            "revenue": 1132393,
            "revenue_4q": null,
            "common_shares": 1675674,
            "book_valuer_per_share": 13.44,
            "book_valuer_per_share_4q_avg": 13.62,
            "equity": 2172361,
            "current_ratio": 126.22,
            "debt_ratio": 53.84,
            "inventory_turnover_ratio": 1.3,
            "account_receivable_turnover_ratio": 1.08,
            "reinvestment_rate": null,
            "research_to_sale_ratio": 4.58,
            "price_fair": 1.32,
            "eps_avg_yearly": 0.44,
            "eps_latest_yearly": 0.08,
            "eps_growth_yearly": -88.4
        },
        "20193": {
            "year_quarter": 20193,
            "year": 2019,
            "quarter": 3,
            "eps": -0.02,
            "eps_growth_year": null,
            "eps_4q": -0.83,
            "eps_4q_growth_year": null,
            "roe": -0.16,
            "roe_4q": -5.94,
            "gross_profit": 165367,
            "gross_margin": 13.65,
            "gross_margin_4q_avg": 12.5,
            "net_income": -3350,
            "net_income_4q": null,
            "revenue": 1211255,
            "revenue_4q": null,
            "common_shares": 1649374,
            "book_valuer_per_share": 13.01,
            "book_valuer_per_share_4q_avg": 13.42,
            "equity": 2101549,
            "current_ratio": 122.67,
            "debt_ratio": 56.07,
            "inventory_turnover_ratio": 1.48,
            "account_receivable_turnover_ratio": 1.04,
            "reinvestment_rate": null,
            "research_to_sale_ratio": 4.34,
            "price_fair": 1.44,
            "eps_avg_yearly": 0.48,
            "eps_latest_yearly": 0.08,
            "eps_growth_yearly": -54.25
        },
        "20194": {
            "year_quarter": 20194,
            "year": 2019,
            "quarter": 4,
            "eps": 0.13,
            "eps_growth_year": null,
            "eps_4q": -0.1,
            "eps_4q_growth_year": null,
            "roe": 0.98,
            "roe_4q": -0.6400000000000001,
            "gross_profit": 170474,
            "gross_margin": 15.77,
            "gross_margin_4q_avg": 13.52,
            "net_income": 20525,
            "net_income_4q": null,
            "revenue": 1081000,
            "revenue_4q": null,
            "common_shares": 1649374,
            "book_valuer_per_share": 12.91,
            "book_valuer_per_share_4q_avg": 13.29,
            "equity": 2086468,
            "current_ratio": 126.93,
            "debt_ratio": 57.85,
            "inventory_turnover_ratio": 1.24,
            "account_receivable_turnover_ratio": 0.92,
            "reinvestment_rate": null,
            "research_to_sale_ratio": 3.99,
            "price_fair": 1.44,
            "eps_avg_yearly": 0.48,
            "eps_latest_yearly": 0.08,
            "eps_growth_yearly": -54.25
        },
        "20201": {
            "year_quarter": 20201,
            "year": 2020,
            "quarter": 1,
            "eps": -0.32,
            "eps_growth_year": null,
            "eps_4q": -0.27,
            "eps_4q_growth_year": null,
            "roe": -2.54,
            "roe_4q": -2.13,
            "gross_profit": 90312,
            "gross_margin": 10.9,
            "gross_margin_4q_avg": 13.37,
            "net_income": -51658,
            "net_income_4q": null,
            "revenue": 828295,
            "revenue_4q": null,
            "common_shares": 1649374,
            "book_valuer_per_share": 12.37,
            "book_valuer_per_share_4q_avg": 12.93,
            "equity": 1976690,
            "current_ratio": 124.61,
            "debt_ratio": 56.84,
            "inventory_turnover_ratio": 0.96,
            "account_receivable_turnover_ratio": 0.86,
            "reinvestment_rate": null,
            "research_to_sale_ratio": 4.76,
            "price_fair": 1.44,
            "eps_avg_yearly": 0.48,
            "eps_latest_yearly": 0.08,
            "eps_growth_yearly": -54.25
        },
        "20202": {
            "year_quarter": 20202,
            "year": 2020,
            "quarter": 2,
            "eps": 0.01,
            "eps_growth_year": null,
            "eps_4q": -0.21,
            "eps_4q_growth_year": null,
            "roe": 0.03,
            "roe_4q": -1.6900000000000002,
            "gross_profit": 143935,
            "gross_margin": 12.98,
            "gross_margin_4q_avg": 13.33,
            "net_income": 491,
            "net_income_4q": null,
            "revenue": 1109076,
            "revenue_4q": null,
            "common_shares": 1649374,
            "book_valuer_per_share": 12.3,
            "book_valuer_per_share_4q_avg": 12.65,
            "equity": 1929596,
            "current_ratio": 116.98,
            "debt_ratio": 59.73,
            "inventory_turnover_ratio": 1.3,
            "account_receivable_turnover_ratio": 1.15,
            "reinvestment_rate": null,
            "research_to_sale_ratio": 3.75,
            "price_fair": 1.4,
            "eps_avg_yearly": 0.47,
            "eps_latest_yearly": 0.08,
            "eps_growth_yearly": -83.45
        },
        "20203": {
            "year_quarter": 20203,
            "year": 2020,
            "quarter": 3,
            "eps": -0.14,
            "eps_growth_year": null,
            "eps_4q": -0.33,
            "eps_4q_growth_year": null,
            "roe": -1.12,
            "roe_4q": -2.65,
            "gross_profit": 145489,
            "gross_margin": 12.54,
            "gross_margin_4q_avg": 13.05,
            "net_income": -21517,
            "net_income_4q": null,
            "revenue": 1160344,
            "revenue_4q": null,
            "common_shares": 1619374,
            "book_valuer_per_share": 12.15,
            "book_valuer_per_share_4q_avg": 12.43,
            "equity": 1909580,
            "current_ratio": 113.3,
            "debt_ratio": 60.99,
            "inventory_turnover_ratio": 1.37,
            "account_receivable_turnover_ratio": 1.01,
            "reinvestment_rate": null,
            "research_to_sale_ratio": 4.07,
            "price_fair": 0.78,
            "eps_avg_yearly": 0.26,
            "eps_latest_yearly": 0.08,
            "eps_growth_yearly": -263.64
        },
        "20204": {
            "year_quarter": 20204,
            "year": 2020,
            "quarter": 4,
            "eps": -0.31,
            "eps_growth_year": -344.67,
            "eps_4q": -0.77,
            "eps_4q_growth_year": null,
            "roe": -2.61,
            "roe_4q": -6.24,
            "gross_profit": 108798,
            "gross_margin": 10.21,
            "gross_margin_4q_avg": 11.66,
            "net_income": -49300,
            "net_income_4q": null,
            "revenue": 1065901,
            "revenue_4q": null,
            "common_shares": 1619374,
            "book_valuer_per_share": 11.91,
            "book_valuer_per_share_4q_avg": 12.18,
            "equity": 1871341,
            "current_ratio": 115,
            "debt_ratio": 63.41,
            "inventory_turnover_ratio": 1.2,
            "account_receivable_turnover_ratio": 0.86,
            "reinvestment_rate": null,
            "research_to_sale_ratio": 4.27,
            "price_fair": 0.24,
            "eps_avg_yearly": 0.08,
            "eps_latest_yearly": 0.08,
            "eps_growth_yearly": -327.27
        },
        "20211": {
            "year_quarter": 20211,
            "year": 2021,
            "quarter": 1,
            "eps": -0.33,
            "eps_growth_year": null,
            "eps_4q": -0.77,
            "eps_4q_growth_year": null,
            "roe": -2.83,
            "roe_4q": -6.529999999999999,
            "gross_profit": 75403,
            "gross_margin": 7.44,
            "gross_margin_4q_avg": 10.79,
            "net_income": -52301,
            "net_income_4q": null,
            "revenue": 1014045,
            "revenue_4q": null,
            "common_shares": 1619374,
            "book_valuer_per_share": 11.58,
            "book_valuer_per_share_4q_avg": 11.99,
            "equity": 1819308,
            "current_ratio": 107.21,
            "debt_ratio": 65.4,
            "inventory_turnover_ratio": 0.99,
            "account_receivable_turnover_ratio": 0.83,
            "reinvestment_rate": null,
            "research_to_sale_ratio": 3.76,
            "price_fair": 0,
            "eps_avg_yearly": 0,
            "eps_latest_yearly": 0,
            "eps_growth_yearly": 0
        },
        "20212": {
            "year_quarter": 20212,
            "year": 2021,
            "quarter": 2,
            "eps": -0.87,
            "eps_growth_year": -8800,
            "eps_4q": -1.65,
            "eps_4q_growth_year": null,
            "roe": -7.86,
            "roe_4q": -14.420000000000002,
            "gross_profit": 78391,
            "gross_margin": 6.6,
            "gross_margin_4q_avg": 9.2,
            "net_income": -136561,
            "net_income_4q": null,
            "revenue": 1188126,
            "revenue_4q": null,
            "common_shares": 1619374,
            "book_valuer_per_share": 10.54,
            "book_valuer_per_share_4q_avg": 11.55,
            "equity": 1655501,
            "current_ratio": 102.74,
            "debt_ratio": 68.41,
            "inventory_turnover_ratio": 0.96,
            "account_receivable_turnover_ratio": 0.95,
            "reinvestment_rate": null,
            "research_to_sale_ratio": 3.79,
            "price_fair": 0,
            "eps_avg_yearly": 0,
            "eps_latest_yearly": 0,
            "eps_growth_yearly": 0
        },
        "20213": {
            "year_quarter": 20213,
            "year": 2021,
            "quarter": 3,
            "eps": -0.34,
            "eps_growth_year": null,
            "eps_4q": -1.85,
            "eps_4q_growth_year": null,
            "roe": -3.35,
            "roe_4q": -16.650000000000002,
            "gross_profit": 109469,
            "gross_margin": 8.39,
            "gross_margin_4q_avg": 8.16,
            "net_income": -54075,
            "net_income_4q": null,
            "revenue": 1305151,
            "revenue_4q": null,
            "common_shares": 1619374,
            "book_valuer_per_share": 9.99,
            "book_valuer_per_share_4q_avg": 11.01,
            "equity": 1568789,
            "current_ratio": 99.82,
            "debt_ratio": 69.61,
            "inventory_turnover_ratio": 0.96,
            "account_receivable_turnover_ratio": 0.95,
            "reinvestment_rate": null,
            "research_to_sale_ratio": 3.48,
            "price_fair": 0,
            "eps_avg_yearly": 0,
            "eps_latest_yearly": 0,
            "eps_growth_yearly": 0
        },
        "20214": {
            "year_quarter": 20214,
            "year": 2021,
            "quarter": 4,
            "eps": -0.52,
            "eps_growth_year": null,
            "eps_4q": -2.06,
            "eps_4q_growth_year": null,
            "roe": -5.27,
            "roe_4q": -19.310000000000002,
            "gross_profit": 95425,
            "gross_margin": 7.86,
            "gross_margin_4q_avg": 7.57,
            "net_income": -80877,
            "net_income_4q": null,
            "revenue": 1214517,
            "revenue_4q": null,
            "common_shares": 1585764,
            "book_valuer_per_share": 9.54,
            "book_valuer_per_share_4q_avg": 10.41,
            "equity": 1499242,
            "current_ratio": 94.48,
            "debt_ratio": 71.38,
            "inventory_turnover_ratio": 0.94,
            "account_receivable_turnover_ratio": 0.89,
            "reinvestment_rate": null,
            "research_to_sale_ratio": 3.68,
            "price_fair": 0,
            "eps_avg_yearly": 0,
            "eps_latest_yearly": 0,
            "eps_growth_yearly": 0
        },
        "20221": {
            "year_quarter": 20221,
            "year": 2022,
            "quarter": 1,
            "eps": -0.69,
            "eps_growth_year": null,
            "eps_4q": -2.42,
            "eps_4q_growth_year": null,
            "roe": -7.35,
            "roe_4q": -23.83,
            "gross_profit": 71777,
            "gross_margin": 7.22,
            "gross_margin_4q_avg": 7.52,
            "net_income": -108805,
            "net_income_4q": null,
            "revenue": 993564,
            "revenue_4q": null,
            "common_shares": 1585764,
            "book_valuer_per_share": 9.3,
            "book_valuer_per_share_4q_avg": 9.84,
            "equity": 1461708,
            "current_ratio": 91.17,
            "debt_ratio": 70.18,
            "inventory_turnover_ratio": 0.79,
            "account_receivable_turnover_ratio": 0.87,
            "reinvestment_rate": null,
            "research_to_sale_ratio": 3.71,
            "price_fair": 0,
            "eps_avg_yearly": 0,
            "eps_latest_yearly": 0,
            "eps_growth_yearly": 0
        },
        "20222": {
            "year_quarter": 20222,
            "year": 2022,
            "quarter": 2,
            "eps": -0.34,
            "eps_growth_year": null,
            "eps_4q": -1.89,
            "eps_4q_growth_year": null,
            "roe": -3.67,
            "roe_4q": -19.64,
            "gross_profit": 109224,
            "gross_margin": 8.79,
            "gross_margin_4q_avg": 8.07,
            "net_income": -52787,
            "net_income_4q": null,
            "revenue": 1243170,
            "revenue_4q": null,
            "common_shares": 1585764,
            "book_valuer_per_share": 8.99,
            "book_valuer_per_share_4q_avg": 9.46,
            "equity": 1412530,
            "current_ratio": 90.33,
            "debt_ratio": 69.85,
            "inventory_turnover_ratio": 1.01,
            "account_receivable_turnover_ratio": 1.14,
            "reinvestment_rate": null,
            "research_to_sale_ratio": 3.58,
            "price_fair": 0,
            "eps_avg_yearly": 0,
            "eps_latest_yearly": 0,
            "eps_growth_yearly": 0
        },
        "20223": {
            "year_quarter": 20223,
            "year": 2022,
            "quarter": 3,
            "eps": -0.07,
            "eps_growth_year": null,
            "eps_4q": -1.62,
            "eps_4q_growth_year": null,
            "roe": -0.77,
            "roe_4q": -17.06,
            "gross_profit": 158311,
            "gross_margin": 13.17,
            "gross_margin_4q_avg": 9.26,
            "net_income": -11097,
            "net_income_4q": null,
            "revenue": 1202493,
            "revenue_4q": null,
            "common_shares": 1585764,
            "book_valuer_per_share": 9.27,
            "book_valuer_per_share_4q_avg": 9.28,
            "equity": 1455712,
            "current_ratio": 92.47,
            "debt_ratio": 68.94,
            "inventory_turnover_ratio": 1.06,
            "account_receivable_turnover_ratio": 1.02,
            "reinvestment_rate": null,
            "research_to_sale_ratio": 3.36,
            "price_fair": 0,
            "eps_avg_yearly": 0,
            "eps_latest_yearly": 0,
            "eps_growth_yearly": 0
        },
        "20224": {
            "year_quarter": 20224,
            "year": 2022,
            "quarter": 4,
            "eps": 0.09,
            "eps_growth_year": null,
            "eps_4q": -1.01,
            "eps_4q_growth_year": null,
            "roe": 0.97,
            "roe_4q": -10.82,
            "gross_profit": 163085,
            "gross_margin": 14.76,
            "gross_margin_4q_avg": 10.99,
            "net_income": 13971,
            "net_income_4q": null,
            "revenue": 1105058,
            "revenue_4q": null,
            "common_shares": 1585764,
            "book_valuer_per_share": 9.02,
            "book_valuer_per_share_4q_avg": 9.15,
            "equity": 1416323,
            "current_ratio": 96.16,
            "debt_ratio": 68.53,
            "inventory_turnover_ratio": 1.04,
            "account_receivable_turnover_ratio": 0.96,
            "reinvestment_rate": null,
            "research_to_sale_ratio": 3.95,
            "price_fair": 0,
            "eps_avg_yearly": 0,
            "eps_latest_yearly": 0,
            "eps_growth_yearly": 0
        },
        "20231": {
            "year_quarter": 20231,
            "year": 2023,
            "quarter": 1,
            "eps": 0.06,
            "eps_growth_year": null,
            "eps_4q": -0.25,
            "eps_4q_growth_year": null,
            "roe": 0.59,
            "roe_4q": -2.88,
            "gross_profit": 122870,
            "gross_margin": 13.55,
            "gross_margin_4q_avg": 12.57,
            "net_income": 8463,
            "net_income_4q": null,
            "revenue": 906659,
            "revenue_4q": null,
            "common_shares": 1585764,
            "book_valuer_per_share": 9.12,
            "book_valuer_per_share_4q_avg": 9.1,
            "equity": 1431576,
            "current_ratio": 117.02,
            "debt_ratio": 66.67,
            "inventory_turnover_ratio": 0.94,
            "account_receivable_turnover_ratio": 0.86,
            "reinvestment_rate": null,
            "research_to_sale_ratio": 4.64,
            "price_fair": 0.72,
            "eps_avg_yearly": 0.24,
            "eps_latest_yearly": 0.24,
            "eps_growth_yearly": -133.33
        },
        "20232": {
            "year_quarter": 20232,
            "year": 2023,
            "quarter": 2,
            "eps": 0.07,
            "eps_growth_year": null,
            "eps_4q": 0.15,
            "eps_4q_growth_year": null,
            "roe": 0.79,
            "roe_4q": 1.5799999999999996,
            "gross_profit": 134098,
            "gross_margin": 13.23,
            "gross_margin_4q_avg": 13.68,
            "net_income": 11525,
            "net_income_4q": null,
            "revenue": 1013213,
            "revenue_4q": null,
            "common_shares": 1585764,
            "book_valuer_per_share": 9.06,
            "book_valuer_per_share_4q_avg": 9.12,
            "equity": 1500796,
            "current_ratio": 135.2,
            "debt_ratio": 63.29,
            "inventory_turnover_ratio": 1.18,
            "account_receivable_turnover_ratio": 1,
            "reinvestment_rate": null,
            "research_to_sale_ratio": 4.2,
            "price_fair": 0.78,
            "eps_avg_yearly": 0.26,
            "eps_latest_yearly": 0.28,
            "eps_growth_yearly": -33.33
        },
        "20233": {
            "year_quarter": 20233,
            "year": 2023,
            "quarter": 3,
            "eps": -0.02,
            "eps_growth_year": null,
            "eps_4q": 0.19,
            "eps_4q_growth_year": null,
            "roe": -0.27,
            "roe_4q": 2.08,
            "gross_profit": 145709,
            "gross_margin": 16.08,
            "gross_margin_4q_avg": 14.41,
            "net_income": -4170,
            "net_income_4q": null,
            "revenue": 906412,
            "revenue_4q": null,
            "common_shares": 1663628,
            "book_valuer_per_share": 9.56,
            "book_valuer_per_share_4q_avg": 9.19,
            "equity": 1583211,
            "current_ratio": 144.87,
            "debt_ratio": 63.78,
            "inventory_turnover_ratio": 1.01,
            "account_receivable_turnover_ratio": 0.83,
            "reinvestment_rate": null,
            "research_to_sale_ratio": 4.96,
            "price_fair": 0.78,
            "eps_avg_yearly": 0.26,
            "eps_latest_yearly": 0.28,
            "eps_growth_yearly": -33.33
        }
    },
    "months": {
        "2002-12": {
            "month": "2002-12",
            "price": "24.85",
            "revenue": 289593
        },
        "2003-01": {
            "month": "2003-01",
            "price": "23.63",
            "revenue": 160440
        },
        "2003-02": {
            "month": "2003-02",
            "price": "23.81",
            "revenue": 168470
        },
        "2003-03": {
            "month": "2003-03",
            "price": "20.97",
            "revenue": 248381
        },
        "2003-04": {
            "month": "2003-04",
            "price": "17.41",
            "revenue": 218914
        },
        "2003-05": {
            "month": "2003-05",
            "price": "15.31",
            "revenue": 227071
        },
        "2003-06": {
            "month": "2003-06",
            "price": "17.34",
            "revenue": 290831
        },
        "2003-07": {
            "month": "2003-07",
            "price": "17.83",
            "revenue": 270966
        },
        "2003-08": {
            "month": "2003-08",
            "price": "16.89",
            "revenue": 290252
        },
        "2003-09": {
            "month": "2003-09",
            "price": "13.36",
            "revenue": 317818
        },
        "2003-10": {
            "month": "2003-10",
            "price": "14.64",
            "revenue": 336441
        },
        "2003-11": {
            "month": "2003-11",
            "price": "14.84",
            "revenue": 311845
        },
        "2003-12": {
            "month": "2003-12",
            "price": "15.17",
            "revenue": 266232
        },
        "2004-01": {
            "month": "2004-01",
            "price": "14.29",
            "revenue": 201772
        },
        "2004-02": {
            "month": "2004-02",
            "price": "15.01",
            "revenue": 261209
        },
        "2004-03": {
            "month": "2004-03",
            "price": "14.06",
            "revenue": 357272
        },
        "2004-04": {
            "month": "2004-04",
            "price": "13.37",
            "revenue": 252702
        },
        "2004-05": {
            "month": "2004-05",
            "price": "10.64",
            "revenue": 254498
        },
        "2004-06": {
            "month": "2004-06",
            "price": "9.70",
            "revenue": 259191
        },
        "2004-07": {
            "month": "2004-07",
            "price": "8.22",
            "revenue": 327331
        },
        "2004-08": {
            "month": "2004-08",
            "price": "7.36",
            "revenue": 298731
        },
        "2004-09": {
            "month": "2004-09",
            "price": "7.30",
            "revenue": 348085
        },
        "2004-10": {
            "month": "2004-10",
            "price": "7.34",
            "revenue": 299421
        },
        "2004-11": {
            "month": "2004-11",
            "price": "8.42",
            "revenue": 391701
        },
        "2004-12": {
            "month": "2004-12",
            "price": "8.25",
            "revenue": 256335
        },
        "2005-01": {
            "month": "2005-01",
            "price": "8.31",
            "revenue": 312762
        },
        "2005-02": {
            "month": "2005-02",
            "price": "8.41",
            "revenue": 259640
        },
        "2005-03": {
            "month": "2005-03",
            "price": "8.92",
            "revenue": 315275
        },
        "2005-04": {
            "month": "2005-04",
            "price": "8.26",
            "revenue": 330563
        },
        "2005-05": {
            "month": "2005-05",
            "price": "7.16",
            "revenue": 321279
        },
        "2005-06": {
            "month": "2005-06",
            "price": "8.06",
            "revenue": 284917
        },
        "2005-07": {
            "month": "2005-07",
            "price": "8.95",
            "revenue": 321128
        },
        "2005-08": {
            "month": "2005-08",
            "price": "7.83",
            "revenue": 526736
        },
        "2005-09": {
            "month": "2005-09",
            "price": "7.76",
            "revenue": 507188
        },
        "2005-10": {
            "month": "2005-10",
            "price": "7.39",
            "revenue": 626956
        },
        "2005-11": {
            "month": "2005-11",
            "price": "8.54",
            "revenue": 521547
        },
        "2005-12": {
            "month": "2005-12",
            "price": "11.82",
            "revenue": 485699
        },
        "2006-01": {
            "month": "2006-01",
            "price": "15.98",
            "revenue": 360292
        },
        "2006-02": {
            "month": "2006-02",
            "price": "16.49",
            "revenue": 373326
        },
        "2006-03": {
            "month": "2006-03",
            "price": "16.62",
            "revenue": 466684
        },
        "2006-04": {
            "month": "2006-04",
            "price": "18.17",
            "revenue": 406600
        },
        "2006-05": {
            "month": "2006-05",
            "price": "17.01",
            "revenue": 414406
        },
        "2006-06": {
            "month": "2006-06",
            "price": "12.74",
            "revenue": 428861
        },
        "2006-07": {
            "month": "2006-07",
            "price": "12.01",
            "revenue": 464461
        },
        "2006-08": {
            "month": "2006-08",
            "price": "13.33",
            "revenue": 578729
        },
        "2006-09": {
            "month": "2006-09",
            "price": "14.73",
            "revenue": 620763
        },
        "2006-10": {
            "month": "2006-10",
            "price": "16.94",
            "revenue": 586343
        },
        "2006-11": {
            "month": "2006-11",
            "price": "18.25",
            "revenue": 547662
        },
        "2006-12": {
            "month": "2006-12",
            "price": "22.08",
            "revenue": 508739
        },
        "2007-01": {
            "month": "2007-01",
            "price": "25.02",
            "revenue": 543167
        },
        "2007-02": {
            "month": "2007-02",
            "price": "26.45",
            "revenue": 441751
        },
        "2007-03": {
            "month": "2007-03",
            "price": "27.69",
            "revenue": 560565
        },
        "2007-04": {
            "month": "2007-04",
            "price": "27.59",
            "revenue": 539634
        },
        "2007-05": {
            "month": "2007-05",
            "price": "26.14",
            "revenue": 511822
        },
        "2007-06": {
            "month": "2007-06",
            "price": "29.04",
            "revenue": 499866
        },
        "2007-07": {
            "month": "2007-07",
            "price": "29.36",
            "revenue": 568691
        },
        "2007-08": {
            "month": "2007-08",
            "price": "25.03",
            "revenue": 581341
        },
        "2007-09": {
            "month": "2007-09",
            "price": "22.91",
            "revenue": 519621
        },
        "2007-10": {
            "month": "2007-10",
            "price": "20.12",
            "revenue": 529782
        },
        "2007-11": {
            "month": "2007-11",
            "price": "16.42",
            "revenue": 563733
        },
        "2007-12": {
            "month": "2007-12",
            "price": "14.17",
            "revenue": 538360
        },
        "2008-01": {
            "month": "2008-01",
            "price": "12.51",
            "revenue": 544524
        },
        "2008-02": {
            "month": "2008-02",
            "price": "12.92",
            "revenue": 416383
        },
        "2008-03": {
            "month": "2008-03",
            "price": "13.64",
            "revenue": 560426
        },
        "2008-04": {
            "month": "2008-04",
            "price": "14.00",
            "revenue": 621390
        },
        "2008-05": {
            "month": "2008-05",
            "price": "14.76",
            "revenue": 627118
        },
        "2008-06": {
            "month": "2008-06",
            "price": "13.02",
            "revenue": 538326
        },
        "2008-07": {
            "month": "2008-07",
            "price": "10.18",
            "revenue": 706449
        },
        "2008-08": {
            "month": "2008-08",
            "price": "9.97",
            "revenue": 634741
        },
        "2008-09": {
            "month": "2008-09",
            "price": "7.99",
            "revenue": 647140
        },
        "2008-10": {
            "month": "2008-10",
            "price": "6.96",
            "revenue": 675564
        },
        "2008-11": {
            "month": "2008-11",
            "price": "6.37",
            "revenue": 537611
        },
        "2008-12": {
            "month": "2008-12",
            "price": "7.53",
            "revenue": 492791
        },
        "2009-01": {
            "month": "2009-01",
            "price": "7.62",
            "revenue": 355336
        },
        "2009-02": {
            "month": "2009-02",
            "price": "7.74",
            "revenue": 455942
        },
        "2009-03": {
            "month": "2009-03",
            "price": "8.77",
            "revenue": 481630
        },
        "2009-04": {
            "month": "2009-04",
            "price": "11.53",
            "revenue": 494950
        },
        "2009-05": {
            "month": "2009-05",
            "price": "14.54",
            "revenue": 524176
        },
        "2009-06": {
            "month": "2009-06",
            "price": "14.60",
            "revenue": 543601
        },
        "2009-07": {
            "month": "2009-07",
            "price": "17.09",
            "revenue": 608469
        },
        "2009-08": {
            "month": "2009-08",
            "price": "17.48",
            "revenue": 645379
        },
        "2009-09": {
            "month": "2009-09",
            "price": "20.08",
            "revenue": 695174
        },
        "2009-10": {
            "month": "2009-10",
            "price": "22.35",
            "revenue": 681373
        },
        "2009-11": {
            "month": "2009-11",
            "price": "24.34",
            "revenue": 685955
        },
        "2009-12": {
            "month": "2009-12",
            "price": "27.62",
            "revenue": 636075
        },
        "2010-01": {
            "month": "2010-01",
            "price": "27.62",
            "revenue": 679670
        },
        "2010-02": {
            "month": "2010-02",
            "price": "23.86",
            "revenue": 463214
        },
        "2010-03": {
            "month": "2010-03",
            "price": "27.89",
            "revenue": 761873
        },
        "2010-04": {
            "month": "2010-04",
            "price": "28.72",
            "revenue": 688280
        },
        "2010-05": {
            "month": "2010-05",
            "price": "27.56",
            "revenue": 734895
        },
        "2010-06": {
            "month": "2010-06",
            "price": "28.12",
            "revenue": 776123
        },
        "2010-07": {
            "month": "2010-07",
            "price": "27.22",
            "revenue": 762465
        },
        "2010-08": {
            "month": "2010-08",
            "price": "25.60",
            "revenue": 862273
        },
        "2010-09": {
            "month": "2010-09",
            "price": "20.89",
            "revenue": 803407
        },
        "2010-10": {
            "month": "2010-10",
            "price": "21.26",
            "revenue": 734915
        },
        "2010-11": {
            "month": "2010-11",
            "price": "20.09",
            "revenue": 763993
        },
        "2010-12": {
            "month": "2010-12",
            "price": "21.15",
            "revenue": 733952
        },
        "2011-01": {
            "month": "2011-01",
            "price": "20.64",
            "revenue": 620458
        },
        "2011-02": {
            "month": "2011-02",
            "price": "20.09",
            "revenue": 444113
        },
        "2011-03": {
            "month": "2011-03",
            "price": "17.94",
            "revenue": 702331
        },
        "2011-04": {
            "month": "2011-04",
            "price": "16.66",
            "revenue": 768303
        },
        "2011-05": {
            "month": "2011-05",
            "price": "15.44",
            "revenue": 727284
        },
        "2011-06": {
            "month": "2011-06",
            "price": "15.73",
            "revenue": 636154
        },
        "2011-07": {
            "month": "2011-07",
            "price": "14.13",
            "revenue": 623149
        },
        "2011-08": {
            "month": "2011-08",
            "price": "10.54",
            "revenue": 707215
        },
        "2011-09": {
            "month": "2011-09",
            "price": "10.25",
            "revenue": 706435
        },
        "2011-10": {
            "month": "2011-10",
            "price": "10.04",
            "revenue": 674822
        },
        "2011-11": {
            "month": "2011-11",
            "price": "10.44",
            "revenue": 732198
        },
        "2011-12": {
            "month": "2011-12",
            "price": "9.99",
            "revenue": 686165
        },
        "2012-01": {
            "month": "2012-01",
            "price": "10.04",
            "revenue": 487244
        },
        "2012-02": {
            "month": "2012-02",
            "price": "12.28",
            "revenue": 547355
        },
        "2012-03": {
            "month": "2012-03",
            "price": "12.38",
            "revenue": 697722
        },
        "2012-04": {
            "month": "2012-04",
            "price": "11.20",
            "revenue": 707639
        },
        "2012-05": {
            "month": "2012-05",
            "price": "11.95",
            "revenue": 768711
        },
        "2012-06": {
            "month": "2012-06",
            "price": "11.30",
            "revenue": 634522
        },
        "2012-07": {
            "month": "2012-07",
            "price": "11.80",
            "revenue": 671184
        },
        "2012-08": {
            "month": "2012-08",
            "price": "13.60",
            "revenue": 708447
        },
        "2012-09": {
            "month": "2012-09",
            "price": "15.98",
            "revenue": 694981
        },
        "2012-10": {
            "month": "2012-10",
            "price": "15.08",
            "revenue": 551896
        },
        "2012-11": {
            "month": "2012-11",
            "price": "15.08",
            "revenue": 555771
        },
        "2012-12": {
            "month": "2012-12",
            "price": "15.08",
            "revenue": 482125
        },
        "2013-01": {
            "month": "2013-01",
            "price": "16.94",
            "revenue": 508459
        },
        "2013-02": {
            "month": "2013-02",
            "price": "18.92",
            "revenue": 308223
        },
        "2013-03": {
            "month": "2013-03",
            "price": "19.55",
            "revenue": 462934
        },
        "2013-04": {
            "month": "2013-04",
            "price": "19.84",
            "revenue": 535568
        },
        "2013-05": {
            "month": "2013-05",
            "price": "18.85",
            "revenue": 521941
        },
        "2013-06": {
            "month": "2013-06",
            "price": "17.64",
            "revenue": 518815
        },
        "2013-07": {
            "month": "2013-07",
            "price": "17.58",
            "revenue": 560110
        },
        "2013-08": {
            "month": "2013-08",
            "price": "15.40",
            "revenue": 603358
        },
        "2013-09": {
            "month": "2013-09",
            "price": "15.38",
            "revenue": 627924
        },
        "2013-10": {
            "month": "2013-10",
            "price": "14.92",
            "revenue": 574156
        },
        "2013-11": {
            "month": "2013-11",
            "price": "14.35",
            "revenue": 519019
        },
        "2013-12": {
            "month": "2013-12",
            "price": "15.08",
            "revenue": 444493
        },
        "2014-01": {
            "month": "2014-01",
            "price": "15.73",
            "revenue": 458064
        },
        "2014-02": {
            "month": "2014-02",
            "price": "15.44",
            "revenue": 348673
        },
        "2014-03": {
            "month": "2014-03",
            "price": "16.09",
            "revenue": 460121
        },
        "2014-04": {
            "month": "2014-04",
            "price": "14.92",
            "revenue": 459757
        },
        "2014-05": {
            "month": "2014-05",
            "price": "13.59",
            "revenue": 443368
        },
        "2014-06": {
            "month": "2014-06",
            "price": "13.70",
            "revenue": 409054
        },
        "2014-07": {
            "month": "2014-07",
            "price": "13.66",
            "revenue": 480579
        },
        "2014-08": {
            "month": "2014-08",
            "price": "12.40",
            "revenue": 468154
        },
        "2014-09": {
            "month": "2014-09",
            "price": "11.97",
            "revenue": 459978
        },
        "2014-10": {
            "month": "2014-10",
            "price": "11.04",
            "revenue": 471540
        },
        "2014-11": {
            "month": "2014-11",
            "price": "11.54",
            "revenue": 458186
        },
        "2014-12": {
            "month": "2014-12",
            "price": "11.88",
            "revenue": 445241
        },
        "2015-01": {
            "month": "2015-01",
            "price": "11.89",
            "revenue": 466859
        },
        "2015-02": {
            "month": "2015-02",
            "price": "11.70",
            "revenue": 290745
        },
        "2015-03": {
            "month": "2015-03",
            "price": "12.01",
            "revenue": 464101
        },
        "2015-04": {
            "month": "2015-04",
            "price": "12.70",
            "revenue": 483095
        },
        "2015-05": {
            "month": "2015-05",
            "price": "11.92",
            "revenue": 447558
        },
        "2015-06": {
            "month": "2015-06",
            "price": "10.62",
            "revenue": 451706
        },
        "2015-07": {
            "month": "2015-07",
            "price": "10.13",
            "revenue": 448273
        },
        "2015-08": {
            "month": "2015-08",
            "price": "8.56",
            "revenue": 477466
        },
        "2015-09": {
            "month": "2015-09",
            "price": "9.27",
            "revenue": 438201
        },
        "2015-10": {
            "month": "2015-10",
            "price": "9.46",
            "revenue": 423633
        },
        "2015-11": {
            "month": "2015-11",
            "price": "9.17",
            "revenue": 426192
        },
        "2015-12": {
            "month": "2015-12",
            "price": "8.54",
            "revenue": 416355
        },
        "2016-01": {
            "month": "2016-01",
            "price": "8.19",
            "revenue": 467077
        },
        "2016-02": {
            "month": "2016-02",
            "price": "8.66",
            "revenue": 314074
        },
        "2016-03": {
            "month": "2016-03",
            "price": "9.51",
            "revenue": 490270
        },
        "2016-04": {
            "month": "2016-04",
            "price": "9.56",
            "revenue": 433571
        },
        "2016-05": {
            "month": "2016-05",
            "price": "9.22",
            "revenue": 434952
        },
        "2016-06": {
            "month": "2016-06",
            "price": "9.15",
            "revenue": 425053
        },
        "2016-07": {
            "month": "2016-07",
            "price": "9.54",
            "revenue": 430671
        },
        "2016-08": {
            "month": "2016-08",
            "price": "9.26",
            "revenue": 426259
        },
        "2016-09": {
            "month": "2016-09",
            "price": "9.47",
            "revenue": 426751
        },
        "2016-10": {
            "month": "2016-10",
            "price": "10.31",
            "revenue": 440770
        },
        "2016-11": {
            "month": "2016-11",
            "price": "9.81",
            "revenue": 489325
        },
        "2016-12": {
            "month": "2016-12",
            "price": "10.40",
            "revenue": 450494
        },
        "2017-01": {
            "month": "2017-01",
            "price": "10.50",
            "revenue": 415792
        },
        "2017-02": {
            "month": "2017-02",
            "price": "10.78",
            "revenue": 376816
        },
        "2017-03": {
            "month": "2017-03",
            "price": "10.88",
            "revenue": 535049
        },
        "2017-04": {
            "month": "2017-04",
            "price": "10.78",
            "revenue": 473713
        },
        "2017-05": {
            "month": "2017-05",
            "price": "10.35",
            "revenue": 424992
        },
        "2017-06": {
            "month": "2017-06",
            "price": "10.22",
            "revenue": 371882
        },
        "2017-07": {
            "month": "2017-07",
            "price": "10.20",
            "revenue": 407880
        },
        "2017-08": {
            "month": "2017-08",
            "price": "9.97",
            "revenue": 433861
        },
        "2017-09": {
            "month": "2017-09",
            "price": "9.96",
            "revenue": 445968
        },
        "2017-10": {
            "month": "2017-10",
            "price": "9.85",
            "revenue": 428217
        },
        "2017-11": {
            "month": "2017-11",
            "price": "9.38",
            "revenue": 394566
        },
        "2017-12": {
            "month": "2017-12",
            "price": "8.87",
            "revenue": 378801
        },
        "2018-01": {
            "month": "2018-01",
            "price": "9.13",
            "revenue": 400461
        },
        "2018-02": {
            "month": "2018-02",
            "price": "8.83",
            "revenue": 267339
        },
        "2018-03": {
            "month": "2018-03",
            "price": "8.86",
            "revenue": 416218
        },
        "2018-04": {
            "month": "2018-04",
            "price": "8.46",
            "revenue": 425688
        },
        "2018-05": {
            "month": "2018-05",
            "price": "8.10",
            "revenue": 470031
        },
        "2018-06": {
            "month": "2018-06",
            "price": "8.61",
            "revenue": 424011
        },
        "2018-07": {
            "month": "2018-07",
            "price": "8.46",
            "revenue": 429623
        },
        "2018-08": {
            "month": "2018-08",
            "price": "8.24",
            "revenue": 407314
        },
        "2018-09": {
            "month": "2018-09",
            "price": "8.06",
            "revenue": 395405
        },
        "2018-10": {
            "month": "2018-10",
            "price": "7.34",
            "revenue": 421990
        },
        "2018-11": {
            "month": "2018-11",
            "price": "7.13",
            "revenue": 433168
        },
        "2018-12": {
            "month": "2018-12",
            "price": "7.74",
            "revenue": 376413
        },
        "2019-01": {
            "month": "2019-01",
            "price": "7.72",
            "revenue": 440794
        },
        "2019-02": {
            "month": "2019-02",
            "price": "8.03",
            "revenue": 271450
        },
        "2019-03": {
            "month": "2019-03",
            "price": "8.18",
            "revenue": 385447
        },
        "2019-04": {
            "month": "2019-04",
            "price": "8.31",
            "revenue": 404061
        },
        "2019-05": {
            "month": "2019-05",
            "price": "8.17",
            "revenue": 363252
        },
        "2019-06": {
            "month": "2019-06",
            "price": "7.78",
            "revenue": 365080
        },
        "2019-07": {
            "month": "2019-07",
            "price": "7.65",
            "revenue": 404100
        },
        "2019-08": {
            "month": "2019-08",
            "price": "7.44",
            "revenue": 396617
        },
        "2019-09": {
            "month": "2019-09",
            "price": "7.43",
            "revenue": 410537
        },
        "2019-10": {
            "month": "2019-10",
            "price": "7.44",
            "revenue": 363459
        },
        "2019-11": {
            "month": "2019-11",
            "price": "7.36",
            "revenue": 373434
        },
        "2019-12": {
            "month": "2019-12",
            "price": "7.20",
            "revenue": 344110
        },
        "2020-01": {
            "month": "2020-01",
            "price": "7.05",
            "revenue": 307843
        },
        "2020-02": {
            "month": "2020-02",
            "price": "6.60",
            "revenue": 220566
        },
        "2020-03": {
            "month": "2020-03",
            "price": "5.60",
            "revenue": 299886
        },
        "2020-04": {
            "month": "2020-04",
            "price": "5.73",
            "revenue": 372731
        },
        "2020-05": {
            "month": "2020-05",
            "price": "6.96",
            "revenue": 378988
        },
        "2020-06": {
            "month": "2020-06",
            "price": "6.69",
            "revenue": 357352
        },
        "2020-07": {
            "month": "2020-07",
            "price": "7.03",
            "revenue": 385459
        },
        "2020-08": {
            "month": "2020-08",
            "price": "6.97",
            "revenue": 386684
        },
        "2020-09": {
            "month": "2020-09",
            "price": "7.92",
            "revenue": 388292
        },
        "2020-10": {
            "month": "2020-10",
            "price": "8.38",
            "revenue": 333236
        },
        "2020-11": {
            "month": "2020-11",
            "price": "8.29",
            "revenue": 373554
        },
        "2020-12": {
            "month": "2020-12",
            "price": "9.15",
            "revenue": 358645
        },
        "2021-01": {
            "month": "2021-01",
            "price": "11.91",
            "revenue": 409695
        },
        "2021-02": {
            "month": "2021-02",
            "price": "12.84",
            "revenue": 223061
        },
        "2021-03": {
            "month": "2021-03",
            "price": "14.42",
            "revenue": 380710
        },
        "2021-04": {
            "month": "2021-04",
            "price": "20.98",
            "revenue": 391713
        },
        "2021-05": {
            "month": "2021-05",
            "price": "15.74",
            "revenue": 399276
        },
        "2021-06": {
            "month": "2021-06",
            "price": "15.57",
            "revenue": 397789
        },
        "2021-07": {
            "month": "2021-07",
            "price": "17.66",
            "revenue": 418502
        },
        "2021-08": {
            "month": "2021-08",
            "price": "15.98",
            "revenue": 431714
        },
        "2021-09": {
            "month": "2021-09",
            "price": "15.08",
            "revenue": 454928
        },
        "2021-10": {
            "month": "2021-10",
            "price": "14.30",
            "revenue": 414942
        },
        "2021-11": {
            "month": "2021-11",
            "price": "16.92",
            "revenue": 408346
        },
        "2021-12": {
            "month": "2021-12",
            "price": "16.24",
            "revenue": 392085
        },
        "2022-01": {
            "month": "2022-01",
            "price": "14.88",
            "revenue": 391434
        },
        "2022-02": {
            "month": "2022-02",
            "price": "14.72",
            "revenue": 263248
        },
        "2022-03": {
            "month": "2022-03",
            "price": "13.90",
            "revenue": 338880
        },
        "2022-04": {
            "month": "2022-04",
            "price": "12.46",
            "revenue": 339459
        },
        "2022-05": {
            "month": "2022-05",
            "price": "10.92",
            "revenue": 388820
        },
        "2022-06": {
            "month": "2022-06",
            "price": "10.93",
            "revenue": 481843
        },
        "2022-07": {
            "month": "2022-07",
            "price": "10.29",
            "revenue": 464460
        },
        "2022-08": {
            "month": "2022-08",
            "price": "11.19",
            "revenue": 351538
        },
        "2022-09": {
            "month": "2022-09",
            "price": "10.31",
            "revenue": 421467
        },
        "2022-10": {
            "month": "2022-10",
            "price": "9.46",
            "revenue": 331753
        },
        "2022-11": {
            "month": "2022-11",
            "price": "9.76",
            "revenue": 366519
        },
        "2022-12": {
            "month": "2022-12",
            "price": "10.07",
            "revenue": 406467
        },
        "2023-01": {
            "month": "2023-01",
            "price": "9.82",
            "revenue": 294183
        },
        "2023-02": {
            "month": "2023-02",
            "price": "11.55",
            "revenue": 275119
        },
        "2023-03": {
            "month": "2023-03",
            "price": "15.11",
            "revenue": 337005
        },
        "2023-04": {
            "month": "2023-04",
            "price": "19.71",
            "revenue": 372778
        },
        "2023-05": {
            "month": "2023-05",
            "price": "26.48",
            "revenue": 317609
        },
        "2023-06": {
            "month": "2023-06",
            "price": "29.08",
            "revenue": 322655
        },
        "2023-07": {
            "month": "2023-07",
            "price": "24.65",
            "revenue": 291206
        },
        "2023-08": {
            "month": "2023-08",
            "price": "20.59",
            "revenue": 294704
        },
        "2023-09": {
            "month": "2023-09",
            "price": "20.08",
            "revenue": 320503
        },
        "2023-10": {
            "month": "2023-10",
            "price": "19.40",
            "revenue": 319867
        },
        "2023-11": {
            "month": "2023-11",
            "price": "20.15",
            "revenue": 307166
        },
        "2023-12": {
            "month": "2023-12",
            "price": "20.50",
            "revenue": 319363
        }
    }
}
