{
    "summary": {
        "stock_name": "華晶科",
        "stock_id": "3059",
        "category": "光電",
        "main_business": "CC0108 電子零組件製造業。<br>F40101 國際貿易業。<br>研究、開發、設計、生產、製造與銷售數位影像相關產品",
        "website_url": "http://www.altek.com.tw",
        "ceo": "高楨輝",
        "pe_ratio": 25,
        "report_year_from": 2001,
        "report_year_to": 2023,
        "age": 23,
        "eps_negative_percentage": 4,
        "eps_growth_avg": {
            "last_all": 0.54,
            "last_2y": 31.33,
            "last_4y": 31.07,
            "last_8y": 14.89,
            "last_12y": 0.18,
            "last_16y": -4.74,
            "last_20y": -0.85,
            "at_2006_last_3y": 14.72,
            "at_2007_last_3y": 9.33,
            "at_2008_last_3y": 19.66,
            "at_2009_last_3y": -2.93,
            "at_2010_last_3y": -19.52,
            "at_2011_last_3y": -33.07,
            "at_2012_last_3y": -16.61,
            "at_2013_last_3y": -44.02,
            "at_2014_last_3y": -43.93,
            "at_2015_last_3y": -3.87,
            "at_2016_last_3y": -48.4,
            "at_2017_last_3y": -40.46,
            "at_2018_last_3y": -5.35,
            "at_2019_last_3y": -22.75,
            "at_2020_last_3y": 21.29,
            "at_2021_last_3y": 49.77,
            "at_2022_last_3y": 49.47,
            "at_2023_last_3y": 47.69,
            "at_2024_last_3y": 47.69,
            "at_2006_last_all": 17.44,
            "at_2007_last_all": 9.24,
            "at_2008_last_all": 6.25,
            "at_2009_last_all": 6.68,
            "at_2010_last_all": 1.01,
            "at_2011_last_all": -7.68,
            "at_2012_last_all": -2.06,
            "at_2013_last_all": -10.22,
            "at_2014_last_all": -10.22,
            "at_2015_last_all": -6.81,
            "at_2016_last_all": -11.99,
            "at_2017_last_all": -16.27,
            "at_2018_last_all": -9,
            "at_2019_last_all": -10.56,
            "at_2020_last_all": -4.6,
            "at_2021_last_all": -2.37,
            "at_2022_last_all": 2.69,
            "at_2023_last_all": 0.54,
            "at_2024_last_all": 0.54
        },
        "latest_eps": 1.37,
        "latest_price": 34.55,
        "latest_roe": 4.8,
        "latest_gross_margin": 28.84,
        "latest_equity": 9306458,
        "latest_revenue": 2295289,
        "latest_gross_profit": 661872,
        "latest_net_income": 126367,
        "latest_debt_ratio": 43.95,
        "latest_current_ratio": 193.36,
        "latest_account_receivable_turnover_ratio": 1.31,
        "latest_inventory_turnover_ratio": 0.88,
        "latest_reinvestment_rate": -43.52,
        "latest_research_to_sale_ratio": 14.61
    },
    "eps_dividends": {
        "2001": {
            "cash": 0,
            "stock": 0,
            "eps": 4.8
        },
        "2002": {
            "cash": 0.5,
            "stock": 3.5,
            "eps": 6.16
        },
        "2003": {
            "cash": 1,
            "stock": 2,
            "eps": 5.53
        },
        "2004": {
            "cash": 1,
            "stock": 2,
            "eps": 2.6
        },
        "2005": {
            "cash": 1,
            "stock": 1,
            "eps": 7.61
        },
        "2006": {
            "cash": 2.48,
            "stock": 1.49,
            "eps": 9.29
        },
        "2007": {
            "cash": 2.91,
            "stock": 1.46,
            "eps": 6.34
        },
        "2008": {
            "cash": 2.49,
            "stock": 1,
            "eps": 5.6
        },
        "2009": {
            "cash": 1.99,
            "stock": 0.5,
            "eps": 6.14
        },
        "2010": {
            "cash": 2.83,
            "stock": 0.2,
            "eps": 3.42
        },
        "2011": {
            "cash": 3.52,
            "stock": 0.1,
            "eps": 0.48
        },
        "2012": {
            "cash": 0,
            "stock": 0,
            "eps": 0.74
        },
        "2013": {
            "cash": 1,
            "stock": 0,
            "eps": -0.88
        },
        "2014": {
            "cash": 0,
            "stock": 0,
            "eps": 0.76
        },
        "2015": {
            "cash": 1,
            "stock": 0,
            "eps": 1.02
        },
        "2016": {
            "cash": 1,
            "stock": 0,
            "eps": 0.21
        },
        "2017": {
            "cash": 0.8,
            "stock": 0,
            "eps": 0.05
        },
        "2018": {
            "cash": 0.5,
            "stock": 0,
            "eps": 0.48
        },
        "2019": {
            "cash": 0.5,
            "stock": 0,
            "eps": 0.31
        },
        "2020": {
            "cash": 0.5,
            "stock": 0,
            "eps": 0.61
        },
        "2021": {
            "cash": 0.5,
            "stock": 0,
            "eps": 0.84
        },
        "2022": {
            "cash": 0.7,
            "stock": 0,
            "eps": 1.67
        },
        "2023": {
            "cash": 1,
            "stock": 0,
            "eps": 0.96
        }
    },
    "dividends": {
        "2002-05-27": {
            "cash": 0.5,
            "stock": 3.5
        },
        "2003-03-11": {
            "cash": 1,
            "stock": 2
        },
        "2004-03-12": {
            "cash": 1,
            "stock": 2
        },
        "2005-03-10": {
            "cash": 1,
            "stock": 1
        },
        "2006-03-14": {
            "cash": 2.48,
            "stock": 1.49
        },
        "2007-03-23": {
            "cash": 2.91,
            "stock": 1.46
        },
        "2008-03-13": {
            "cash": 2.49,
            "stock": 1
        },
        "2009-03-23": {
            "cash": 1.99,
            "stock": 0.5
        },
        "2010-04-08": {
            "cash": 2.83,
            "stock": 0.2
        },
        "2011-01-01": {
            "cash": 1.5,
            "stock": 0
        },
        "2011-04-25": {
            "cash": 2.02,
            "stock": 0.1
        },
        "2013-03-18": {
            "cash": 1,
            "stock": 0
        },
        "2015-10-02": {
            "cash": 1,
            "stock": 0
        },
        "2016-10-21": {
            "cash": 1,
            "stock": 0
        },
        "2017-09-08": {
            "cash": 0.8,
            "stock": 0
        },
        "2018-09-14": {
            "cash": 0.5,
            "stock": 0
        },
        "2019-10-21": {
            "cash": 0.5,
            "stock": 0
        },
        "2020-10-16": {
            "cash": 0.5,
            "stock": 0
        },
        "2021-10-28": {
            "cash": 0.5,
            "stock": 0
        },
        "2022-10-21": {
            "cash": 0.7,
            "stock": 0
        },
        "2023-10-20": {
            "cash": 1,
            "stock": 0
        }
    },
    "prices": {
        "200101": "無",
        "200102": "無",
        "200103": "無",
        "200104": "無",
        "200105": "無",
        "200106": "無",
        "200107": "無",
        "200108": "無",
        "200109": "無",
        "200110": "無",
        "200111": "無",
        "200112": "無",
        "200201": "無",
        "200202": "無",
        "200203": "無",
        "200204": "無",
        "200205": "無",
        "200206": "無",
        "200207": "無",
        "200208": "無",
        "200209": "無",
        "200210": "無",
        "200211": "無",
        "200212": "94.42",
        "200301": "105.11",
        "200302": "100.62",
        "200303": "90.71",
        "200304": "83.95",
        "200305": "81.07",
        "200306": "82.22",
        "200307": "89.63",
        "200308": "77.07",
        "200309": "72.00",
        "200310": "65.34",
        "200311": "62.95",
        "200312": "58.37",
        "200401": "59.60",
        "200402": "58.92",
        "200403": "52.48",
        "200404": "46.48",
        "200405": "31.46",
        "200406": "28.17",
        "200407": "24.56",
        "200408": "18.90",
        "200409": "18.20",
        "200410": "17.79",
        "200411": "18.37",
        "200412": "22.78",
        "200501": "22.72",
        "200502": "29.42",
        "200503": "34.15",
        "200504": "31.82",
        "200505": "30.99",
        "200506": "42.49",
        "200507": "52.54",
        "200508": "53.77",
        "200509": "46.90",
        "200510": "46.04",
        "200511": "46.22",
        "200512": "56.85",
        "200601": "69.39",
        "200602": "69.61",
        "200603": "67.92",
        "200604": "70.77",
        "200605": "72.43",
        "200606": "53.94",
        "200607": "54.54",
        "200608": "57.13",
        "200609": "56.31",
        "200610": "56.08",
        "200611": "57.83",
        "200612": "58.00",
        "200701": "62.96",
        "200702": "62.95",
        "200703": "60.60",
        "200704": "59.93",
        "200705": "60.39",
        "200706": "72.09",
        "200707": "78.40",
        "200708": "69.29",
        "200709": "64.62",
        "200710": "62.25",
        "200711": "50.11",
        "200712": "43.90",
        "200801": "41.40",
        "200802": "41.52",
        "200803": "44.69",
        "200804": "47.50",
        "200805": "49.58",
        "200806": "45.45",
        "200807": "40.27",
        "200808": "45.34",
        "200809": "37.62",
        "200810": "30.47",
        "200811": "27.12",
        "200812": "24.59",
        "200901": "28.06",
        "200902": "28.50",
        "200903": "30.39",
        "200904": "31.93",
        "200905": "41.13",
        "200906": "42.19",
        "200907": "54.29",
        "200908": "56.06",
        "200909": "58.40",
        "200910": "57.11",
        "200911": "58.61",
        "200912": "61.31",
        "201001": "62.40",
        "201002": "52.34",
        "201003": "53.20",
        "201004": "55.46",
        "201005": "44.97",
        "201006": "43.90",
        "201007": "46.84",
        "201008": "48.57",
        "201009": "47.93",
        "201010": "46.39",
        "201011": "42.28",
        "201012": "43.88",
        "201101": "43.96",
        "201102": "41.57",
        "201103": "40.72",
        "201104": "40.07",
        "201105": "37.97",
        "201106": "40.06",
        "201107": "39.98",
        "201108": "33.05",
        "201109": "32.65",
        "201110": "29.20",
        "201111": "26.35",
        "201112": "24.47",
        "201201": "24.59",
        "201202": "27.30",
        "201203": "27.53",
        "201204": "23.65",
        "201205": "21.84",
        "201206": "19.99",
        "201207": "18.16",
        "201208": "16.58",
        "201209": "17.39",
        "201210": "16.04",
        "201211": "15.14",
        "201212": "16.76",
        "201301": "17.15",
        "201302": "17.10",
        "201303": "17.95",
        "201304": "18.21",
        "201305": "19.10",
        "201306": "18.17",
        "201307": "17.09",
        "201308": "16.31",
        "201309": "20.41",
        "201310": "20.98",
        "201311": "18.65",
        "201312": "19.35",
        "201401": "25.66",
        "201402": "30.55",
        "201403": "30.25",
        "201404": "32.19",
        "201405": "30.55",
        "201406": "29.64",
        "201407": "25.24",
        "201408": "23.47",
        "201409": "25.05",
        "201410": "28.27",
        "201411": "35.86",
        "201412": "36.99",
        "201501": "37.02",
        "201502": "37.22",
        "201503": "37.10",
        "201504": "35.08",
        "201505": "31.42",
        "201506": "29.46",
        "201507": "26.12",
        "201508": "22.65",
        "201509": "24.25",
        "201510": "28.17",
        "201511": "29.19",
        "201512": "27.78",
        "201601": "24.76",
        "201602": "27.51",
        "201603": "28.11",
        "201604": "25.56",
        "201605": "21.10",
        "201606": "21.50",
        "201607": "22.45",
        "201608": "22.40",
        "201609": "22.52",
        "201610": "23.07",
        "201611": "21.30",
        "201612": "22.13",
        "201701": "23.41",
        "201702": "24.51",
        "201703": "25.24",
        "201704": "24.95",
        "201705": "24.47",
        "201706": "24.58",
        "201707": "25.17",
        "201708": "30.92",
        "201709": "31.65",
        "201710": "28.64",
        "201711": "27.32",
        "201712": "32.13",
        "201801": "33.72",
        "201802": "29.67",
        "201803": "29.29",
        "201804": "30.58",
        "201805": "31.50",
        "201806": "37.49",
        "201807": "38.21",
        "201808": "34.77",
        "201809": "28.29",
        "201810": "23.00",
        "201811": "25.05",
        "201812": "26.20",
        "201901": "26.06",
        "201902": "27.53",
        "201903": "27.60",
        "201904": "27.91",
        "201905": "25.02",
        "201906": "25.56",
        "201907": "25.46",
        "201908": "23.82",
        "201909": "25.01",
        "201910": "24.01",
        "201911": "23.28",
        "201912": "23.72",
        "202001": "22.82",
        "202002": "21.16",
        "202003": "18.34",
        "202004": "18.57",
        "202005": "22.05",
        "202006": "24.80",
        "202007": "26.64",
        "202008": "26.67",
        "202009": "26.38",
        "202010": "26.59",
        "202011": "26.40",
        "202012": "32.98",
        "202101": "33.70",
        "202102": "35.35",
        "202103": "35.88",
        "202104": "42.63",
        "202105": "33.79",
        "202106": "36.15",
        "202107": "38.53",
        "202108": "35.55",
        "202109": "35.84",
        "202110": "33.83",
        "202111": "39.11",
        "202112": "45.08",
        "202201": "46.16",
        "202202": "47.73",
        "202203": "43.32",
        "202204": "39.36",
        "202205": "37.10",
        "202206": "36.79",
        "202207": "35.91",
        "202208": "36.83",
        "202209": "35.47",
        "202210": "33.47",
        "202211": "35.71",
        "202212": "35.09",
        "202301": "32.95",
        "202302": "34.72",
        "202303": "34.62",
        "202304": "34.77",
        "202305": "33.72",
        "202306": "35.18",
        "202307": "34.08",
        "202308": "33.96",
        "202309": "34.64",
        "202310": "34.00",
        "202311": "36.29",
        "202312": "37.54"
    },
    "quarters": {
        "20011": {
            "year_quarter": 20011,
            "year": 2001,
            "quarter": 1,
            "eps": 0.74,
            "eps_growth_year": null,
            "eps_4q": null,
            "eps_4q_growth_year": null,
            "roe": 5.1,
            "roe_4q": 5.1,
            "gross_profit": 92221,
            "gross_margin": 11.64,
            "gross_margin_4q_avg": 11.64,
            "net_income": 54619,
            "net_income_4q": null,
            "revenue": 791956,
            "revenue_4q": null,
            "common_shares": 645000,
            "book_valuer_per_share": 17.03,
            "book_valuer_per_share_4q_avg": 17.03,
            "equity": 1098628,
            "current_ratio": 282.59,
            "debt_ratio": 31.52,
            "inventory_turnover_ratio": 1.61,
            "account_receivable_turnover_ratio": null,
            "reinvestment_rate": null,
            "research_to_sale_ratio": null,
            "price_fair": 0,
            "eps_avg_yearly": 0,
            "eps_latest_yearly": 0,
            "eps_growth_yearly": 0
        },
        "20012": {
            "year_quarter": 20012,
            "year": 2001,
            "quarter": 2,
            "eps": 0.86,
            "eps_growth_year": null,
            "eps_4q": null,
            "eps_4q_growth_year": null,
            "roe": 7.73,
            "roe_4q": 12.83,
            "gross_profit": 89249,
            "gross_margin": 17.59,
            "gross_margin_4q_avg": 14.62,
            "net_income": 88326,
            "net_income_4q": null,
            "revenue": 507387,
            "revenue_4q": null,
            "common_shares": 645000,
            "book_valuer_per_share": 18.4,
            "book_valuer_per_share_4q_avg": 17.72,
            "equity": 1186954,
            "current_ratio": 483.81,
            "debt_ratio": 18.29,
            "inventory_turnover_ratio": 1.38,
            "account_receivable_turnover_ratio": null,
            "reinvestment_rate": null,
            "research_to_sale_ratio": null,
            "price_fair": 0,
            "eps_avg_yearly": 0,
            "eps_latest_yearly": 0,
            "eps_growth_yearly": 0
        },
        "20013": {
            "year_quarter": 20013,
            "year": 2001,
            "quarter": 3,
            "eps": 1.51,
            "eps_growth_year": null,
            "eps_4q": null,
            "eps_4q_growth_year": null,
            "roe": 10.89,
            "roe_4q": 23.72,
            "gross_profit": 181899,
            "gross_margin": 18.1,
            "gross_margin_4q_avg": 15.78,
            "net_income": 136752,
            "net_income_4q": null,
            "revenue": 1004846,
            "revenue_4q": null,
            "common_shares": 645000,
            "book_valuer_per_share": 20.52,
            "book_valuer_per_share_4q_avg": 18.65,
            "equity": 1323706,
            "current_ratio": 281.02,
            "debt_ratio": 32.4,
            "inventory_turnover_ratio": 3.26,
            "account_receivable_turnover_ratio": null,
            "reinvestment_rate": null,
            "research_to_sale_ratio": null,
            "price_fair": 0,
            "eps_avg_yearly": 0,
            "eps_latest_yearly": 0,
            "eps_growth_yearly": 0
        },
        "20014": {
            "year_quarter": 20014,
            "year": 2001,
            "quarter": 4,
            "eps": 1.69,
            "eps_growth_year": null,
            "eps_4q": 5.49,
            "eps_4q_growth_year": null,
            "roe": 8.96,
            "roe_4q": 32.68,
            "gross_profit": 226557,
            "gross_margin": 14.77,
            "gross_margin_4q_avg": 15.53,
            "net_income": 124510,
            "net_income_4q": null,
            "revenue": 1533711,
            "revenue_4q": null,
            "common_shares": 738119,
            "book_valuer_per_share": 19.7,
            "book_valuer_per_share_4q_avg": 18.91,
            "equity": 1454142,
            "current_ratio": 320.44,
            "debt_ratio": 29.14,
            "inventory_turnover_ratio": 6.28,
            "account_receivable_turnover_ratio": null,
            "reinvestment_rate": null,
            "research_to_sale_ratio": null,
            "price_fair": 0,
            "eps_avg_yearly": 0,
            "eps_latest_yearly": 0,
            "eps_growth_yearly": 0
        },
        "20021": {
            "year_quarter": 20021,
            "year": 2002,
            "quarter": 1,
            "eps": 1.8,
            "eps_growth_year": 143.24,
            "eps_4q": 6.55,
            "eps_4q_growth_year": null,
            "roe": 8.72,
            "roe_4q": 36.3,
            "gross_profit": 179435,
            "gross_margin": 18.47,
            "gross_margin_4q_avg": 17.23,
            "net_income": 132602,
            "net_income_4q": null,
            "revenue": 971480,
            "revenue_4q": null,
            "common_shares": 738119,
            "book_valuer_per_share": 21.5,
            "book_valuer_per_share_4q_avg": 20.03,
            "equity": 1586744,
            "current_ratio": 327.64,
            "debt_ratio": 28.38,
            "inventory_turnover_ratio": 6.08,
            "account_receivable_turnover_ratio": null,
            "reinvestment_rate": null,
            "research_to_sale_ratio": null,
            "price_fair": 252,
            "eps_avg_yearly": 7.2,
            "eps_latest_yearly": 7.2,
            "eps_growth_yearly": 26.04
        },
        "20022": {
            "year_quarter": 20022,
            "year": 2002,
            "quarter": 2,
            "eps": 0.39,
            "eps_growth_year": -54.65,
            "eps_4q": 4.16,
            "eps_4q_growth_year": null,
            "roe": 2.19,
            "roe_4q": 30.76,
            "gross_profit": 150369,
            "gross_margin": 38.9,
            "gross_margin_4q_avg": 22.56,
            "net_income": 40766,
            "net_income_4q": null,
            "revenue": 386519,
            "revenue_4q": null,
            "common_shares": 1155000,
            "book_valuer_per_share": 18.51,
            "book_valuer_per_share_4q_avg": 20.06,
            "equity": 2137888,
            "current_ratio": 358.36,
            "debt_ratio": 25.8,
            "inventory_turnover_ratio": 0.74,
            "account_receivable_turnover_ratio": null,
            "reinvestment_rate": null,
            "research_to_sale_ratio": null,
            "price_fair": 13.14,
            "eps_avg_yearly": 4.38,
            "eps_latest_yearly": 1.56,
            "eps_growth_yearly": -143.65
        },
        "20023": {
            "year_quarter": 20023,
            "year": 2002,
            "quarter": 3,
            "eps": 1.96,
            "eps_growth_year": 29.8,
            "eps_4q": 4.74,
            "eps_4q_growth_year": null,
            "roe": 9.36,
            "roe_4q": 29.23,
            "gross_profit": 289953,
            "gross_margin": 14.9,
            "gross_margin_4q_avg": 21.76,
            "net_income": 210385,
            "net_income_4q": null,
            "revenue": 1945548,
            "revenue_4q": null,
            "common_shares": 1155000,
            "book_valuer_per_share": 20.4,
            "book_valuer_per_share_4q_avg": 20.03,
            "equity": 2355663,
            "current_ratio": 226.76,
            "debt_ratio": 41.05,
            "inventory_turnover_ratio": 2.45,
            "account_receivable_turnover_ratio": null,
            "reinvestment_rate": null,
            "research_to_sale_ratio": null,
            "price_fair": 193.67,
            "eps_avg_yearly": 5.53,
            "eps_latest_yearly": 7.84,
            "eps_growth_yearly": 440.99
        },
        "20024": {
            "year_quarter": 20024,
            "year": 2002,
            "quarter": 4,
            "eps": 2.01,
            "eps_growth_year": 18.93,
            "eps_4q": 5.52,
            "eps_4q_growth_year": 0.55,
            "roe": 8.91,
            "roe_4q": 29.18,
            "gross_profit": 501077,
            "gross_margin": 12.88,
            "gross_margin_4q_avg": 21.29,
            "net_income": 219969,
            "net_income_4q": null,
            "revenue": 3889596,
            "revenue_4q": null,
            "common_shares": 1155000,
            "book_valuer_per_share": 22.3,
            "book_valuer_per_share_4q_avg": 20.68,
            "equity": 2579317,
            "current_ratio": 209.09,
            "debt_ratio": 46.73,
            "inventory_turnover_ratio": 4.45,
            "account_receivable_turnover_ratio": null,
            "reinvestment_rate": null,
            "research_to_sale_ratio": null,
            "price_fair": 215.6,
            "eps_avg_yearly": 6.16,
            "eps_latest_yearly": 8.04,
            "eps_growth_yearly": 333.29
        },
        "20031": {
            "year_quarter": 20031,
            "year": 2003,
            "quarter": 1,
            "eps": 1.87,
            "eps_growth_year": 3.89,
            "eps_4q": 5.94,
            "eps_4q_growth_year": -9.22,
            "roe": 8.06,
            "roe_4q": 28.52,
            "gross_profit": 304557,
            "gross_margin": 14.28,
            "gross_margin_4q_avg": 20.24,
            "net_income": 216368,
            "net_income_4q": null,
            "revenue": 2133445,
            "revenue_4q": null,
            "common_shares": 1155000,
            "book_valuer_per_share": 24.17,
            "book_valuer_per_share_4q_avg": 21.35,
            "equity": 2791830,
            "current_ratio": 334.45,
            "debt_ratio": 59.41,
            "inventory_turnover_ratio": 2.31,
            "account_receivable_turnover_ratio": null,
            "reinvestment_rate": null,
            "research_to_sale_ratio": null,
            "price_fair": 224.84,
            "eps_avg_yearly": 6.42,
            "eps_latest_yearly": 7.48,
            "eps_growth_yearly": 261.06
        },
        "20032": {
            "year_quarter": 20032,
            "year": 2003,
            "quarter": 2,
            "eps": 1.3,
            "eps_growth_year": 233.33,
            "eps_4q": 5.85,
            "eps_4q_growth_year": 40.72,
            "roe": 6.57,
            "roe_4q": 32.9,
            "gross_profit": 301795,
            "gross_margin": 12.54,
            "gross_margin_4q_avg": 13.65,
            "net_income": 184730,
            "net_income_4q": null,
            "revenue": 2406492,
            "revenue_4q": null,
            "common_shares": 1155000,
            "book_valuer_per_share": 24.51,
            "book_valuer_per_share_4q_avg": 22.85,
            "equity": 2830956,
            "current_ratio": 374.2,
            "debt_ratio": 57.16,
            "inventory_turnover_ratio": 2.6,
            "account_receivable_turnover_ratio": null,
            "reinvestment_rate": null,
            "research_to_sale_ratio": null,
            "price_fair": 217.7,
            "eps_avg_yearly": 6.22,
            "eps_latest_yearly": 5.2,
            "eps_growth_yearly": 197.23
        },
        "20033": {
            "year_quarter": 20033,
            "year": 2003,
            "quarter": 3,
            "eps": 1.22,
            "eps_growth_year": -37.76,
            "eps_4q": 5.59,
            "eps_4q_growth_year": 18.07,
            "roe": 5.95,
            "roe_4q": 29.49,
            "gross_profit": 349125,
            "gross_margin": 10.63,
            "gross_margin_4q_avg": 12.58,
            "net_income": 173354,
            "net_income_4q": null,
            "revenue": 3285633,
            "revenue_4q": null,
            "common_shares": 1422000,
            "book_valuer_per_share": 21.06,
            "book_valuer_per_share_4q_avg": 23.01,
            "equity": 2994654,
            "current_ratio": 281.33,
            "debt_ratio": 60.49,
            "inventory_turnover_ratio": 3.48,
            "account_receivable_turnover_ratio": null,
            "reinvestment_rate": null,
            "research_to_sale_ratio": null,
            "price_fair": 211,
            "eps_avg_yearly": 6.03,
            "eps_latest_yearly": 4.88,
            "eps_growth_yearly": 165.54
        },
        "20034": {
            "year_quarter": 20034,
            "year": 2003,
            "quarter": 4,
            "eps": 1.14,
            "eps_growth_year": -43.28,
            "eps_4q": 5.16,
            "eps_4q_growth_year": -6.39,
            "roe": 5.29,
            "roe_4q": 25.870000000000005,
            "gross_profit": 346800,
            "gross_margin": 9.26,
            "gross_margin_4q_avg": 11.68,
            "net_income": 162731,
            "net_income_4q": null,
            "revenue": 3743166,
            "revenue_4q": null,
            "common_shares": 1422000,
            "book_valuer_per_share": 22.18,
            "book_valuer_per_share_4q_avg": 22.98,
            "equity": 3157789,
            "current_ratio": 302.53,
            "debt_ratio": 58.24,
            "inventory_turnover_ratio": 3.78,
            "account_receivable_turnover_ratio": null,
            "reinvestment_rate": null,
            "research_to_sale_ratio": null,
            "price_fair": 204.58,
            "eps_avg_yearly": 5.85,
            "eps_latest_yearly": 4.56,
            "eps_growth_yearly": 141.57
        },
        "20041": {
            "year_quarter": 20041,
            "year": 2004,
            "quarter": 1,
            "eps": 0.6,
            "eps_growth_year": -67.91,
            "eps_4q": 4.29,
            "eps_4q_growth_year": -27.85,
            "roe": 2.66,
            "roe_4q": 20.47,
            "gross_profit": 172739,
            "gross_margin": 7.98,
            "gross_margin_4q_avg": 10.1,
            "net_income": 84754,
            "net_income_4q": null,
            "revenue": 2163942,
            "revenue_4q": null,
            "common_shares": 1422000,
            "book_valuer_per_share": 22.6,
            "book_valuer_per_share_4q_avg": 22.59,
            "equity": 3213735,
            "current_ratio": 438.61,
            "debt_ratio": 50.88,
            "inventory_turnover_ratio": 3.19,
            "account_receivable_turnover_ratio": null,
            "reinvestment_rate": null,
            "research_to_sale_ratio": null,
            "price_fair": 191.18,
            "eps_avg_yearly": 5.46,
            "eps_latest_yearly": 2.4,
            "eps_growth_yearly": 104.78
        },
        "20042": {
            "year_quarter": 20042,
            "year": 2004,
            "quarter": 2,
            "eps": 0.49,
            "eps_growth_year": -62.31,
            "eps_4q": 2.88,
            "eps_4q_growth_year": -50.71,
            "roe": 2.71,
            "roe_4q": 16.61,
            "gross_profit": 146703,
            "gross_margin": 6.94,
            "gross_margin_4q_avg": 8.7,
            "net_income": 86144,
            "net_income_4q": null,
            "revenue": 2113928,
            "revenue_4q": null,
            "common_shares": 1422000,
            "book_valuer_per_share": 22.1,
            "book_valuer_per_share_4q_avg": 21.99,
            "equity": 3141952,
            "current_ratio": 378.18,
            "debt_ratio": 52.18,
            "inventory_turnover_ratio": 4.91,
            "account_receivable_turnover_ratio": null,
            "reinvestment_rate": null,
            "research_to_sale_ratio": null,
            "price_fair": 178.92,
            "eps_avg_yearly": 5.11,
            "eps_latest_yearly": 1.96,
            "eps_growth_yearly": 86.97
        },
        "20043": {
            "year_quarter": 20043,
            "year": 2004,
            "quarter": 3,
            "eps": 0.62,
            "eps_growth_year": -49.18,
            "eps_4q": 2.53,
            "eps_4q_growth_year": -54.77,
            "roe": 3.39,
            "roe_4q": 14.05,
            "gross_profit": 130574,
            "gross_margin": 6.49,
            "gross_margin_4q_avg": 7.67,
            "net_income": 108383,
            "net_income_4q": null,
            "revenue": 2012972,
            "revenue_4q": null,
            "common_shares": 1750000,
            "book_valuer_per_share": 18.55,
            "book_valuer_per_share_4q_avg": 21.36,
            "equity": 3246640,
            "current_ratio": 325.68,
            "debt_ratio": 46.43,
            "inventory_turnover_ratio": 4.68,
            "account_receivable_turnover_ratio": null,
            "reinvestment_rate": null,
            "research_to_sale_ratio": null,
            "price_fair": 170.55,
            "eps_avg_yearly": 4.87,
            "eps_latest_yearly": 2.48,
            "eps_growth_yearly": 88.71
        },
        "20044": {
            "year_quarter": 20044,
            "year": 2004,
            "quarter": 4,
            "eps": 0.89,
            "eps_growth_year": -21.93,
            "eps_4q": 2.49,
            "eps_4q_growth_year": -51.82,
            "roe": 4.73,
            "roe_4q": 13.490000000000002,
            "gross_profit": 211374,
            "gross_margin": 11.52,
            "gross_margin_4q_avg": 8.23,
            "net_income": 155510,
            "net_income_4q": null,
            "revenue": 1834714,
            "revenue_4q": null,
            "common_shares": 1751876,
            "book_valuer_per_share": 18.89,
            "book_valuer_per_share_4q_avg": 20.54,
            "equity": 3329079,
            "current_ratio": 231.74,
            "debt_ratio": 44.46,
            "inventory_turnover_ratio": 3.48,
            "account_receivable_turnover_ratio": null,
            "reinvestment_rate": 47.74,
            "research_to_sale_ratio": null,
            "price_fair": 166.72,
            "eps_avg_yearly": 4.76,
            "eps_latest_yearly": 3.56,
            "eps_growth_yearly": 95.84
        },
        "20051": {
            "year_quarter": 20051,
            "year": 2005,
            "quarter": 1,
            "eps": 0.41,
            "eps_growth_year": -31.67,
            "eps_4q": 2.43,
            "eps_4q_growth_year": -43.23,
            "roe": 2.11,
            "roe_4q": 12.940000000000001,
            "gross_profit": 170809,
            "gross_margin": 9.75,
            "gross_margin_4q_avg": 8.68,
            "net_income": 70916,
            "net_income_4q": null,
            "revenue": 1752642,
            "revenue_4q": null,
            "common_shares": 1758402,
            "book_valuer_per_share": 19.24,
            "book_valuer_per_share_4q_avg": 19.7,
            "equity": 3383599,
            "current_ratio": 359.18,
            "debt_ratio": 32.83,
            "inventory_turnover_ratio": 3.72,
            "account_receivable_turnover_ratio": null,
            "reinvestment_rate": 1.62,
            "research_to_sale_ratio": null,
            "price_fair": 158.31,
            "eps_avg_yearly": 4.52,
            "eps_latest_yearly": 1.64,
            "eps_growth_yearly": 71.87
        },
        "20052": {
            "year_quarter": 20052,
            "year": 2005,
            "quarter": 2,
            "eps": 0.89,
            "eps_growth_year": 81.63,
            "eps_4q": 2.82,
            "eps_4q_growth_year": -2.23,
            "roe": 4.59,
            "roe_4q": 14.82,
            "gross_profit": 236534,
            "gross_margin": 8.34,
            "gross_margin_4q_avg": 9.03,
            "net_income": 154442,
            "net_income_4q": null,
            "revenue": 2835174,
            "revenue_4q": null,
            "common_shares": 1758802,
            "book_valuer_per_share": 19.01,
            "book_valuer_per_share_4q_avg": 18.92,
            "equity": 3343592,
            "current_ratio": 243.31,
            "debt_ratio": 42.82,
            "inventory_turnover_ratio": 7.55,
            "account_receivable_turnover_ratio": null,
            "reinvestment_rate": 1.5,
            "research_to_sale_ratio": null,
            "price_fair": 155.9,
            "eps_avg_yearly": 4.45,
            "eps_latest_yearly": 3.56,
            "eps_growth_yearly": 100.19
        },
        "20053": {
            "year_quarter": 20053,
            "year": 2005,
            "quarter": 3,
            "eps": 2.04,
            "eps_growth_year": 229.03,
            "eps_4q": 4.02,
            "eps_4q_growth_year": 59.14,
            "roe": 10.97,
            "roe_4q": 22.400000000000002,
            "gross_profit": 409641,
            "gross_margin": 8.73,
            "gross_margin_4q_avg": 9.59,
            "net_income": 391634,
            "net_income_4q": null,
            "revenue": 4692826,
            "revenue_4q": null,
            "common_shares": 1953090,
            "book_valuer_per_share": 19.44,
            "book_valuer_per_share_4q_avg": 19.15,
            "equity": 3796929,
            "current_ratio": 179.43,
            "debt_ratio": 53.48,
            "inventory_turnover_ratio": 4.62,
            "account_receivable_turnover_ratio": null,
            "reinvestment_rate": 1.11,
            "research_to_sale_ratio": null,
            "price_fair": 164.55,
            "eps_avg_yearly": 4.7,
            "eps_latest_yearly": 8.16,
            "eps_growth_yearly": 127.96
        },
        "20054": {
            "year_quarter": 20054,
            "year": 2005,
            "quarter": 4,
            "eps": 4.27,
            "eps_growth_year": 379.78,
            "eps_4q": 7.48,
            "eps_4q_growth_year": 200.55,
            "roe": 19.37,
            "roe_4q": 37.040000000000006,
            "gross_profit": 537998,
            "gross_margin": 7.68,
            "gross_margin_4q_avg": 8.63,
            "net_income": 821072,
            "net_income_4q": null,
            "revenue": 7001404,
            "revenue_4q": null,
            "common_shares": 1960065,
            "book_valuer_per_share": 23.62,
            "book_valuer_per_share_4q_avg": 20.33,
            "equity": 4680296,
            "current_ratio": 177.32,
            "debt_ratio": 51.63,
            "inventory_turnover_ratio": 4.02,
            "account_receivable_turnover_ratio": null,
            "reinvestment_rate": 44.56,
            "research_to_sale_ratio": null,
            "price_fair": 191.63,
            "eps_avg_yearly": 5.48,
            "eps_latest_yearly": 17.08,
            "eps_growth_yearly": 147.29
        },
        "20061": {
            "year_quarter": 20061,
            "year": 2006,
            "quarter": 1,
            "eps": 1.5,
            "eps_growth_year": 265.85,
            "eps_4q": 8.27,
            "eps_4q_growth_year": 239.99,
            "roe": 5.93,
            "roe_4q": 40.86,
            "gross_profit": 213026,
            "gross_margin": 7.82,
            "gross_margin_4q_avg": 8.14,
            "net_income": 302711,
            "net_income_4q": null,
            "revenue": 2723283,
            "revenue_4q": null,
            "common_shares": 2054528,
            "book_valuer_per_share": 26.89,
            "book_valuer_per_share_4q_avg": 22.24,
            "equity": 5524758,
            "current_ratio": 375.37,
            "debt_ratio": 36.91,
            "inventory_turnover_ratio": 1.74,
            "account_receivable_turnover_ratio": null,
            "reinvestment_rate": 1.35,
            "research_to_sale_ratio": null,
            "price_fair": 189,
            "eps_avg_yearly": 5.4,
            "eps_latest_yearly": 6,
            "eps_growth_yearly": 129.45
        },
        "20062": {
            "year_quarter": 20062,
            "year": 2006,
            "quarter": 2,
            "eps": 2.53,
            "eps_growth_year": 184.27,
            "eps_4q": 10,
            "eps_4q_growth_year": 254.71,
            "roe": 9.31,
            "roe_4q": 45.58,
            "gross_profit": 378812,
            "gross_margin": 14.47,
            "gross_margin_4q_avg": 9.68,
            "net_income": 513208,
            "net_income_4q": null,
            "revenue": 2618464,
            "revenue_4q": null,
            "common_shares": 2067739,
            "book_valuer_per_share": 26.58,
            "book_valuer_per_share_4q_avg": 24.13,
            "equity": 5496872,
            "current_ratio": 238.3,
            "debt_ratio": 44.62,
            "inventory_turnover_ratio": 1.77,
            "account_receivable_turnover_ratio": null,
            "reinvestment_rate": 0.8,
            "research_to_sale_ratio": null,
            "price_fair": 207.73,
            "eps_avg_yearly": 5.94,
            "eps_latest_yearly": 10.12,
            "eps_growth_yearly": 166.2
        },
        "20063": {
            "year_quarter": 20063,
            "year": 2006,
            "quarter": 3,
            "eps": 2.29,
            "eps_growth_year": 12.25,
            "eps_4q": 9.08,
            "eps_4q_growth_year": 125.76,
            "roe": 9.51,
            "roe_4q": 44.120000000000005,
            "gross_profit": 623457,
            "gross_margin": 19.4,
            "gross_margin_4q_avg": 12.34,
            "net_income": 551719,
            "net_income_4q": null,
            "revenue": 3213619,
            "revenue_4q": null,
            "common_shares": 2440821,
            "book_valuer_per_share": 25.01,
            "book_valuer_per_share_4q_avg": 25.53,
            "equity": 6105047,
            "current_ratio": 196.89,
            "debt_ratio": 50.08,
            "inventory_turnover_ratio": 1.47,
            "account_receivable_turnover_ratio": null,
            "reinvestment_rate": -0.4,
            "research_to_sale_ratio": null,
            "price_fair": 210.61,
            "eps_avg_yearly": 6.02,
            "eps_latest_yearly": 9.16,
            "eps_growth_yearly": 63.19
        },
        "20064": {
            "year_quarter": 20064,
            "year": 2006,
            "quarter": 4,
            "eps": 2.97,
            "eps_growth_year": -30.44,
            "eps_4q": 8.65,
            "eps_4q_growth_year": 15.63,
            "roe": 11.03,
            "roe_4q": 35.78,
            "gross_profit": 768056,
            "gross_margin": 14.22,
            "gross_margin_4q_avg": 13.98,
            "net_income": 715387,
            "net_income_4q": null,
            "revenue": 5400621,
            "revenue_4q": null,
            "common_shares": 2443082,
            "book_valuer_per_share": 27.75,
            "book_valuer_per_share_4q_avg": 26.56,
            "equity": 6863502,
            "current_ratio": 247.07,
            "debt_ratio": 47.94,
            "inventory_turnover_ratio": 3.32,
            "account_receivable_turnover_ratio": null,
            "reinvestment_rate": 27.34,
            "research_to_sale_ratio": null,
            "price_fair": 219.01,
            "eps_avg_yearly": 6.26,
            "eps_latest_yearly": 11.88,
            "eps_growth_yearly": 69.97
        },
        "20071": {
            "year_quarter": 20071,
            "year": 2007,
            "quarter": 1,
            "eps": 1.05,
            "eps_growth_year": -30,
            "eps_4q": 8.41,
            "eps_4q_growth_year": 1.61,
            "roe": 3.63,
            "roe_4q": 33.480000000000004,
            "gross_profit": 255734,
            "gross_margin": 12.72,
            "gross_margin_4q_avg": 15.2,
            "net_income": 254056,
            "net_income_4q": null,
            "revenue": 2009946,
            "revenue_4q": null,
            "common_shares": 2459503,
            "book_valuer_per_share": 28.96,
            "book_valuer_per_share_4q_avg": 27.08,
            "equity": 7122593,
            "current_ratio": 342.22,
            "debt_ratio": 35.33,
            "inventory_turnover_ratio": 3.6,
            "account_receivable_turnover_ratio": null,
            "reinvestment_rate": 1.47,
            "research_to_sale_ratio": null,
            "price_fair": 211.84,
            "eps_avg_yearly": 6.05,
            "eps_latest_yearly": 4.2,
            "eps_growth_yearly": 55.55
        },
        "20072": {
            "year_quarter": 20072,
            "year": 2007,
            "quarter": 2,
            "eps": 1.43,
            "eps_growth_year": -43.48,
            "eps_4q": 7.7,
            "eps_4q_growth_year": -23.03,
            "roe": 5.05,
            "roe_4q": 29.22,
            "gross_profit": 352005,
            "gross_margin": 13.06,
            "gross_margin_4q_avg": 14.85,
            "net_income": 347057,
            "net_income_4q": null,
            "revenue": 2695888,
            "revenue_4q": null,
            "common_shares": 2461745,
            "book_valuer_per_share": 26.89,
            "book_valuer_per_share_4q_avg": 27.15,
            "equity": 6619940,
            "current_ratio": 238.35,
            "debt_ratio": 42.7,
            "inventory_turnover_ratio": 5.35,
            "account_receivable_turnover_ratio": null,
            "reinvestment_rate": 0.3,
            "research_to_sale_ratio": null,
            "price_fair": 212.98,
            "eps_avg_yearly": 6.09,
            "eps_latest_yearly": 5.72,
            "eps_growth_yearly": 72.22
        },
        "20073": {
            "year_quarter": 20073,
            "year": 2007,
            "quarter": 3,
            "eps": 1.72,
            "eps_growth_year": -24.89,
            "eps_4q": 6.2,
            "eps_4q_growth_year": -31.71,
            "roe": 7.2,
            "roe_4q": 26.909999999999997,
            "gross_profit": 433854,
            "gross_margin": 9.5,
            "gross_margin_4q_avg": 12.38,
            "net_income": 504996,
            "net_income_4q": null,
            "revenue": 4567034,
            "revenue_4q": null,
            "common_shares": 3008728,
            "book_valuer_per_share": 24.62,
            "book_valuer_per_share_4q_avg": 27.06,
            "equity": 7407634,
            "current_ratio": 183.97,
            "debt_ratio": 48.74,
            "inventory_turnover_ratio": 4.17,
            "account_receivable_turnover_ratio": null,
            "reinvestment_rate": 0.26,
            "research_to_sale_ratio": null,
            "price_fair": 217.35,
            "eps_avg_yearly": 6.21,
            "eps_latest_yearly": 6.88,
            "eps_growth_yearly": 78.83
        },
        "20074": {
            "year_quarter": 20074,
            "year": 2007,
            "quarter": 4,
            "eps": 2.14,
            "eps_growth_year": -27.95,
            "eps_4q": 5.88,
            "eps_4q_growth_year": -31.96,
            "roe": 7.95,
            "roe_4q": 23.83,
            "gross_profit": 330493,
            "gross_margin": 3.57,
            "gross_margin_4q_avg": 9.71,
            "net_income": 632250,
            "net_income_4q": null,
            "revenue": 9262949,
            "revenue_4q": null,
            "common_shares": 3047997,
            "book_valuer_per_share": 27.24,
            "book_valuer_per_share_4q_avg": 26.93,
            "equity": 8488861,
            "current_ratio": 178.9,
            "debt_ratio": 56.59,
            "inventory_turnover_ratio": 4.31,
            "account_receivable_turnover_ratio": null,
            "reinvestment_rate": 22.33,
            "research_to_sale_ratio": null,
            "price_fair": 226.1,
            "eps_avg_yearly": 6.46,
            "eps_latest_yearly": 8.56,
            "eps_growth_yearly": 86.57
        },
        "20081": {
            "year_quarter": 20081,
            "year": 2008,
            "quarter": 1,
            "eps": 0.84,
            "eps_growth_year": -20,
            "eps_4q": 5.59,
            "eps_4q_growth_year": -33.51,
            "roe": 3.09,
            "roe_4q": 23.29,
            "gross_profit": 534066,
            "gross_margin": 10.51,
            "gross_margin_4q_avg": 9.16,
            "net_income": 261372,
            "net_income_4q": null,
            "revenue": 5081890,
            "revenue_4q": null,
            "common_shares": 3052667,
            "book_valuer_per_share": 26.94,
            "book_valuer_per_share_4q_avg": 26.42,
            "equity": 8410968,
            "current_ratio": 218.79,
            "debt_ratio": 48.41,
            "inventory_turnover_ratio": 1.65,
            "account_receivable_turnover_ratio": null,
            "reinvestment_rate": 27.74,
            "research_to_sale_ratio": null,
            "price_fair": 228.2,
            "eps_avg_yearly": 6.52,
            "eps_latest_yearly": 3.36,
            "eps_growth_yearly": 83.23
        },
        "20082": {
            "year_quarter": 20082,
            "year": 2008,
            "quarter": 2,
            "eps": 1.24,
            "eps_growth_year": -13.29,
            "eps_4q": 5.57,
            "eps_4q_growth_year": -27.67,
            "roe": 4.78,
            "roe_4q": 23.02,
            "gross_profit": 855613,
            "gross_margin": 13.12,
            "gross_margin_4q_avg": 9.18,
            "net_income": 393367,
            "net_income_4q": null,
            "revenue": 6523264,
            "revenue_4q": null,
            "common_shares": 3052787,
            "book_valuer_per_share": 25.62,
            "book_valuer_per_share_4q_avg": 26.11,
            "equity": 8031887,
            "current_ratio": 206.05,
            "debt_ratio": 50.31,
            "inventory_turnover_ratio": 2.15,
            "account_receivable_turnover_ratio": null,
            "reinvestment_rate": 32.28,
            "research_to_sale_ratio": null,
            "price_fair": 234.76,
            "eps_avg_yearly": 6.71,
            "eps_latest_yearly": 4.96,
            "eps_growth_yearly": 99.72
        },
        "20083": {
            "year_quarter": 20083,
            "year": 2008,
            "quarter": 3,
            "eps": 2.23,
            "eps_growth_year": 29.65,
            "eps_4q": 5.83,
            "eps_4q_growth_year": -5.99,
            "roe": 9.08,
            "roe_4q": 24.9,
            "gross_profit": 1380926,
            "gross_margin": 15.03,
            "gross_margin_4q_avg": 10.56,
            "net_income": 775354,
            "net_income_4q": null,
            "revenue": 9189032,
            "revenue_4q": null,
            "common_shares": 3465281,
            "book_valuer_per_share": 26.08,
            "book_valuer_per_share_4q_avg": 26.47,
            "equity": 9044253,
            "current_ratio": 181.17,
            "debt_ratio": 56.04,
            "inventory_turnover_ratio": 2.72,
            "account_receivable_turnover_ratio": null,
            "reinvestment_rate": 29.93,
            "research_to_sale_ratio": null,
            "price_fair": 248.85,
            "eps_avg_yearly": 7.11,
            "eps_latest_yearly": 8.92,
            "eps_growth_yearly": 113.04
        },
        "20084": {
            "year_quarter": 20084,
            "year": 2008,
            "quarter": 4,
            "eps": 1.29,
            "eps_growth_year": -39.72,
            "eps_4q": 5.36,
            "eps_4q_growth_year": -8.92,
            "roe": 4.75,
            "roe_4q": 21.7,
            "gross_profit": 984645,
            "gross_margin": 13.54,
            "gross_margin_4q_avg": 13.05,
            "net_income": 442172,
            "net_income_4q": null,
            "revenue": 7273850,
            "revenue_4q": null,
            "common_shares": 3475611,
            "book_valuer_per_share": 27.53,
            "book_valuer_per_share_4q_avg": 26.54,
            "equity": 9573475,
            "current_ratio": 199.88,
            "debt_ratio": 47.35,
            "inventory_turnover_ratio": 2.17,
            "account_receivable_turnover_ratio": 2.12,
            "reinvestment_rate": 14.31,
            "research_to_sale_ratio": null,
            "price_fair": 252.35,
            "eps_avg_yearly": 7.21,
            "eps_latest_yearly": 5.16,
            "eps_growth_yearly": 91.62
        },
        "20091": {
            "year_quarter": 20091,
            "year": 2009,
            "quarter": 1,
            "eps": 0.75,
            "eps_growth_year": -10.71,
            "eps_4q": 5.37,
            "eps_4q_growth_year": -3.96,
            "roe": 2.61,
            "roe_4q": 21.22,
            "gross_profit": 532736,
            "gross_margin": 14.96,
            "gross_margin_4q_avg": 14.16,
            "net_income": 256848,
            "net_income_4q": null,
            "revenue": 3559893,
            "revenue_4q": null,
            "common_shares": 3475611,
            "book_valuer_per_share": 29,
            "book_valuer_per_share_4q_avg": 27.06,
            "equity": 10084716,
            "current_ratio": 265.78,
            "debt_ratio": 36.87,
            "inventory_turnover_ratio": 1.61,
            "account_receivable_turnover_ratio": 3.48,
            "reinvestment_rate": 27.81,
            "research_to_sale_ratio": null,
            "price_fair": 255.33,
            "eps_avg_yearly": 7.3,
            "eps_latest_yearly": 3,
            "eps_growth_yearly": 94.64
        },
        "20092": {
            "year_quarter": 20092,
            "year": 2009,
            "quarter": 2,
            "eps": 0.67,
            "eps_growth_year": -45.97,
            "eps_4q": 4.94,
            "eps_4q_growth_year": -11.25,
            "roe": 2.32,
            "roe_4q": 18.759999999999998,
            "gross_profit": 554591,
            "gross_margin": 16.78,
            "gross_margin_4q_avg": 15.08,
            "net_income": 229785,
            "net_income_4q": null,
            "revenue": 3306061,
            "revenue_4q": null,
            "common_shares": 3488400,
            "book_valuer_per_share": 27.88,
            "book_valuer_per_share_4q_avg": 27.62,
            "equity": 9726685,
            "current_ratio": 208.02,
            "debt_ratio": 44.61,
            "inventory_turnover_ratio": 1.64,
            "account_receivable_turnover_ratio": 1.62,
            "reinvestment_rate": 27.53,
            "research_to_sale_ratio": null,
            "price_fair": 253.4,
            "eps_avg_yearly": 7.24,
            "eps_latest_yearly": 2.68,
            "eps_growth_yearly": 62.7
        },
        "20093": {
            "year_quarter": 20093,
            "year": 2009,
            "quarter": 3,
            "eps": 2.08,
            "eps_growth_year": -6.73,
            "eps_4q": 4.61,
            "eps_4q_growth_year": -20.88,
            "roe": 7.56,
            "roe_4q": 17.24,
            "gross_profit": 1328279,
            "gross_margin": 16.69,
            "gross_margin_4q_avg": 15.49,
            "net_income": 761594,
            "net_income_4q": null,
            "revenue": 7959477,
            "revenue_4q": null,
            "common_shares": 3748569,
            "book_valuer_per_share": 27.78,
            "book_valuer_per_share_4q_avg": 28.05,
            "equity": 10414437,
            "current_ratio": 170.66,
            "debt_ratio": 54.83,
            "inventory_turnover_ratio": 1.9,
            "account_receivable_turnover_ratio": 2.08,
            "reinvestment_rate": 26.27,
            "research_to_sale_ratio": null,
            "price_fair": 253.75,
            "eps_avg_yearly": 7.25,
            "eps_latest_yearly": 8.32,
            "eps_growth_yearly": 83.01
        },
        "20094": {
            "year_quarter": 20094,
            "year": 2009,
            "quarter": 4,
            "eps": 2.64,
            "eps_growth_year": 104.65,
            "eps_4q": 6,
            "eps_4q_growth_year": 11.88,
            "roe": 8.8,
            "roe_4q": 21.29,
            "gross_profit": 1680799,
            "gross_margin": 16,
            "gross_margin_4q_avg": 16.11,
            "net_income": 957033,
            "net_income_4q": null,
            "revenue": 10506469,
            "revenue_4q": null,
            "common_shares": 3748570,
            "book_valuer_per_share": 30.8,
            "book_valuer_per_share_4q_avg": 28.87,
            "equity": 11325963,
            "current_ratio": 206.23,
            "debt_ratio": 45.82,
            "inventory_turnover_ratio": 2.56,
            "account_receivable_turnover_ratio": 3.75,
            "reinvestment_rate": 16.72,
            "research_to_sale_ratio": null,
            "price_fair": 239.49,
            "eps_avg_yearly": 6.84,
            "eps_latest_yearly": 10.56,
            "eps_growth_yearly": 62.41
        },
        "20101": {
            "year_quarter": 20101,
            "year": 2010,
            "quarter": 1,
            "eps": 0.71,
            "eps_growth_year": -5.33,
            "eps_4q": 6.01,
            "eps_4q_growth_year": 11.86,
            "roe": 2.28,
            "roe_4q": 20.96,
            "gross_profit": 604439,
            "gross_margin": 11.22,
            "gross_margin_4q_avg": 15.17,
            "net_income": 260556,
            "net_income_4q": null,
            "revenue": 5388005,
            "revenue_4q": null,
            "common_shares": 3748570,
            "book_valuer_per_share": 31.38,
            "book_valuer_per_share_4q_avg": 29.46,
            "equity": 11542384,
            "current_ratio": 210.94,
            "debt_ratio": 44.7,
            "inventory_turnover_ratio": 2.12,
            "account_receivable_turnover_ratio": 1.14,
            "reinvestment_rate": 34.87,
            "research_to_sale_ratio": 4.87,
            "price_fair": 232.58,
            "eps_avg_yearly": 6.65,
            "eps_latest_yearly": 2.84,
            "eps_growth_yearly": 60.35
        },
        "20102": {
            "year_quarter": 20102,
            "year": 2010,
            "quarter": 2,
            "eps": 0.99,
            "eps_growth_year": 48.12,
            "eps_4q": 5.88,
            "eps_4q_growth_year": 19.06,
            "roe": 3.5,
            "roe_4q": 22.14,
            "gross_profit": 748438,
            "gross_margin": 10.09,
            "gross_margin_4q_avg": 13.5,
            "net_income": 401634,
            "net_income_4q": null,
            "revenue": 7417404,
            "revenue_4q": null,
            "common_shares": 3748570,
            "book_valuer_per_share": 30.8,
            "book_valuer_per_share_4q_avg": 30.19,
            "equity": 11420236,
            "current_ratio": 175.53,
            "debt_ratio": 51.99,
            "inventory_turnover_ratio": 2.02,
            "account_receivable_turnover_ratio": 1.8,
            "reinvestment_rate": 40.86,
            "research_to_sale_ratio": 3.69,
            "price_fair": 219.1,
            "eps_avg_yearly": 6.26,
            "eps_latest_yearly": 3.96,
            "eps_growth_yearly": 53.05
        },
        "20103": {
            "year_quarter": 20103,
            "year": 2010,
            "quarter": 3,
            "eps": 0.82,
            "eps_growth_year": -60.4,
            "eps_4q": 4.89,
            "eps_4q_growth_year": 5.97,
            "roe": 2.9,
            "roe_4q": 17.48,
            "gross_profit": 769204,
            "gross_margin": 8.53,
            "gross_margin_4q_avg": 11.46,
            "net_income": 327982,
            "net_income_4q": null,
            "revenue": 9021109,
            "revenue_4q": null,
            "common_shares": 3748570,
            "book_valuer_per_share": 30.84,
            "book_valuer_per_share_4q_avg": 30.96,
            "equity": 11234507,
            "current_ratio": 168.16,
            "debt_ratio": 54.01,
            "inventory_turnover_ratio": 1.77,
            "account_receivable_turnover_ratio": 1.69,
            "reinvestment_rate": 44.49,
            "research_to_sale_ratio": 3.76,
            "price_fair": 206.24,
            "eps_avg_yearly": 5.89,
            "eps_latest_yearly": 3.28,
            "eps_growth_yearly": 51.12
        },
        "20104": {
            "year_quarter": 20104,
            "year": 2010,
            "quarter": 4,
            "eps": 0.9,
            "eps_growth_year": -66.04,
            "eps_4q": 3.53,
            "eps_4q_growth_year": -41.17,
            "roe": 3.05,
            "roe_4q": 11.729999999999999,
            "gross_profit": 787198,
            "gross_margin": 8.57,
            "gross_margin_4q_avg": 9.6,
            "net_income": 337503,
            "net_income_4q": null,
            "revenue": 9186810,
            "revenue_4q": null,
            "common_shares": 3888721,
            "book_valuer_per_share": 28.94,
            "book_valuer_per_share_4q_avg": 30.49,
            "equity": 10895117,
            "current_ratio": 182.47,
            "debt_ratio": 44.67,
            "inventory_turnover_ratio": 2.23,
            "account_receivable_turnover_ratio": 1.65,
            "reinvestment_rate": 50.93,
            "research_to_sale_ratio": 3.24,
            "price_fair": 188.13,
            "eps_avg_yearly": 5.38,
            "eps_latest_yearly": 3.6,
            "eps_growth_yearly": 46.14
        },
        "20111": {
            "year_quarter": 20111,
            "year": 2011,
            "quarter": 1,
            "eps": 0.51,
            "eps_growth_year": -28.17,
            "eps_4q": 3.37,
            "eps_4q_growth_year": -43.91,
            "roe": 1.73,
            "roe_4q": 11.18,
            "gross_profit": 492368,
            "gross_margin": 8.52,
            "gross_margin_4q_avg": 8.93,
            "net_income": 190276,
            "net_income_4q": null,
            "revenue": 5781912,
            "revenue_4q": null,
            "common_shares": 3889121,
            "book_valuer_per_share": 29.67,
            "book_valuer_per_share_4q_avg": 30.06,
            "equity": 11076951,
            "current_ratio": 179.57,
            "debt_ratio": 44.9,
            "inventory_turnover_ratio": 1.91,
            "account_receivable_turnover_ratio": 1.25,
            "reinvestment_rate": 51.24,
            "research_to_sale_ratio": 4.16,
            "price_fair": 183.4,
            "eps_avg_yearly": 5.24,
            "eps_latest_yearly": 2.04,
            "eps_growth_yearly": 51.47
        },
        "20112": {
            "year_quarter": 20112,
            "year": 2011,
            "quarter": 2,
            "eps": 0.71,
            "eps_growth_year": -28.8,
            "eps_4q": 2.91,
            "eps_4q_growth_year": -50.48,
            "roe": 2.53,
            "roe_4q": 10.209999999999999,
            "gross_profit": 650492,
            "gross_margin": 9.08,
            "gross_margin_4q_avg": 8.68,
            "net_income": 274070,
            "net_income_4q": null,
            "revenue": 7160900,
            "revenue_4q": null,
            "common_shares": 3889361,
            "book_valuer_per_share": 28.32,
            "book_valuer_per_share_4q_avg": 29.44,
            "equity": 10610081,
            "current_ratio": 161.07,
            "debt_ratio": 48.61,
            "inventory_turnover_ratio": 2.09,
            "account_receivable_turnover_ratio": 1.71,
            "reinvestment_rate": 58.65,
            "research_to_sale_ratio": 4.75,
            "price_fair": 177.1,
            "eps_avg_yearly": 5.06,
            "eps_latest_yearly": 2.84,
            "eps_growth_yearly": 52.22
        },
        "20113": {
            "year_quarter": 20113,
            "year": 2011,
            "quarter": 3,
            "eps": 0.78,
            "eps_growth_year": -5.49,
            "eps_4q": 2.86,
            "eps_4q_growth_year": -41.55,
            "roe": 2.72,
            "roe_4q": 10.030000000000001,
            "gross_profit": 741371,
            "gross_margin": 9.01,
            "gross_margin_4q_avg": 8.8,
            "net_income": 300158,
            "net_income_4q": null,
            "revenue": 8225987,
            "revenue_4q": null,
            "common_shares": 3892841,
            "book_valuer_per_share": 30.88,
            "book_valuer_per_share_4q_avg": 29.45,
            "equity": 11500712,
            "current_ratio": 160.61,
            "debt_ratio": 48.98,
            "inventory_turnover_ratio": 2.36,
            "account_receivable_turnover_ratio": 1.66,
            "reinvestment_rate": 62.48,
            "research_to_sale_ratio": 4.61,
            "price_fair": 168.88,
            "eps_avg_yearly": 4.83,
            "eps_latest_yearly": 3.12,
            "eps_growth_yearly": 49.62
        },
        "20114": {
            "year_quarter": 20114,
            "year": 2011,
            "quarter": 4,
            "eps": -1.52,
            "eps_growth_year": -269.67,
            "eps_4q": 0.51,
            "eps_4q_growth_year": -85.55,
            "roe": -5.13,
            "roe_4q": 1.85,
            "gross_profit": 366446,
            "gross_margin": 5.48,
            "gross_margin_4q_avg": 8.02,
            "net_income": -572661,
            "net_income_4q": null,
            "revenue": 6692690,
            "revenue_4q": null,
            "common_shares": 3955214,
            "book_valuer_per_share": 28.75,
            "book_valuer_per_share_4q_avg": 29.41,
            "equity": 10821399,
            "current_ratio": 175.45,
            "debt_ratio": 43.04,
            "inventory_turnover_ratio": 2.37,
            "account_receivable_turnover_ratio": 1.43,
            "reinvestment_rate": 49.43,
            "research_to_sale_ratio": 5.5,
            "price_fair": 160.16,
            "eps_avg_yearly": 4.58,
            "eps_latest_yearly": 3.12,
            "eps_growth_yearly": 46.42
        },
        "20121": {
            "year_quarter": 20121,
            "year": 2012,
            "quarter": 1,
            "eps": 0.17,
            "eps_growth_year": -66.67,
            "eps_4q": 0.17,
            "eps_4q_growth_year": -94.94,
            "roe": 0.58,
            "roe_4q": 0.7000000000000002,
            "gross_profit": 443747,
            "gross_margin": 7.01,
            "gross_margin_4q_avg": 7.65,
            "net_income": 62632,
            "net_income_4q": null,
            "revenue": 6328236,
            "revenue_4q": null,
            "common_shares": 3956554,
            "book_valuer_per_share": 28.36,
            "book_valuer_per_share_4q_avg": 29.08,
            "equity": 10678750,
            "current_ratio": 165.57,
            "debt_ratio": 45.54,
            "inventory_turnover_ratio": 2.58,
            "account_receivable_turnover_ratio": 1.51,
            "reinvestment_rate": 51.82,
            "research_to_sale_ratio": 5.06,
            "price_fair": 163.2,
            "eps_avg_yearly": 4.66,
            "eps_latest_yearly": 3.12,
            "eps_growth_yearly": 67.09
        },
        "20122": {
            "year_quarter": 20122,
            "year": 2012,
            "quarter": 2,
            "eps": 0.29,
            "eps_growth_year": -58.64,
            "eps_4q": -0.26,
            "eps_4q_growth_year": -109.08,
            "roe": 1.05,
            "roe_4q": -0.7799999999999998,
            "gross_profit": 512087,
            "gross_margin": 7.22,
            "gross_margin_4q_avg": 7.18,
            "net_income": 110176,
            "net_income_4q": null,
            "revenue": 7092931,
            "revenue_4q": null,
            "common_shares": 3961013,
            "book_valuer_per_share": 27.38,
            "book_valuer_per_share_4q_avg": 28.84,
            "equity": 10323105,
            "current_ratio": 161.85,
            "debt_ratio": 46.66,
            "inventory_turnover_ratio": 2.82,
            "account_receivable_turnover_ratio": 1.58,
            "reinvestment_rate": 47.43,
            "research_to_sale_ratio": 4.42,
            "price_fair": 153.7,
            "eps_avg_yearly": 4.39,
            "eps_latest_yearly": 1.16,
            "eps_growth_yearly": 73.65
        },
        "20123": {
            "year_quarter": 20123,
            "year": 2012,
            "quarter": 3,
            "eps": 0.22,
            "eps_growth_year": -71.26,
            "eps_4q": -0.84,
            "eps_4q_growth_year": -129.4,
            "roe": 0.82,
            "roe_4q": -2.6799999999999997,
            "gross_profit": 454604,
            "gross_margin": 7.32,
            "gross_margin_4q_avg": 6.76,
            "net_income": 84078,
            "net_income_4q": null,
            "revenue": 6209543,
            "revenue_4q": null,
            "common_shares": 3961013,
            "book_valuer_per_share": 27.17,
            "book_valuer_per_share_4q_avg": 27.92,
            "equity": 10210407,
            "current_ratio": 167.11,
            "debt_ratio": 44.6,
            "inventory_turnover_ratio": 2.57,
            "account_receivable_turnover_ratio": 1.62,
            "reinvestment_rate": 51.11,
            "research_to_sale_ratio": 4.87,
            "price_fair": 133.6,
            "eps_avg_yearly": 3.82,
            "eps_latest_yearly": 0.88,
            "eps_growth_yearly": 43.94
        },
        "20124": {
            "year_quarter": 20124,
            "year": 2012,
            "quarter": 4,
            "eps": 0.06,
            "eps_growth_year": null,
            "eps_4q": 0.75,
            "eps_4q_growth_year": 47.35,
            "roe": 0.23,
            "roe_4q": 2.68,
            "gross_profit": 356213,
            "gross_margin": 7.2,
            "gross_margin_4q_avg": 7.19,
            "net_income": 23217,
            "net_income_4q": null,
            "revenue": 4944749,
            "revenue_4q": null,
            "common_shares": 3961013,
            "book_valuer_per_share": 27.24,
            "book_valuer_per_share_4q_avg": 27.54,
            "equity": 10169597,
            "current_ratio": 188.67,
            "debt_ratio": 37.89,
            "inventory_turnover_ratio": 2.27,
            "account_receivable_turnover_ratio": 1.51,
            "reinvestment_rate": 57.92,
            "research_to_sale_ratio": 5.29,
            "price_fair": 121.3,
            "eps_avg_yearly": 3.47,
            "eps_latest_yearly": 0.24,
            "eps_growth_yearly": 35.21
        },
        "20131": {
            "year_quarter": 20131,
            "year": 2013,
            "quarter": 1,
            "eps": -0.12,
            "eps_growth_year": -170.59,
            "eps_4q": 0.46,
            "eps_4q_growth_year": 167.67,
            "roe": -0.44,
            "roe_4q": 1.6600000000000001,
            "gross_profit": 266050,
            "gross_margin": 6.63,
            "gross_margin_4q_avg": 7.09,
            "net_income": -45730,
            "net_income_4q": null,
            "revenue": 4014304,
            "revenue_4q": null,
            "common_shares": 3961013,
            "book_valuer_per_share": 27.66,
            "book_valuer_per_share_4q_avg": 27.36,
            "equity": 10386677,
            "current_ratio": 190.37,
            "debt_ratio": 37.3,
            "inventory_turnover_ratio": 2.12,
            "account_receivable_turnover_ratio": 1.46,
            "reinvestment_rate": 107.33,
            "research_to_sale_ratio": 6.1,
            "price_fair": 122.55,
            "eps_avg_yearly": 3.5,
            "eps_latest_yearly": 0.24,
            "eps_growth_yearly": 50.79
        },
        "20132": {
            "year_quarter": 20132,
            "year": 2013,
            "quarter": 2,
            "eps": 0.04,
            "eps_growth_year": -86.31,
            "eps_4q": 0.2,
            "eps_4q_growth_year": null,
            "roe": 0.16,
            "roe_4q": 0.7699999999999999,
            "gross_profit": 309303,
            "gross_margin": 6.37,
            "gross_margin_4q_avg": 6.88,
            "net_income": 16033,
            "net_income_4q": null,
            "revenue": 4853531,
            "revenue_4q": null,
            "common_shares": 3961013,
            "book_valuer_per_share": 26.99,
            "book_valuer_per_share_4q_avg": 27.27,
            "equity": 10185757,
            "current_ratio": 158.19,
            "debt_ratio": 45.57,
            "inventory_turnover_ratio": 2.07,
            "account_receivable_turnover_ratio": 1.56,
            "reinvestment_rate": 117.9,
            "research_to_sale_ratio": 4.51,
            "price_fair": 124.95,
            "eps_avg_yearly": 3.57,
            "eps_latest_yearly": 0.24,
            "eps_growth_yearly": 58.58
        },
        "20133": {
            "year_quarter": 20133,
            "year": 2013,
            "quarter": 3,
            "eps": 0.16,
            "eps_growth_year": -28.49,
            "eps_4q": 0.14,
            "eps_4q_growth_year": null,
            "roe": 0.61,
            "roe_4q": 0.56,
            "gross_profit": 354802,
            "gross_margin": 5.6,
            "gross_margin_4q_avg": 6.45,
            "net_income": 61703,
            "net_income_4q": null,
            "revenue": 6333611,
            "revenue_4q": null,
            "common_shares": 3902653,
            "book_valuer_per_share": 26.91,
            "book_valuer_per_share_4q_avg": 27.2,
            "equity": 10153308,
            "current_ratio": 174.57,
            "debt_ratio": 39.21,
            "inventory_turnover_ratio": 2.89,
            "account_receivable_turnover_ratio": 1.6,
            "reinvestment_rate": 151.09,
            "research_to_sale_ratio": 3.5,
            "price_fair": 102.55,
            "eps_avg_yearly": 2.93,
            "eps_latest_yearly": 0.64,
            "eps_growth_yearly": 88.43
        },
        "20134": {
            "year_quarter": 20134,
            "year": 2013,
            "quarter": 4,
            "eps": -0.96,
            "eps_growth_year": -1645.93,
            "eps_4q": -0.88,
            "eps_4q_growth_year": -217.27,
            "roe": -3.62,
            "roe_4q": -3.29,
            "gross_profit": 228681,
            "gross_margin": 5.77,
            "gross_margin_4q_avg": 6.09,
            "net_income": -362521,
            "net_income_4q": null,
            "revenue": 3964379,
            "revenue_4q": null,
            "common_shares": 3902653,
            "book_valuer_per_share": 26.24,
            "book_valuer_per_share_4q_avg": 26.95,
            "equity": 9899908,
            "current_ratio": 184.39,
            "debt_ratio": 37.02,
            "inventory_turnover_ratio": 2.57,
            "account_receivable_turnover_ratio": 1.18,
            "reinvestment_rate": 228.73,
            "research_to_sale_ratio": 5.62,
            "price_fair": 78.27,
            "eps_avg_yearly": 2.24,
            "eps_latest_yearly": 0.64,
            "eps_growth_yearly": 86.68
        },
        "20141": {
            "year_quarter": 20141,
            "year": 2014,
            "quarter": 1,
            "eps": 0.22,
            "eps_growth_year": null,
            "eps_4q": -0.54,
            "eps_4q_growth_year": -218.53,
            "roe": 0.82,
            "roe_4q": -2.0300000000000002,
            "gross_profit": 308733,
            "gross_margin": 8.12,
            "gross_margin_4q_avg": 6.47,
            "net_income": 81794,
            "net_income_4q": null,
            "revenue": 3804257,
            "revenue_4q": null,
            "common_shares": 3855303,
            "book_valuer_per_share": 26.86,
            "book_valuer_per_share_4q_avg": 26.75,
            "equity": 10140860,
            "current_ratio": 188.13,
            "debt_ratio": 36.77,
            "inventory_turnover_ratio": 2.81,
            "account_receivable_turnover_ratio": 1.48,
            "reinvestment_rate": 256.81,
            "research_to_sale_ratio": 5.63,
            "price_fair": 76.16,
            "eps_avg_yearly": 2.18,
            "eps_latest_yearly": 0.64,
            "eps_growth_yearly": 124.59
        },
        "20142": {
            "year_quarter": 20142,
            "year": 2014,
            "quarter": 2,
            "eps": 0.34,
            "eps_growth_year": 750,
            "eps_4q": -0.23,
            "eps_4q_growth_year": -210.51,
            "roe": 1.3,
            "roe_4q": -0.89,
            "gross_profit": 503897,
            "gross_margin": 10.39,
            "gross_margin_4q_avg": 7.47,
            "net_income": 133201,
            "net_income_4q": null,
            "revenue": 4851525,
            "revenue_4q": null,
            "common_shares": 3941583,
            "book_valuer_per_share": 26.67,
            "book_valuer_per_share_4q_avg": 26.67,
            "equity": 10299420,
            "current_ratio": 184.43,
            "debt_ratio": 37.44,
            "inventory_turnover_ratio": 3.79,
            "account_receivable_turnover_ratio": 1.41,
            "reinvestment_rate": 266.64,
            "research_to_sale_ratio": 5.58,
            "price_fair": 67.06,
            "eps_avg_yearly": 1.92,
            "eps_latest_yearly": 1.36,
            "eps_growth_yearly": 130.64
        },
        "20143": {
            "year_quarter": 20143,
            "year": 2014,
            "quarter": 3,
            "eps": 0.09,
            "eps_growth_year": -43.75,
            "eps_4q": -0.44,
            "eps_4q_growth_year": -404.59,
            "roe": 0.31,
            "roe_4q": -1.19,
            "gross_profit": 376896,
            "gross_margin": 10.71,
            "gross_margin_4q_avg": 8.75,
            "net_income": 30594,
            "net_income_4q": null,
            "revenue": 3520680,
            "revenue_4q": null,
            "common_shares": 2759108,
            "book_valuer_per_share": 34.46,
            "book_valuer_per_share_4q_avg": 28.56,
            "equity": 9314731,
            "current_ratio": 157.63,
            "debt_ratio": 43.39,
            "inventory_turnover_ratio": 2.81,
            "account_receivable_turnover_ratio": 0.99,
            "reinvestment_rate": 348.3,
            "research_to_sale_ratio": 7.01,
            "price_fair": 56.84,
            "eps_avg_yearly": 1.62,
            "eps_latest_yearly": 0.36,
            "eps_growth_yearly": 108.09
        },
        "20144": {
            "year_quarter": 20144,
            "year": 2014,
            "quarter": 4,
            "eps": 0.11,
            "eps_growth_year": null,
            "eps_4q": 1.02,
            "eps_4q_growth_year": null,
            "roe": 0.32,
            "roe_4q": 2.75,
            "gross_profit": 371440,
            "gross_margin": 11.41,
            "gross_margin_4q_avg": 10.16,
            "net_income": 30586,
            "net_income_4q": null,
            "revenue": 3254619,
            "revenue_4q": null,
            "common_shares": 2701358,
            "book_valuer_per_share": 35.81,
            "book_valuer_per_share_4q_avg": 30.95,
            "equity": 9680128,
            "current_ratio": 177.01,
            "debt_ratio": 38.94,
            "inventory_turnover_ratio": 2.54,
            "account_receivable_turnover_ratio": 1.21,
            "reinvestment_rate": 220.22,
            "research_to_sale_ratio": 7.17,
            "price_fair": 45.78,
            "eps_avg_yearly": 1.31,
            "eps_latest_yearly": 0.44,
            "eps_growth_yearly": 113.08
        },
        "20151": {
            "year_quarter": 20151,
            "year": 2015,
            "quarter": 1,
            "eps": 0.01,
            "eps_growth_year": -95.45,
            "eps_4q": 0.73,
            "eps_4q_growth_year": null,
            "roe": 0.03,
            "roe_4q": 1.96,
            "gross_profit": 281766,
            "gross_margin": 10.92,
            "gross_margin_4q_avg": 10.86,
            "net_income": 2618,
            "net_income_4q": null,
            "revenue": 2579178,
            "revenue_4q": null,
            "common_shares": 2702538,
            "book_valuer_per_share": 35.43,
            "book_valuer_per_share_4q_avg": 33.09,
            "equity": 9580917,
            "current_ratio": 189.8,
            "debt_ratio": 36.09,
            "inventory_turnover_ratio": 1.75,
            "account_receivable_turnover_ratio": 1.14,
            "reinvestment_rate": 896.65,
            "research_to_sale_ratio": 9.44,
            "price_fair": 38.78,
            "eps_avg_yearly": 1.11,
            "eps_latest_yearly": 0.04,
            "eps_growth_yearly": 94.05
        },
        "20152": {
            "year_quarter": 20152,
            "year": 2015,
            "quarter": 2,
            "eps": 0.15,
            "eps_growth_year": -55.88,
            "eps_4q": 0.38,
            "eps_4q_growth_year": null,
            "roe": 0.43,
            "roe_4q": 1.09,
            "gross_profit": 366661,
            "gross_margin": 12.12,
            "gross_margin_4q_avg": 11.29,
            "net_income": 40889,
            "net_income_4q": null,
            "revenue": 3024205,
            "revenue_4q": null,
            "common_shares": 2702538,
            "book_valuer_per_share": 34.25,
            "book_valuer_per_share_4q_avg": 34.99,
            "equity": 9264335,
            "current_ratio": 176.21,
            "debt_ratio": 39.05,
            "inventory_turnover_ratio": 1.64,
            "account_receivable_turnover_ratio": 1.33,
            "reinvestment_rate": null,
            "research_to_sale_ratio": 8.35,
            "price_fair": 30.94,
            "eps_avg_yearly": 0.88,
            "eps_latest_yearly": 0.6,
            "eps_growth_yearly": 638.36
        },
        "20153": {
            "year_quarter": 20153,
            "year": 2015,
            "quarter": 3,
            "eps": 0.73,
            "eps_growth_year": 711.11,
            "eps_4q": 1,
            "eps_4q_growth_year": null,
            "roe": 2.08,
            "roe_4q": 2.86,
            "gross_profit": 524222,
            "gross_margin": 13.81,
            "gross_margin_4q_avg": 12.07,
            "net_income": 197047,
            "net_income_4q": null,
            "revenue": 3796163,
            "revenue_4q": null,
            "common_shares": 2702538,
            "book_valuer_per_share": 36.1,
            "book_valuer_per_share_4q_avg": 35.4,
            "equity": 9728284,
            "current_ratio": 184.16,
            "debt_ratio": 38.01,
            "inventory_turnover_ratio": 2.04,
            "account_receivable_turnover_ratio": 1.34,
            "reinvestment_rate": null,
            "research_to_sale_ratio": 6.93,
            "price_fair": 30.24,
            "eps_avg_yearly": 0.86,
            "eps_latest_yearly": 2.92,
            "eps_growth_yearly": 789.09
        },
        "20154": {
            "year_quarter": 20154,
            "year": 2015,
            "quarter": 4,
            "eps": 0.13,
            "eps_growth_year": 11.92,
            "eps_4q": 1.02,
            "eps_4q_growth_year": 0.07,
            "roe": 0.35,
            "roe_4q": 2.89,
            "gross_profit": 396137,
            "gross_margin": 12.81,
            "gross_margin_4q_avg": 12.42,
            "net_income": 33826,
            "net_income_4q": null,
            "revenue": 3092483,
            "revenue_4q": null,
            "common_shares": 2726938,
            "book_valuer_per_share": 35.5,
            "book_valuer_per_share_4q_avg": 35.32,
            "equity": 9628852,
            "current_ratio": 188.3,
            "debt_ratio": 37.48,
            "inventory_turnover_ratio": 2.18,
            "account_receivable_turnover_ratio": 1.14,
            "reinvestment_rate": 206.36,
            "research_to_sale_ratio": 9.3,
            "price_fair": 29.15,
            "eps_avg_yearly": 0.83,
            "eps_latest_yearly": 0.52,
            "eps_growth_yearly": 687.46
        },
        "20161": {
            "year_quarter": 20161,
            "year": 2016,
            "quarter": 1,
            "eps": -0.18,
            "eps_growth_year": -1900,
            "eps_4q": 0.83,
            "eps_4q_growth_year": 14.33,
            "roe": -0.57,
            "roe_4q": 2.29,
            "gross_profit": 251383,
            "gross_margin": 10.37,
            "gross_margin_4q_avg": 12.28,
            "net_income": -54208,
            "net_income_4q": null,
            "revenue": 2424840,
            "revenue_4q": null,
            "common_shares": 2738838,
            "book_valuer_per_share": 34.72,
            "book_valuer_per_share_4q_avg": 35.14,
            "equity": 9453292,
            "current_ratio": 194.38,
            "debt_ratio": 36.1,
            "inventory_turnover_ratio": 1.85,
            "account_receivable_turnover_ratio": 1.21,
            "reinvestment_rate": 229.29,
            "research_to_sale_ratio": 10.32,
            "price_fair": 29.15,
            "eps_avg_yearly": 0.83,
            "eps_latest_yearly": 0.52,
            "eps_growth_yearly": 687.46
        },
        "20162": {
            "year_quarter": 20162,
            "year": 2016,
            "quarter": 2,
            "eps": 0.01,
            "eps_growth_year": -93.33,
            "eps_4q": 0.68,
            "eps_4q_growth_year": 77.59,
            "roe": 0.15,
            "roe_4q": 2.0100000000000002,
            "gross_profit": 328822,
            "gross_margin": 11.79,
            "gross_margin_4q_avg": 12.2,
            "net_income": 14222,
            "net_income_4q": null,
            "revenue": 2789236,
            "revenue_4q": null,
            "common_shares": 2742538,
            "book_valuer_per_share": 33.36,
            "book_valuer_per_share_4q_avg": 34.92,
            "equity": 9111635,
            "current_ratio": 183.38,
            "debt_ratio": 38.56,
            "inventory_turnover_ratio": 1.95,
            "account_receivable_turnover_ratio": 1.52,
            "reinvestment_rate": 263.38,
            "research_to_sale_ratio": 9.24,
            "price_fair": 28,
            "eps_avg_yearly": 0.8,
            "eps_latest_yearly": 0.52,
            "eps_growth_yearly": 727.98
        },
        "20163": {
            "year_quarter": 20163,
            "year": 2016,
            "quarter": 3,
            "eps": 0.05,
            "eps_growth_year": -93.15,
            "eps_4q": -0,
            "eps_4q_growth_year": -100.23,
            "roe": 0.32,
            "roe_4q": 0.25,
            "gross_profit": 456975,
            "gross_margin": 15.63,
            "gross_margin_4q_avg": 12.65,
            "net_income": 28674,
            "net_income_4q": null,
            "revenue": 2924158,
            "revenue_4q": null,
            "common_shares": 2739788,
            "book_valuer_per_share": 32.56,
            "book_valuer_per_share_4q_avg": 34.04,
            "equity": 8902702,
            "current_ratio": 178.64,
            "debt_ratio": 39.83,
            "inventory_turnover_ratio": 1.92,
            "account_receivable_turnover_ratio": 1.38,
            "reinvestment_rate": 322.3,
            "research_to_sale_ratio": 8.5,
            "price_fair": 25.62,
            "eps_avg_yearly": 0.73,
            "eps_latest_yearly": 0.2,
            "eps_growth_yearly": 897.63
        },
        "20164": {
            "year_quarter": 20164,
            "year": 2016,
            "quarter": 4,
            "eps": 0.33,
            "eps_growth_year": 159.95,
            "eps_4q": 0.2,
            "eps_4q_growth_year": -80.43,
            "roe": 1.24,
            "roe_4q": 1.1400000000000001,
            "gross_profit": 518564,
            "gross_margin": 15.08,
            "gross_margin_4q_avg": 13.22,
            "net_income": 111420,
            "net_income_4q": null,
            "revenue": 3438812,
            "revenue_4q": null,
            "common_shares": 2739788,
            "book_valuer_per_share": 33.06,
            "book_valuer_per_share_4q_avg": 33.43,
            "equity": 9032993,
            "current_ratio": 179.05,
            "debt_ratio": 40.68,
            "inventory_turnover_ratio": 2.09,
            "account_receivable_turnover_ratio": 1.35,
            "reinvestment_rate": 191.52,
            "research_to_sale_ratio": 8.04,
            "price_fair": 29.4,
            "eps_avg_yearly": 0.84,
            "eps_latest_yearly": 1.32,
            "eps_growth_yearly": 1150.72
        },
        "20171": {
            "year_quarter": 20171,
            "year": 2017,
            "quarter": 1,
            "eps": 0.12,
            "eps_growth_year": null,
            "eps_4q": 0.49,
            "eps_4q_growth_year": -40.73,
            "roe": 0.28,
            "roe_4q": 1.99,
            "gross_profit": 401266,
            "gross_margin": 15.08,
            "gross_margin_4q_avg": 14.4,
            "net_income": 25130,
            "net_income_4q": null,
            "revenue": 2661107,
            "revenue_4q": null,
            "common_shares": 2739088,
            "book_valuer_per_share": 31.67,
            "book_valuer_per_share_4q_avg": 32.66,
            "equity": 8650635,
            "current_ratio": 184.15,
            "debt_ratio": 38.48,
            "inventory_turnover_ratio": 1.65,
            "account_receivable_turnover_ratio": 1.15,
            "reinvestment_rate": -378.85,
            "research_to_sale_ratio": 9.17,
            "price_fair": 28.25,
            "eps_avg_yearly": 0.81,
            "eps_latest_yearly": 0.48,
            "eps_growth_yearly": 1022.97
        },
        "20172": {
            "year_quarter": 20172,
            "year": 2017,
            "quarter": 2,
            "eps": -0.06,
            "eps_growth_year": -700,
            "eps_4q": 0.43,
            "eps_4q_growth_year": -37.51,
            "roe": -0.17,
            "roe_4q": 1.6700000000000002,
            "gross_profit": 340718,
            "gross_margin": 13.78,
            "gross_margin_4q_avg": 14.89,
            "net_income": -14935,
            "net_income_4q": null,
            "revenue": 2473042,
            "revenue_4q": null,
            "common_shares": 2739088,
            "book_valuer_per_share": 32.17,
            "book_valuer_per_share_4q_avg": 32.37,
            "equity": 9081548,
            "current_ratio": 191.54,
            "debt_ratio": 38.39,
            "inventory_turnover_ratio": 1.78,
            "account_receivable_turnover_ratio": 1.3,
            "reinvestment_rate": -559.7,
            "research_to_sale_ratio": 9.67,
            "price_fair": 28.25,
            "eps_avg_yearly": 0.81,
            "eps_latest_yearly": 0.48,
            "eps_growth_yearly": 1022.97
        },
        "20173": {
            "year_quarter": 20173,
            "year": 2017,
            "quarter": 3,
            "eps": -0.04,
            "eps_growth_year": -180,
            "eps_4q": 0.34,
            "eps_4q_growth_year": null,
            "roe": -0.06,
            "roe_4q": 1.29,
            "gross_profit": 327164,
            "gross_margin": 12.42,
            "gross_margin_4q_avg": 14.09,
            "net_income": -5664,
            "net_income_4q": null,
            "revenue": 2634947,
            "revenue_4q": null,
            "common_shares": 2738688,
            "book_valuer_per_share": 32.79,
            "book_valuer_per_share_4q_avg": 32.42,
            "equity": 9497784,
            "current_ratio": 203.55,
            "debt_ratio": 36.7,
            "inventory_turnover_ratio": 2.04,
            "account_receivable_turnover_ratio": 1.29,
            "reinvestment_rate": -774.37,
            "research_to_sale_ratio": 7.78,
            "price_fair": 28.84,
            "eps_avg_yearly": 0.82,
            "eps_latest_yearly": 0.48,
            "eps_growth_yearly": 1005.27
        },
        "20174": {
            "year_quarter": 20174,
            "year": 2017,
            "quarter": 4,
            "eps": 0.03,
            "eps_growth_year": -89.57,
            "eps_4q": 0.05,
            "eps_4q_growth_year": -75.16,
            "roe": 0.47,
            "roe_4q": 0.52,
            "gross_profit": 365894,
            "gross_margin": 13.14,
            "gross_margin_4q_avg": 13.61,
            "net_income": 45056,
            "net_income_4q": null,
            "revenue": 2783677,
            "revenue_4q": null,
            "common_shares": 2738188,
            "book_valuer_per_share": 32.75,
            "book_valuer_per_share_4q_avg": 32.35,
            "equity": 9485225,
            "current_ratio": 202.53,
            "debt_ratio": 36.97,
            "inventory_turnover_ratio": 2.1,
            "account_receivable_turnover_ratio": 1.23,
            "reinvestment_rate": -382.31,
            "research_to_sale_ratio": 6.7,
            "price_fair": 28.84,
            "eps_avg_yearly": 0.82,
            "eps_latest_yearly": 0.48,
            "eps_growth_yearly": 1005.27
        },
        "20181": {
            "year_quarter": 20181,
            "year": 2018,
            "quarter": 1,
            "eps": -0.1,
            "eps_growth_year": -183.33,
            "eps_4q": -0.17,
            "eps_4q_growth_year": -133.76,
            "roe": 0.04,
            "roe_4q": 0.28,
            "gross_profit": 298843,
            "gross_margin": 12.79,
            "gross_margin_4q_avg": 13.03,
            "net_income": 3582,
            "net_income_4q": null,
            "revenue": 2336313,
            "revenue_4q": null,
            "common_shares": 2737888,
            "book_valuer_per_share": 32.75,
            "book_valuer_per_share_4q_avg": 32.62,
            "equity": 9503917,
            "current_ratio": 203.51,
            "debt_ratio": 36.91,
            "inventory_turnover_ratio": 1.69,
            "account_receivable_turnover_ratio": 1.02,
            "reinvestment_rate": -494.57,
            "research_to_sale_ratio": 8.38,
            "price_fair": 28.84,
            "eps_avg_yearly": 0.82,
            "eps_latest_yearly": 0.48,
            "eps_growth_yearly": 1005.27
        },
        "20182": {
            "year_quarter": 20182,
            "year": 2018,
            "quarter": 2,
            "eps": 0.21,
            "eps_growth_year": null,
            "eps_4q": 0.1,
            "eps_4q_growth_year": -75.97,
            "roe": 0.87,
            "roe_4q": 1.3199999999999998,
            "gross_profit": 357750,
            "gross_margin": 10.35,
            "gross_margin_4q_avg": 12.18,
            "net_income": 83598,
            "net_income_4q": null,
            "revenue": 3455233,
            "revenue_4q": null,
            "common_shares": 2738288,
            "book_valuer_per_share": 32.81,
            "book_valuer_per_share_4q_avg": 32.78,
            "equity": 9625655,
            "current_ratio": 181.11,
            "debt_ratio": 43.03,
            "inventory_turnover_ratio": 2.69,
            "account_receivable_turnover_ratio": 1.1,
            "reinvestment_rate": -564.27,
            "research_to_sale_ratio": 5.63,
            "price_fair": 26.76,
            "eps_avg_yearly": 0.76,
            "eps_latest_yearly": 0.48,
            "eps_growth_yearly": 1092.72
        },
        "20183": {
            "year_quarter": 20183,
            "year": 2018,
            "quarter": 3,
            "eps": 0.29,
            "eps_growth_year": null,
            "eps_4q": 0.43,
            "eps_4q_growth_year": 25.92,
            "roe": 0.86,
            "roe_4q": 2.24,
            "gross_profit": 374915,
            "gross_margin": 12.15,
            "gross_margin_4q_avg": 12.11,
            "net_income": 82699,
            "net_income_4q": null,
            "revenue": 3086368,
            "revenue_4q": null,
            "common_shares": 2740488,
            "book_valuer_per_share": 32.49,
            "book_valuer_per_share_4q_avg": 32.7,
            "equity": 9594573,
            "current_ratio": 195.43,
            "debt_ratio": 44.35,
            "inventory_turnover_ratio": 2.57,
            "account_receivable_turnover_ratio": 0.69,
            "reinvestment_rate": -530.66,
            "research_to_sale_ratio": 7.11,
            "price_fair": 29.87,
            "eps_avg_yearly": 0.85,
            "eps_latest_yearly": 1.16,
            "eps_growth_yearly": 1142.33
        },
        "20184": {
            "year_quarter": 20184,
            "year": 2018,
            "quarter": 4,
            "eps": 0.08,
            "eps_growth_year": 129.98,
            "eps_4q": 0.48,
            "eps_4q_growth_year": 861.31,
            "roe": 0.03,
            "roe_4q": 1.8,
            "gross_profit": 287040,
            "gross_margin": 12.4,
            "gross_margin_4q_avg": 11.92,
            "net_income": 3271,
            "net_income_4q": null,
            "revenue": 2315655,
            "revenue_4q": null,
            "common_shares": 2740113,
            "book_valuer_per_share": 32.8,
            "book_valuer_per_share_4q_avg": 32.71,
            "equity": 9661581,
            "current_ratio": 215.57,
            "debt_ratio": 40.62,
            "inventory_turnover_ratio": 1.98,
            "account_receivable_turnover_ratio": 0.54,
            "reinvestment_rate": -531.98,
            "research_to_sale_ratio": 8.81,
            "price_fair": 29.4,
            "eps_avg_yearly": 0.84,
            "eps_latest_yearly": 0.32,
            "eps_growth_yearly": 1100.27
        },
        "20191": {
            "year_quarter": 20191,
            "year": 2019,
            "quarter": 1,
            "eps": 0.1,
            "eps_growth_year": null,
            "eps_4q": 0.67,
            "eps_4q_growth_year": null,
            "roe": 0.01,
            "roe_4q": 1.77,
            "gross_profit": 249864,
            "gross_margin": 14.49,
            "gross_margin_4q_avg": 12.35,
            "net_income": 1042,
            "net_income_4q": null,
            "revenue": 1723953,
            "revenue_4q": null,
            "common_shares": 2740113,
            "book_valuer_per_share": 33.3,
            "book_valuer_per_share_4q_avg": 32.85,
            "equity": 9777213,
            "current_ratio": 274.11,
            "debt_ratio": 33.85,
            "inventory_turnover_ratio": 1.47,
            "account_receivable_turnover_ratio": 0.62,
            "reinvestment_rate": -482.13,
            "research_to_sale_ratio": 11.15,
            "price_fair": 30.8,
            "eps_avg_yearly": 0.88,
            "eps_latest_yearly": 0.4,
            "eps_growth_yearly": 1151.79
        },
        "20192": {
            "year_quarter": 20192,
            "year": 2019,
            "quarter": 2,
            "eps": 0.07,
            "eps_growth_year": -66.67,
            "eps_4q": 0.53,
            "eps_4q_growth_year": 421.3,
            "roe": 0.06,
            "roe_4q": 0.96,
            "gross_profit": 262819,
            "gross_margin": 17.56,
            "gross_margin_4q_avg": 14.15,
            "net_income": 5853,
            "net_income_4q": null,
            "revenue": 1496836,
            "revenue_4q": null,
            "common_shares": 2740113,
            "book_valuer_per_share": 32.74,
            "book_valuer_per_share_4q_avg": 32.83,
            "equity": 9614033,
            "current_ratio": 270.13,
            "debt_ratio": 33.37,
            "inventory_turnover_ratio": 1.32,
            "account_receivable_turnover_ratio": 0.97,
            "reinvestment_rate": -498.86,
            "research_to_sale_ratio": 13.63,
            "price_fair": 29.56,
            "eps_avg_yearly": 0.84,
            "eps_latest_yearly": 0.28,
            "eps_growth_yearly": 516.23
        },
        "20193": {
            "year_quarter": 20193,
            "year": 2019,
            "quarter": 3,
            "eps": 0.14,
            "eps_growth_year": -51.72,
            "eps_4q": 0.38,
            "eps_4q_growth_year": -12.06,
            "roe": 0.13,
            "roe_4q": 0.23,
            "gross_profit": 267224,
            "gross_margin": 16.96,
            "gross_margin_4q_avg": 15.35,
            "net_income": 12840,
            "net_income_4q": null,
            "revenue": 1575695,
            "revenue_4q": null,
            "common_shares": 2754613,
            "book_valuer_per_share": 32.05,
            "book_valuer_per_share_4q_avg": 32.72,
            "equity": 9445244,
            "current_ratio": 226.28,
            "debt_ratio": 34.43,
            "inventory_turnover_ratio": 1.47,
            "account_receivable_turnover_ratio": 1.25,
            "reinvestment_rate": -788.5,
            "research_to_sale_ratio": 12.64,
            "price_fair": 20.38,
            "eps_avg_yearly": 0.58,
            "eps_latest_yearly": 0.56,
            "eps_growth_yearly": 388.82
        },
        "20194": {
            "year_quarter": 20194,
            "year": 2019,
            "quarter": 4,
            "eps": 0,
            "eps_growth_year": -94.19,
            "eps_4q": 0.31,
            "eps_4q_growth_year": -35.74,
            "roe": -0.25,
            "roe_4q": -0.049999999999999996,
            "gross_profit": 234508,
            "gross_margin": 16.84,
            "gross_margin_4q_avg": 16.46,
            "net_income": -23588,
            "net_income_4q": null,
            "revenue": 1392868,
            "revenue_4q": null,
            "common_shares": 2753613,
            "book_valuer_per_share": 31.39,
            "book_valuer_per_share_4q_avg": 32.37,
            "equity": 9216726,
            "current_ratio": 222.32,
            "debt_ratio": 34.57,
            "inventory_turnover_ratio": 1.19,
            "account_receivable_turnover_ratio": 1.33,
            "reinvestment_rate": -821.6,
            "research_to_sale_ratio": 13.81,
            "price_fair": 20.65,
            "eps_avg_yearly": 0.59,
            "eps_latest_yearly": 0.56,
            "eps_growth_yearly": 478.52
        },
        "20201": {
            "year_quarter": 20201,
            "year": 2020,
            "quarter": 1,
            "eps": 0.12,
            "eps_growth_year": 20,
            "eps_4q": 0.33,
            "eps_4q_growth_year": -50.86,
            "roe": -0.02,
            "roe_4q": -0.08000000000000002,
            "gross_profit": 269783,
            "gross_margin": 24.22,
            "gross_margin_4q_avg": 18.9,
            "net_income": -1466,
            "net_income_4q": null,
            "revenue": 1113743,
            "revenue_4q": null,
            "common_shares": 2795873,
            "book_valuer_per_share": 30.91,
            "book_valuer_per_share_4q_avg": 31.77,
            "equity": 8937587,
            "current_ratio": 190.09,
            "debt_ratio": 35.65,
            "inventory_turnover_ratio": 0.84,
            "account_receivable_turnover_ratio": 1.37,
            "reinvestment_rate": -621.45,
            "research_to_sale_ratio": 18.58,
            "price_fair": 20.65,
            "eps_avg_yearly": 0.59,
            "eps_latest_yearly": 0.56,
            "eps_growth_yearly": 478.52
        },
        "20202": {
            "year_quarter": 20202,
            "year": 2020,
            "quarter": 2,
            "eps": 0.19,
            "eps_growth_year": 171.43,
            "eps_4q": 0.45,
            "eps_4q_growth_year": -15.41,
            "roe": 0.86,
            "roe_4q": 0.72,
            "gross_profit": 396079,
            "gross_margin": 25.99,
            "gross_margin_4q_avg": 21,
            "net_income": 76400,
            "net_income_4q": null,
            "revenue": 1523755,
            "revenue_4q": null,
            "common_shares": 2796333,
            "book_valuer_per_share": 30.79,
            "book_valuer_per_share_4q_avg": 31.29,
            "equity": 8832927,
            "current_ratio": 191.29,
            "debt_ratio": 35.56,
            "inventory_turnover_ratio": 1.21,
            "account_receivable_turnover_ratio": 1.88,
            "reinvestment_rate": -522.43,
            "research_to_sale_ratio": 14.73,
            "price_fair": 21.31,
            "eps_avg_yearly": 0.61,
            "eps_latest_yearly": 0.76,
            "eps_growth_yearly": 451.28
        },
        "20203": {
            "year_quarter": 20203,
            "year": 2020,
            "quarter": 3,
            "eps": 0.16,
            "eps_growth_year": 14.29,
            "eps_4q": 0.46,
            "eps_4q_growth_year": 22.17,
            "roe": 0.52,
            "roe_4q": 1.1099999999999999,
            "gross_profit": 356622,
            "gross_margin": 22.08,
            "gross_margin_4q_avg": 22.28,
            "net_income": 46438,
            "net_income_4q": null,
            "revenue": 1615475,
            "revenue_4q": null,
            "common_shares": 2795433,
            "book_valuer_per_share": 31.19,
            "book_valuer_per_share_4q_avg": 31.07,
            "equity": 8936312,
            "current_ratio": 183.22,
            "debt_ratio": 37.76,
            "inventory_turnover_ratio": 1.36,
            "account_receivable_turnover_ratio": 1.65,
            "reinvestment_rate": -451.42,
            "research_to_sale_ratio": 13.93,
            "price_fair": 23.02,
            "eps_avg_yearly": 0.66,
            "eps_latest_yearly": 0.64,
            "eps_growth_yearly": 266.48
        },
        "20204": {
            "year_quarter": 20204,
            "year": 2020,
            "quarter": 4,
            "eps": 0.14,
            "eps_growth_year": 2928.31,
            "eps_4q": 0.6,
            "eps_4q_growth_year": 95.07,
            "roe": 0.45,
            "roe_4q": 1.81,
            "gross_profit": 499446,
            "gross_margin": 27,
            "gross_margin_4q_avg": 24.82,
            "net_income": 40136,
            "net_income_4q": null,
            "revenue": 1849702,
            "revenue_4q": null,
            "common_shares": 2794973,
            "book_valuer_per_share": 31.54,
            "book_valuer_per_share_4q_avg": 31.11,
            "equity": 9023853,
            "current_ratio": 178.75,
            "debt_ratio": 38.69,
            "inventory_turnover_ratio": 1.31,
            "account_receivable_turnover_ratio": 1.6,
            "reinvestment_rate": -633.89,
            "research_to_sale_ratio": 21.74,
            "price_fair": 12.64,
            "eps_avg_yearly": 0.57,
            "eps_latest_yearly": 0.56,
            "eps_growth_yearly": 12.04
        },
        "20211": {
            "year_quarter": 20211,
            "year": 2021,
            "quarter": 1,
            "eps": 0.12,
            "eps_growth_year": 0,
            "eps_4q": 0.6,
            "eps_4q_growth_year": 81.15,
            "roe": 0.45,
            "roe_4q": 2.28,
            "gross_profit": 455691,
            "gross_margin": 23,
            "gross_margin_4q_avg": 24.52,
            "net_income": 40803,
            "net_income_4q": null,
            "revenue": 1980863,
            "revenue_4q": null,
            "common_shares": 2793415,
            "book_valuer_per_share": 31.16,
            "book_valuer_per_share_4q_avg": 31.17,
            "equity": 9125185,
            "current_ratio": 184.14,
            "debt_ratio": 38.38,
            "inventory_turnover_ratio": 1.35,
            "account_receivable_turnover_ratio": 1.47,
            "reinvestment_rate": -587.67,
            "research_to_sale_ratio": 15.49,
            "price_fair": 20.07,
            "eps_avg_yearly": 0.57,
            "eps_latest_yearly": 0.48,
            "eps_growth_yearly": 33.97
        },
        "20212": {
            "year_quarter": 20212,
            "year": 2021,
            "quarter": 2,
            "eps": 0.23,
            "eps_growth_year": 21.05,
            "eps_4q": 0.64,
            "eps_4q_growth_year": 41.32,
            "roe": 0.79,
            "roe_4q": 2.21,
            "gross_profit": 524438,
            "gross_margin": 22.78,
            "gross_margin_4q_avg": 23.72,
            "net_income": 71524,
            "net_income_4q": null,
            "revenue": 2302341,
            "revenue_4q": null,
            "common_shares": 2793145,
            "book_valuer_per_share": 31.15,
            "book_valuer_per_share_4q_avg": 31.26,
            "equity": 9065540,
            "current_ratio": 172.1,
            "debt_ratio": 40.31,
            "inventory_turnover_ratio": 1.41,
            "account_receivable_turnover_ratio": 1.61,
            "reinvestment_rate": -420.02,
            "research_to_sale_ratio": 15.3,
            "price_fair": 21.28,
            "eps_avg_yearly": 0.61,
            "eps_latest_yearly": 0.92,
            "eps_growth_yearly": 67.24
        },
        "20213": {
            "year_quarter": 20213,
            "year": 2021,
            "quarter": 3,
            "eps": 0.35,
            "eps_growth_year": 118.75,
            "eps_4q": 0.83,
            "eps_4q_growth_year": 78.65,
            "roe": 1.52,
            "roe_4q": 3.2100000000000004,
            "gross_profit": 655881,
            "gross_margin": 26.55,
            "gross_margin_4q_avg": 24.83,
            "net_income": 139170,
            "net_income_4q": null,
            "revenue": 2470362,
            "revenue_4q": null,
            "common_shares": 2792659,
            "book_valuer_per_share": 31.38,
            "book_valuer_per_share_4q_avg": 31.31,
            "equity": 9232121,
            "current_ratio": 167.06,
            "debt_ratio": 41.48,
            "inventory_turnover_ratio": 1.13,
            "account_receivable_turnover_ratio": 1.55,
            "reinvestment_rate": -302.57,
            "research_to_sale_ratio": 15.8,
            "price_fair": 23.8,
            "eps_avg_yearly": 0.68,
            "eps_latest_yearly": 1.4,
            "eps_growth_yearly": 80.1
        },
        "20214": {
            "year_quarter": 20214,
            "year": 2021,
            "quarter": 4,
            "eps": 0.14,
            "eps_growth_year": 0.95,
            "eps_4q": 0.83,
            "eps_4q_growth_year": 38.34,
            "roe": 0.31,
            "roe_4q": 3.0700000000000003,
            "gross_profit": 522712,
            "gross_margin": 22.41,
            "gross_margin_4q_avg": 23.69,
            "net_income": 28764,
            "net_income_4q": null,
            "revenue": 2332208,
            "revenue_4q": null,
            "common_shares": 2792011,
            "book_valuer_per_share": 31.62,
            "book_valuer_per_share_4q_avg": 31.33,
            "equity": 9392365,
            "current_ratio": 160.71,
            "debt_ratio": 42.53,
            "inventory_turnover_ratio": 0.8,
            "account_receivable_turnover_ratio": 1.47,
            "reinvestment_rate": -175.9,
            "research_to_sale_ratio": 14.92,
            "price_fair": 23.45,
            "eps_avg_yearly": 0.67,
            "eps_latest_yearly": 0.56,
            "eps_growth_yearly": 53.43
        },
        "20221": {
            "year_quarter": 20221,
            "year": 2022,
            "quarter": 1,
            "eps": 0.46,
            "eps_growth_year": 283.33,
            "eps_4q": 1.16,
            "eps_4q_growth_year": 94.94,
            "roe": 1.17,
            "roe_4q": 3.79,
            "gross_profit": 728107,
            "gross_margin": 20.38,
            "gross_margin_4q_avg": 23.03,
            "net_income": 111265,
            "net_income_4q": null,
            "revenue": 3572769,
            "revenue_4q": null,
            "common_shares": 2789878,
            "book_valuer_per_share": 32.44,
            "book_valuer_per_share_4q_avg": 31.65,
            "equity": 9611295,
            "current_ratio": 167.41,
            "debt_ratio": 45.03,
            "inventory_turnover_ratio": 1,
            "account_receivable_turnover_ratio": 1.93,
            "reinvestment_rate": -116.22,
            "research_to_sale_ratio": 13.04,
            "price_fair": 26.6,
            "eps_avg_yearly": 0.76,
            "eps_latest_yearly": 1.84,
            "eps_growth_yearly": 119.65
        },
        "20222": {
            "year_quarter": 20222,
            "year": 2022,
            "quarter": 2,
            "eps": 0.34,
            "eps_growth_year": 47.83,
            "eps_4q": 1.27,
            "eps_4q_growth_year": 99.08,
            "roe": 1.09,
            "roe_4q": 4.09,
            "gross_profit": 690662,
            "gross_margin": 21.91,
            "gross_margin_4q_avg": 22.81,
            "net_income": 101022,
            "net_income_4q": null,
            "revenue": 3152366,
            "revenue_4q": null,
            "common_shares": 2789473,
            "book_valuer_per_share": 31.16,
            "book_valuer_per_share_4q_avg": 31.65,
            "equity": 8862779,
            "current_ratio": 154.79,
            "debt_ratio": 48.13,
            "inventory_turnover_ratio": 0.77,
            "account_receivable_turnover_ratio": 1.31,
            "reinvestment_rate": -97.37,
            "research_to_sale_ratio": 13.77,
            "price_fair": 28.1,
            "eps_avg_yearly": 0.8,
            "eps_latest_yearly": 1.36,
            "eps_growth_yearly": 103.65
        },
        "20223": {
            "year_quarter": 20223,
            "year": 2022,
            "quarter": 3,
            "eps": 0.46,
            "eps_growth_year": 31.43,
            "eps_4q": 1.37,
            "eps_4q_growth_year": 65.92,
            "roe": 1.4,
            "roe_4q": 3.97,
            "gross_profit": 744611,
            "gross_margin": 18.55,
            "gross_margin_4q_avg": 20.81,
            "net_income": 127207,
            "net_income_4q": null,
            "revenue": 4013541,
            "revenue_4q": null,
            "common_shares": 2788810,
            "book_valuer_per_share": 32.33,
            "book_valuer_per_share_4q_avg": 31.89,
            "equity": 9246688,
            "current_ratio": 164.74,
            "debt_ratio": 45.76,
            "inventory_turnover_ratio": 1.09,
            "account_receivable_turnover_ratio": 1.52,
            "reinvestment_rate": -74.35,
            "research_to_sale_ratio": 11.96,
            "price_fair": 29.8,
            "eps_avg_yearly": 0.85,
            "eps_latest_yearly": 1.84,
            "eps_growth_yearly": 102.85
        },
        "20224": {
            "year_quarter": 20224,
            "year": 2022,
            "quarter": 4,
            "eps": 0.41,
            "eps_growth_year": 195.99,
            "eps_4q": 1.65,
            "eps_4q_growth_year": 99.77,
            "roe": 1.61,
            "roe_4q": 5.27,
            "gross_profit": 734248,
            "gross_margin": 22.32,
            "gross_margin_4q_avg": 20.79,
            "net_income": 148547,
            "net_income_4q": null,
            "revenue": 3289485,
            "revenue_4q": null,
            "common_shares": 2788180,
            "book_valuer_per_share": 32.03,
            "book_valuer_per_share_4q_avg": 31.99,
            "equity": 9196928,
            "current_ratio": 172.21,
            "debt_ratio": 43.36,
            "inventory_turnover_ratio": 1.01,
            "account_receivable_turnover_ratio": 1.34,
            "reinvestment_rate": -73.52,
            "research_to_sale_ratio": 10.75,
            "price_fair": 33.1,
            "eps_avg_yearly": 0.95,
            "eps_latest_yearly": 1.64,
            "eps_growth_yearly": 120.43
        },
        "20231": {
            "year_quarter": 20231,
            "year": 2023,
            "quarter": 1,
            "eps": 0.24,
            "eps_growth_year": -47.83,
            "eps_4q": 1.44,
            "eps_4q_growth_year": 24.06,
            "roe": 0.81,
            "roe_4q": 4.91,
            "gross_profit": 504342,
            "gross_margin": 22.38,
            "gross_margin_4q_avg": 21.29,
            "net_income": 73735,
            "net_income_4q": null,
            "revenue": 2253577,
            "revenue_4q": null,
            "common_shares": 2788000,
            "book_valuer_per_share": 31.26,
            "book_valuer_per_share_4q_avg": 31.7,
            "equity": 8991575,
            "current_ratio": 153.74,
            "debt_ratio": 45.34,
            "inventory_turnover_ratio": 0.74,
            "account_receivable_turnover_ratio": 1.17,
            "reinvestment_rate": -67.16,
            "research_to_sale_ratio": 12.82,
            "price_fair": 34.5,
            "eps_avg_yearly": 0.99,
            "eps_latest_yearly": 0.96,
            "eps_growth_yearly": 101.44
        },
        "20232": {
            "year_quarter": 20232,
            "year": 2023,
            "quarter": 2,
            "eps": 0.33,
            "eps_growth_year": -2.94,
            "eps_4q": 1.44,
            "eps_4q_growth_year": 13.1,
            "roe": 1.08,
            "roe_4q": 4.9,
            "gross_profit": 561367,
            "gross_margin": 25.41,
            "gross_margin_4q_avg": 22.17,
            "net_income": 96208,
            "net_income_4q": null,
            "revenue": 2208835,
            "revenue_4q": null,
            "common_shares": 2788000,
            "book_valuer_per_share": 31.12,
            "book_valuer_per_share_4q_avg": 31.69,
            "equity": 8888327,
            "current_ratio": 184.89,
            "debt_ratio": 45.17,
            "inventory_turnover_ratio": 0.8,
            "account_receivable_turnover_ratio": 1.32,
            "reinvestment_rate": -59.05,
            "research_to_sale_ratio": 13.85,
            "price_fair": 37.1,
            "eps_avg_yearly": 1.06,
            "eps_latest_yearly": 1.32,
            "eps_growth_yearly": 120.73
        },
        "20233": {
            "year_quarter": 20233,
            "year": 2023,
            "quarter": 3,
            "eps": 0.39,
            "eps_growth_year": -15.22,
            "eps_4q": 1.37,
            "eps_4q_growth_year": -0.25,
            "roe": 1.39,
            "roe_4q": 4.89,
            "gross_profit": 661872,
            "gross_margin": 28.84,
            "gross_margin_4q_avg": 24.74,
            "net_income": 126367,
            "net_income_4q": null,
            "revenue": 2295289,
            "revenue_4q": null,
            "common_shares": 2788000,
            "book_valuer_per_share": 32.55,
            "book_valuer_per_share_4q_avg": 31.74,
            "equity": 9306458,
            "current_ratio": 193.36,
            "debt_ratio": 43.95,
            "inventory_turnover_ratio": 0.88,
            "account_receivable_turnover_ratio": 1.31,
            "reinvestment_rate": -43.52,
            "research_to_sale_ratio": 14.61,
            "price_fair": 39.6,
            "eps_avg_yearly": 1.13,
            "eps_latest_yearly": 1.56,
            "eps_growth_yearly": 97.35
        }
    },
    "months": {
        "2002-12": {
            "month": "2002-12",
            "price": "94.42",
            "revenue": 1080382
        },
        "2003-01": {
            "month": "2003-01",
            "price": "105.11",
            "revenue": 702405
        },
        "2003-02": {
            "month": "2003-02",
            "price": "100.62",
            "revenue": 713778
        },
        "2003-03": {
            "month": "2003-03",
            "price": "90.71",
            "revenue": 717262
        },
        "2003-04": {
            "month": "2003-04",
            "price": "83.95",
            "revenue": 790411
        },
        "2003-05": {
            "month": "2003-05",
            "price": "81.07",
            "revenue": 805673
        },
        "2003-06": {
            "month": "2003-06",
            "price": "82.22",
            "revenue": 810406
        },
        "2003-07": {
            "month": "2003-07",
            "price": "89.63",
            "revenue": 761225
        },
        "2003-08": {
            "month": "2003-08",
            "price": "77.07",
            "revenue": 1015910
        },
        "2003-09": {
            "month": "2003-09",
            "price": "72.00",
            "revenue": 1508497
        },
        "2003-10": {
            "month": "2003-10",
            "price": "65.34",
            "revenue": 1547167
        },
        "2003-11": {
            "month": "2003-11",
            "price": "62.95",
            "revenue": 1362268
        },
        "2003-12": {
            "month": "2003-12",
            "price": "58.37",
            "revenue": 833732
        },
        "2004-01": {
            "month": "2004-01",
            "price": "59.60",
            "revenue": 630710
        },
        "2004-02": {
            "month": "2004-02",
            "price": "58.92",
            "revenue": 685264
        },
        "2004-03": {
            "month": "2004-03",
            "price": "52.48",
            "revenue": 847968
        },
        "2004-04": {
            "month": "2004-04",
            "price": "46.48",
            "revenue": 900208
        },
        "2004-05": {
            "month": "2004-05",
            "price": "31.46",
            "revenue": 550602
        },
        "2004-06": {
            "month": "2004-06",
            "price": "28.17",
            "revenue": 663118
        },
        "2004-07": {
            "month": "2004-07",
            "price": "24.56",
            "revenue": 590152
        },
        "2004-08": {
            "month": "2004-08",
            "price": "18.90",
            "revenue": 656546
        },
        "2004-09": {
            "month": "2004-09",
            "price": "18.20",
            "revenue": 766274
        },
        "2004-10": {
            "month": "2004-10",
            "price": "17.79",
            "revenue": 651363
        },
        "2004-11": {
            "month": "2004-11",
            "price": "18.37",
            "revenue": 605327
        },
        "2004-12": {
            "month": "2004-12",
            "price": "22.78",
            "revenue": 578024
        },
        "2005-01": {
            "month": "2005-01",
            "price": "22.72",
            "revenue": 538157
        },
        "2005-02": {
            "month": "2005-02",
            "price": "29.42",
            "revenue": 414215
        },
        "2005-03": {
            "month": "2005-03",
            "price": "34.15",
            "revenue": 800270
        },
        "2005-04": {
            "month": "2005-04",
            "price": "31.82",
            "revenue": 762800
        },
        "2005-05": {
            "month": "2005-05",
            "price": "30.99",
            "revenue": 906114
        },
        "2005-06": {
            "month": "2005-06",
            "price": "42.49",
            "revenue": 1166260
        },
        "2005-07": {
            "month": "2005-07",
            "price": "52.54",
            "revenue": 1424455
        },
        "2005-08": {
            "month": "2005-08",
            "price": "53.77",
            "revenue": 1545563
        },
        "2005-09": {
            "month": "2005-09",
            "price": "46.90",
            "revenue": 1974602
        },
        "2005-10": {
            "month": "2005-10",
            "price": "46.04",
            "revenue": 3642632
        },
        "2005-11": {
            "month": "2005-11",
            "price": "46.22",
            "revenue": 2572101
        },
        "2005-12": {
            "month": "2005-12",
            "price": "56.85",
            "revenue": 1038993
        },
        "2006-01": {
            "month": "2006-01",
            "price": "69.39",
            "revenue": 1083089
        },
        "2006-02": {
            "month": "2006-02",
            "price": "69.61",
            "revenue": 1107756
        },
        "2006-03": {
            "month": "2006-03",
            "price": "67.92",
            "revenue": 1233683
        },
        "2006-04": {
            "month": "2006-04",
            "price": "70.77",
            "revenue": 1751759
        },
        "2006-05": {
            "month": "2006-05",
            "price": "72.43",
            "revenue": 1365254
        },
        "2006-06": {
            "month": "2006-06",
            "price": "53.94",
            "revenue": 1072872
        },
        "2006-07": {
            "month": "2006-07",
            "price": "54.54",
            "revenue": 1408432
        },
        "2006-08": {
            "month": "2006-08",
            "price": "57.13",
            "revenue": 2263593
        },
        "2006-09": {
            "month": "2006-09",
            "price": "56.31",
            "revenue": 2176182
        },
        "2006-10": {
            "month": "2006-10",
            "price": "56.08",
            "revenue": 3922692
        },
        "2006-11": {
            "month": "2006-11",
            "price": "57.83",
            "revenue": 2687663
        },
        "2006-12": {
            "month": "2006-12",
            "price": "58.00",
            "revenue": 744061
        },
        "2007-01": {
            "month": "2007-01",
            "price": "62.96",
            "revenue": 714801
        },
        "2007-02": {
            "month": "2007-02",
            "price": "62.95",
            "revenue": 695957
        },
        "2007-03": {
            "month": "2007-03",
            "price": "60.60",
            "revenue": 1109888
        },
        "2007-04": {
            "month": "2007-04",
            "price": "59.93",
            "revenue": 1222319
        },
        "2007-05": {
            "month": "2007-05",
            "price": "60.39",
            "revenue": 1120093
        },
        "2007-06": {
            "month": "2007-06",
            "price": "72.09",
            "revenue": 1504294
        },
        "2007-07": {
            "month": "2007-07",
            "price": "78.40",
            "revenue": 1601977
        },
        "2007-08": {
            "month": "2007-08",
            "price": "69.29",
            "revenue": 2525822
        },
        "2007-09": {
            "month": "2007-09",
            "price": "64.62",
            "revenue": 2601714
        },
        "2007-10": {
            "month": "2007-10",
            "price": "62.25",
            "revenue": 5051754
        },
        "2007-11": {
            "month": "2007-11",
            "price": "50.11",
            "revenue": 4022445
        },
        "2007-12": {
            "month": "2007-12",
            "price": "43.90",
            "revenue": 2025252
        },
        "2008-01": {
            "month": "2008-01",
            "price": "41.40",
            "revenue": 2164476
        },
        "2008-02": {
            "month": "2008-02",
            "price": "41.52",
            "revenue": 1452199
        },
        "2008-03": {
            "month": "2008-03",
            "price": "44.69",
            "revenue": 1465181
        },
        "2008-04": {
            "month": "2008-04",
            "price": "47.50",
            "revenue": 2227823
        },
        "2008-05": {
            "month": "2008-05",
            "price": "49.58",
            "revenue": 2183735
        },
        "2008-06": {
            "month": "2008-06",
            "price": "45.45",
            "revenue": 2111385
        },
        "2008-07": {
            "month": "2008-07",
            "price": "40.27",
            "revenue": 1908165
        },
        "2008-08": {
            "month": "2008-08",
            "price": "45.34",
            "revenue": 2479398
        },
        "2008-09": {
            "month": "2008-09",
            "price": "37.62",
            "revenue": 4801824
        },
        "2008-10": {
            "month": "2008-10",
            "price": "30.47",
            "revenue": 3131233
        },
        "2008-11": {
            "month": "2008-11",
            "price": "27.12",
            "revenue": 2523907
        },
        "2008-12": {
            "month": "2008-12",
            "price": "24.59",
            "revenue": 1618710
        },
        "2009-01": {
            "month": "2009-01",
            "price": "28.06",
            "revenue": 1498591
        },
        "2009-02": {
            "month": "2009-02",
            "price": "28.50",
            "revenue": 1155520
        },
        "2009-03": {
            "month": "2009-03",
            "price": "30.39",
            "revenue": 905782
        },
        "2009-04": {
            "month": "2009-04",
            "price": "31.93",
            "revenue": 1035861
        },
        "2009-05": {
            "month": "2009-05",
            "price": "41.13",
            "revenue": 1062172
        },
        "2009-06": {
            "month": "2009-06",
            "price": "42.19",
            "revenue": 1208028
        },
        "2009-07": {
            "month": "2009-07",
            "price": "54.29",
            "revenue": 1654256
        },
        "2009-08": {
            "month": "2009-08",
            "price": "56.06",
            "revenue": 2560493
        },
        "2009-09": {
            "month": "2009-09",
            "price": "58.40",
            "revenue": 3744729
        },
        "2009-10": {
            "month": "2009-10",
            "price": "57.11",
            "revenue": 4604797
        },
        "2009-11": {
            "month": "2009-11",
            "price": "58.61",
            "revenue": 3787355
        },
        "2009-12": {
            "month": "2009-12",
            "price": "61.31",
            "revenue": 2114316
        },
        "2010-01": {
            "month": "2010-01",
            "price": "62.40",
            "revenue": 1209849
        },
        "2010-02": {
            "month": "2010-02",
            "price": "52.34",
            "revenue": 1341011
        },
        "2010-03": {
            "month": "2010-03",
            "price": "53.20",
            "revenue": 2837145
        },
        "2010-04": {
            "month": "2010-04",
            "price": "55.46",
            "revenue": 2540669
        },
        "2010-05": {
            "month": "2010-05",
            "price": "44.97",
            "revenue": 2368142
        },
        "2010-06": {
            "month": "2010-06",
            "price": "43.90",
            "revenue": 2508593
        },
        "2010-07": {
            "month": "2010-07",
            "price": "46.84",
            "revenue": 2231931
        },
        "2010-08": {
            "month": "2010-08",
            "price": "48.57",
            "revenue": 2670577
        },
        "2010-09": {
            "month": "2010-09",
            "price": "47.93",
            "revenue": 4118601
        },
        "2010-10": {
            "month": "2010-10",
            "price": "46.39",
            "revenue": 3852139
        },
        "2010-11": {
            "month": "2010-11",
            "price": "42.28",
            "revenue": 3455930
        },
        "2010-12": {
            "month": "2010-12",
            "price": "43.88",
            "revenue": 1878741
        },
        "2011-01": {
            "month": "2011-01",
            "price": "43.96",
            "revenue": 1278327
        },
        "2011-02": {
            "month": "2011-02",
            "price": "41.57",
            "revenue": 1300007
        },
        "2011-03": {
            "month": "2011-03",
            "price": "40.72",
            "revenue": 3203578
        },
        "2011-04": {
            "month": "2011-04",
            "price": "40.07",
            "revenue": 2339279
        },
        "2011-05": {
            "month": "2011-05",
            "price": "37.97",
            "revenue": 2550793
        },
        "2011-06": {
            "month": "2011-06",
            "price": "40.06",
            "revenue": 2270828
        },
        "2011-07": {
            "month": "2011-07",
            "price": "39.98",
            "revenue": 2236399
        },
        "2011-08": {
            "month": "2011-08",
            "price": "33.05",
            "revenue": 2515496
        },
        "2011-09": {
            "month": "2011-09",
            "price": "32.65",
            "revenue": 3474092
        },
        "2011-10": {
            "month": "2011-10",
            "price": "29.20",
            "revenue": 2943274
        },
        "2011-11": {
            "month": "2011-11",
            "price": "26.35",
            "revenue": 2391276
        },
        "2011-12": {
            "month": "2011-12",
            "price": "24.47",
            "revenue": 1358140
        },
        "2012-01": {
            "month": "2012-01",
            "price": "24.59",
            "revenue": 1167784
        },
        "2012-02": {
            "month": "2012-02",
            "price": "27.30",
            "revenue": 2177589
        },
        "2012-03": {
            "month": "2012-03",
            "price": "27.53",
            "revenue": 2982862
        },
        "2012-04": {
            "month": "2012-04",
            "price": "23.65",
            "revenue": 2433140
        },
        "2012-05": {
            "month": "2012-05",
            "price": "21.84",
            "revenue": 2293411
        },
        "2012-06": {
            "month": "2012-06",
            "price": "19.99",
            "revenue": 2366381
        },
        "2012-07": {
            "month": "2012-07",
            "price": "18.16",
            "revenue": 2001925
        },
        "2012-08": {
            "month": "2012-08",
            "price": "16.58",
            "revenue": 2025752
        },
        "2012-09": {
            "month": "2012-09",
            "price": "17.39",
            "revenue": 2181865
        },
        "2012-10": {
            "month": "2012-10",
            "price": "16.04",
            "revenue": 2067932
        },
        "2012-11": {
            "month": "2012-11",
            "price": "15.14",
            "revenue": 1634790
        },
        "2012-12": {
            "month": "2012-12",
            "price": "16.76",
            "revenue": 1242027
        },
        "2013-01": {
            "month": "2013-01",
            "price": "17.15",
            "revenue": 1185955
        },
        "2013-02": {
            "month": "2013-02",
            "price": "17.10",
            "revenue": 1251218
        },
        "2013-03": {
            "month": "2013-03",
            "price": "17.95",
            "revenue": 1577131
        },
        "2013-04": {
            "month": "2013-04",
            "price": "18.21",
            "revenue": 1515365
        },
        "2013-05": {
            "month": "2013-05",
            "price": "19.10",
            "revenue": 1554139
        },
        "2013-06": {
            "month": "2013-06",
            "price": "18.17",
            "revenue": 1784027
        },
        "2013-07": {
            "month": "2013-07",
            "price": "17.09",
            "revenue": 1707180
        },
        "2013-08": {
            "month": "2013-08",
            "price": "16.31",
            "revenue": 2549691
        },
        "2013-09": {
            "month": "2013-09",
            "price": "20.41",
            "revenue": 2076740
        },
        "2013-10": {
            "month": "2013-10",
            "price": "20.98",
            "revenue": 1405229
        },
        "2013-11": {
            "month": "2013-11",
            "price": "18.65",
            "revenue": 1534173
        },
        "2013-12": {
            "month": "2013-12",
            "price": "19.35",
            "revenue": 1024976
        },
        "2014-01": {
            "month": "2014-01",
            "price": "25.66",
            "revenue": 1119635
        },
        "2014-02": {
            "month": "2014-02",
            "price": "30.55",
            "revenue": 1111942
        },
        "2014-03": {
            "month": "2014-03",
            "price": "30.25",
            "revenue": 1572680
        },
        "2014-04": {
            "month": "2014-04",
            "price": "32.19",
            "revenue": 1819244
        },
        "2014-05": {
            "month": "2014-05",
            "price": "30.55",
            "revenue": 1746281
        },
        "2014-06": {
            "month": "2014-06",
            "price": "29.64",
            "revenue": 1286001
        },
        "2014-07": {
            "month": "2014-07",
            "price": "25.24",
            "revenue": 1064330
        },
        "2014-08": {
            "month": "2014-08",
            "price": "23.47",
            "revenue": 1336172
        },
        "2014-09": {
            "month": "2014-09",
            "price": "25.05",
            "revenue": 1120178
        },
        "2014-10": {
            "month": "2014-10",
            "price": "28.27",
            "revenue": 1005548
        },
        "2014-11": {
            "month": "2014-11",
            "price": "35.86",
            "revenue": 1127256
        },
        "2014-12": {
            "month": "2014-12",
            "price": "36.99",
            "revenue": 1121816
        },
        "2015-01": {
            "month": "2015-01",
            "price": "37.02",
            "revenue": 961548
        },
        "2015-02": {
            "month": "2015-02",
            "price": "37.22",
            "revenue": 703735
        },
        "2015-03": {
            "month": "2015-03",
            "price": "37.10",
            "revenue": 913895
        },
        "2015-04": {
            "month": "2015-04",
            "price": "35.08",
            "revenue": 1104086
        },
        "2015-05": {
            "month": "2015-05",
            "price": "31.42",
            "revenue": 965433
        },
        "2015-06": {
            "month": "2015-06",
            "price": "29.46",
            "revenue": 954686
        },
        "2015-07": {
            "month": "2015-07",
            "price": "26.12",
            "revenue": 1149051
        },
        "2015-08": {
            "month": "2015-08",
            "price": "22.65",
            "revenue": 1446351
        },
        "2015-09": {
            "month": "2015-09",
            "price": "24.25",
            "revenue": 1200760
        },
        "2015-10": {
            "month": "2015-10",
            "price": "28.17",
            "revenue": 1136596
        },
        "2015-11": {
            "month": "2015-11",
            "price": "29.19",
            "revenue": 987570
        },
        "2015-12": {
            "month": "2015-12",
            "price": "27.78",
            "revenue": 968318
        },
        "2016-01": {
            "month": "2016-01",
            "price": "24.76",
            "revenue": 820421
        },
        "2016-02": {
            "month": "2016-02",
            "price": "27.51",
            "revenue": 653889
        },
        "2016-03": {
            "month": "2016-03",
            "price": "28.11",
            "revenue": 950530
        },
        "2016-04": {
            "month": "2016-04",
            "price": "25.56",
            "revenue": 950999
        },
        "2016-05": {
            "month": "2016-05",
            "price": "21.10",
            "revenue": 947856
        },
        "2016-06": {
            "month": "2016-06",
            "price": "21.50",
            "revenue": 890381
        },
        "2016-07": {
            "month": "2016-07",
            "price": "22.45",
            "revenue": 885128
        },
        "2016-08": {
            "month": "2016-08",
            "price": "22.40",
            "revenue": 860374
        },
        "2016-09": {
            "month": "2016-09",
            "price": "22.52",
            "revenue": 1178657
        },
        "2016-10": {
            "month": "2016-10",
            "price": "23.07",
            "revenue": 970710
        },
        "2016-11": {
            "month": "2016-11",
            "price": "21.30",
            "revenue": 1174217
        },
        "2016-12": {
            "month": "2016-12",
            "price": "22.13",
            "revenue": 1293886
        },
        "2017-01": {
            "month": "2017-01",
            "price": "23.41",
            "revenue": 856422
        },
        "2017-02": {
            "month": "2017-02",
            "price": "24.51",
            "revenue": 766525
        },
        "2017-03": {
            "month": "2017-03",
            "price": "25.24",
            "revenue": 1038160
        },
        "2017-04": {
            "month": "2017-04",
            "price": "24.95",
            "revenue": 875918
        },
        "2017-05": {
            "month": "2017-05",
            "price": "24.47",
            "revenue": 767146
        },
        "2017-06": {
            "month": "2017-06",
            "price": "24.58",
            "revenue": 829979
        },
        "2017-07": {
            "month": "2017-07",
            "price": "25.17",
            "revenue": 842340
        },
        "2017-08": {
            "month": "2017-08",
            "price": "30.92",
            "revenue": 859830
        },
        "2017-09": {
            "month": "2017-09",
            "price": "31.65",
            "revenue": 932777
        },
        "2017-10": {
            "month": "2017-10",
            "price": "28.64",
            "revenue": 780617
        },
        "2017-11": {
            "month": "2017-11",
            "price": "27.32",
            "revenue": 1032642
        },
        "2017-12": {
            "month": "2017-12",
            "price": "32.13",
            "revenue": 970418
        },
        "2018-01": {
            "month": "2018-01",
            "price": "33.72",
            "revenue": 822317
        },
        "2018-02": {
            "month": "2018-02",
            "price": "29.67",
            "revenue": 548628
        },
        "2018-03": {
            "month": "2018-03",
            "price": "29.29",
            "revenue": 965368
        },
        "2018-04": {
            "month": "2018-04",
            "price": "30.58",
            "revenue": 988197
        },
        "2018-05": {
            "month": "2018-05",
            "price": "31.50",
            "revenue": 1171243
        },
        "2018-06": {
            "month": "2018-06",
            "price": "37.49",
            "revenue": 1295793
        },
        "2018-07": {
            "month": "2018-07",
            "price": "38.21",
            "revenue": 1272885
        },
        "2018-08": {
            "month": "2018-08",
            "price": "34.77",
            "revenue": 910713
        },
        "2018-09": {
            "month": "2018-09",
            "price": "28.29",
            "revenue": 902770
        },
        "2018-10": {
            "month": "2018-10",
            "price": "23.00",
            "revenue": 817224
        },
        "2018-11": {
            "month": "2018-11",
            "price": "25.05",
            "revenue": 790167
        },
        "2018-12": {
            "month": "2018-12",
            "price": "26.20",
            "revenue": 708264
        },
        "2019-01": {
            "month": "2019-01",
            "price": "26.06",
            "revenue": 751526
        },
        "2019-02": {
            "month": "2019-02",
            "price": "27.53",
            "revenue": 447267
        },
        "2019-03": {
            "month": "2019-03",
            "price": "27.60",
            "revenue": 525160
        },
        "2019-04": {
            "month": "2019-04",
            "price": "27.91",
            "revenue": 512755
        },
        "2019-05": {
            "month": "2019-05",
            "price": "25.02",
            "revenue": 500851
        },
        "2019-06": {
            "month": "2019-06",
            "price": "25.56",
            "revenue": 483230
        },
        "2019-07": {
            "month": "2019-07",
            "price": "25.46",
            "revenue": 555828
        },
        "2019-08": {
            "month": "2019-08",
            "price": "23.82",
            "revenue": 538407
        },
        "2019-09": {
            "month": "2019-09",
            "price": "25.01",
            "revenue": 481460
        },
        "2019-10": {
            "month": "2019-10",
            "price": "24.01",
            "revenue": 465912
        },
        "2019-11": {
            "month": "2019-11",
            "price": "23.28",
            "revenue": 487245
        },
        "2019-12": {
            "month": "2019-12",
            "price": "23.72",
            "revenue": 439711
        },
        "2020-01": {
            "month": "2020-01",
            "price": "22.82",
            "revenue": 421600
        },
        "2020-02": {
            "month": "2020-02",
            "price": "21.16",
            "revenue": 328057
        },
        "2020-03": {
            "month": "2020-03",
            "price": "18.34",
            "revenue": 364086
        },
        "2020-04": {
            "month": "2020-04",
            "price": "18.57",
            "revenue": 516207
        },
        "2020-05": {
            "month": "2020-05",
            "price": "22.05",
            "revenue": 504589
        },
        "2020-06": {
            "month": "2020-06",
            "price": "24.80",
            "revenue": 502959
        },
        "2020-07": {
            "month": "2020-07",
            "price": "26.64",
            "revenue": 535340
        },
        "2020-08": {
            "month": "2020-08",
            "price": "26.67",
            "revenue": 521974
        },
        "2020-09": {
            "month": "2020-09",
            "price": "26.38",
            "revenue": 558161
        },
        "2020-10": {
            "month": "2020-10",
            "price": "26.59",
            "revenue": 529412
        },
        "2020-11": {
            "month": "2020-11",
            "price": "26.40",
            "revenue": 608262
        },
        "2020-12": {
            "month": "2020-12",
            "price": "32.98",
            "revenue": 712028
        },
        "2021-01": {
            "month": "2021-01",
            "price": "33.70",
            "revenue": 617977
        },
        "2021-02": {
            "month": "2021-02",
            "price": "35.35",
            "revenue": 530135
        },
        "2021-03": {
            "month": "2021-03",
            "price": "35.88",
            "revenue": 832751
        },
        "2021-04": {
            "month": "2021-04",
            "price": "42.63",
            "revenue": 748711
        },
        "2021-05": {
            "month": "2021-05",
            "price": "33.79",
            "revenue": 741589
        },
        "2021-06": {
            "month": "2021-06",
            "price": "36.15",
            "revenue": 812041
        },
        "2021-07": {
            "month": "2021-07",
            "price": "38.53",
            "revenue": 894091
        },
        "2021-08": {
            "month": "2021-08",
            "price": "35.55",
            "revenue": 868201
        },
        "2021-09": {
            "month": "2021-09",
            "price": "35.84",
            "revenue": 708070
        },
        "2021-10": {
            "month": "2021-10",
            "price": "33.83",
            "revenue": 602091
        },
        "2021-11": {
            "month": "2021-11",
            "price": "39.11",
            "revenue": 702969
        },
        "2021-12": {
            "month": "2021-12",
            "price": "45.08",
            "revenue": 1027148
        },
        "2022-01": {
            "month": "2022-01",
            "price": "46.16",
            "revenue": 1196336
        },
        "2022-02": {
            "month": "2022-02",
            "price": "47.73",
            "revenue": 1053301
        },
        "2022-03": {
            "month": "2022-03",
            "price": "43.32",
            "revenue": 1323132
        },
        "2022-04": {
            "month": "2022-04",
            "price": "39.36",
            "revenue": 600491
        },
        "2022-05": {
            "month": "2022-05",
            "price": "37.10",
            "revenue": 1171121
        },
        "2022-06": {
            "month": "2022-06",
            "price": "36.79",
            "revenue": 1380754
        },
        "2022-07": {
            "month": "2022-07",
            "price": "35.91",
            "revenue": 1250957
        },
        "2022-08": {
            "month": "2022-08",
            "price": "36.83",
            "revenue": 1380336
        },
        "2022-09": {
            "month": "2022-09",
            "price": "35.47",
            "revenue": 1382248
        },
        "2022-10": {
            "month": "2022-10",
            "price": "33.47",
            "revenue": 1244698
        },
        "2022-11": {
            "month": "2022-11",
            "price": "35.71",
            "revenue": 1125367
        },
        "2022-12": {
            "month": "2022-12",
            "price": "35.09",
            "revenue": 919420
        },
        "2023-01": {
            "month": "2023-01",
            "price": "32.95",
            "revenue": 784667
        },
        "2023-02": {
            "month": "2023-02",
            "price": "34.72",
            "revenue": 723739
        },
        "2023-03": {
            "month": "2023-03",
            "price": "34.62",
            "revenue": 745171
        },
        "2023-04": {
            "month": "2023-04",
            "price": "34.77",
            "revenue": 753477
        },
        "2023-05": {
            "month": "2023-05",
            "price": "33.72",
            "revenue": 707358
        },
        "2023-06": {
            "month": "2023-06",
            "price": "35.18",
            "revenue": 748000
        },
        "2023-07": {
            "month": "2023-07",
            "price": "34.08",
            "revenue": 772022
        },
        "2023-08": {
            "month": "2023-08",
            "price": "33.96",
            "revenue": 767292
        },
        "2023-09": {
            "month": "2023-09",
            "price": "34.64",
            "revenue": 755975
        },
        "2023-10": {
            "month": "2023-10",
            "price": "34.00",
            "revenue": 807614
        },
        "2023-11": {
            "month": "2023-11",
            "price": "36.29",
            "revenue": 759082
        },
        "2023-12": {
            "month": "2023-12",
            "price": "37.54",
            "revenue": 774851
        }
    }
}
