{
    "summary": {
        "stock_name": "銘異",
        "stock_id": "3060",
        "category": "電腦及週邊設備",
        "main_business": "硬碟機零組件<br>其他",
        "website_url": "http://www.minaik.com.tw",
        "ceo": "謝錦興",
        "pe_ratio": -12,
        "report_year_from": 2001,
        "report_year_to": 2023,
        "age": 22,
        "eps_negative_percentage": 18,
        "eps_growth_avg": {
            "last_all": -11.76,
            "last_2y": -78.52,
            "last_4y": -89.26,
            "last_8y": -46.65,
            "last_12y": -20.81,
            "last_16y": -17.15,
            "last_20y": null,
            "at_2006_last_3y": 14.98,
            "at_2007_last_3y": -3.27,
            "at_2008_last_3y": -3.03,
            "at_2009_last_3y": -7.99,
            "at_2010_last_3y": 12.05,
            "at_2011_last_3y": -2.69,
            "at_2012_last_3y": 22.03,
            "at_2013_last_3y": 17.95,
            "at_2014_last_3y": 2.73,
            "at_2015_last_3y": 22.92,
            "at_2016_last_3y": -19.99,
            "at_2017_last_3y": -25.34,
            "at_2018_last_3y": -60.13,
            "at_2019_last_3y": -81.61,
            "at_2020_last_3y": -86.59,
            "at_2021_last_3y": -100,
            "at_2022_last_3y": -78.52,
            "at_2023_last_3y": -78.52,
            "at_2006_last_all": 14.98,
            "at_2007_last_all": 8.48,
            "at_2008_last_all": 7.26,
            "at_2009_last_all": 1.16,
            "at_2010_last_all": 13.51,
            "at_2011_last_all": 3.52,
            "at_2012_last_all": 13.17,
            "at_2013_last_all": 7.26,
            "at_2014_last_all": 9.92,
            "at_2015_last_all": 9.49,
            "at_2016_last_all": 3.69,
            "at_2017_last_all": -1.43,
            "at_2018_last_all": -7.59,
            "at_2019_last_all": -7.59,
            "at_2020_last_all": -7.59,
            "at_2021_last_all": -7.59,
            "at_2022_last_all": -11.76,
            "at_2023_last_all": -11.76
        },
        "latest_eps": -1.66,
        "latest_price": 19.75,
        "latest_roe": -9.17,
        "latest_gross_margin": 9.51,
        "latest_equity": 2578208,
        "latest_revenue": 596291,
        "latest_gross_profit": 56716,
        "latest_net_income": -58578,
        "latest_debt_ratio": 37.73,
        "latest_current_ratio": 186.8,
        "latest_account_receivable_turnover_ratio": 1.05,
        "latest_inventory_turnover_ratio": 0.5,
        "latest_reinvestment_rate": null,
        "latest_research_to_sale_ratio": 4.74
    },
    "eps_dividends": {
        "2001": {
            "cash": 0,
            "stock": 0,
            "eps": 0
        },
        "2002": {
            "cash": 1,
            "stock": 2,
            "eps": 3.37
        },
        "2003": {
            "cash": 1.2,
            "stock": 1,
            "eps": 5.24
        },
        "2004": {
            "cash": 2.9,
            "stock": 1,
            "eps": 5.25
        },
        "2005": {
            "cash": 3.8,
            "stock": 0,
            "eps": 4.43
        },
        "2006": {
            "cash": 3.6,
            "stock": 0,
            "eps": 5.31
        },
        "2007": {
            "cash": 3.49,
            "stock": 0.97,
            "eps": 4.38
        },
        "2008": {
            "cash": 3.1,
            "stock": 0.5,
            "eps": 4.43
        },
        "2009": {
            "cash": 1.56,
            "stock": 1.5,
            "eps": 2.86
        },
        "2010": {
            "cash": 2.31,
            "stock": 0,
            "eps": 6.07
        },
        "2011": {
            "cash": 7.699999999999999,
            "stock": 0,
            "eps": 1.43
        },
        "2012": {
            "cash": 0,
            "stock": 0,
            "eps": 6.2
        },
        "2013": {
            "cash": 4.48,
            "stock": 0,
            "eps": 2.99
        },
        "2014": {
            "cash": 2.1,
            "stock": 0,
            "eps": 4.16
        },
        "2015": {
            "cash": 2.2,
            "stock": 0,
            "eps": 4.34
        },
        "2016": {
            "cash": 3.8,
            "stock": 0,
            "eps": 1.23
        },
        "2017": {
            "cash": 1.5,
            "stock": 0,
            "eps": 0.33
        },
        "2018": {
            "cash": 0.6,
            "stock": 0,
            "eps": -2.39
        },
        "2019": {
            "cash": 0,
            "stock": 0,
            "eps": -2.66
        },
        "2020": {
            "cash": 0,
            "stock": 0,
            "eps": -1.84
        },
        "2021": {
            "cash": 0,
            "stock": 0,
            "eps": 1.35
        },
        "2022": {
            "cash": 1,
            "stock": 0,
            "eps": 0.29
        },
        "2023": {
            "cash": 0.3,
            "stock": 0,
            "eps": -1.23
        }
    },
    "dividends": {
        "2002-05-28": {
            "cash": 1,
            "stock": 2
        },
        "2003-02-25": {
            "cash": 1.2,
            "stock": 1
        },
        "2004-03-03": {
            "cash": 2.9,
            "stock": 1
        },
        "2005-03-15": {
            "cash": 3.8,
            "stock": 0
        },
        "2006-04-25": {
            "cash": 3.6,
            "stock": 0
        },
        "2007-03-16": {
            "cash": 3.49,
            "stock": 0.97
        },
        "2008-03-25": {
            "cash": 3.1,
            "stock": 0.5
        },
        "2009-03-25": {
            "cash": 1.56,
            "stock": 1.5
        },
        "2010-03-26": {
            "cash": 2.31,
            "stock": 0
        },
        "2011-01-01": {
            "cash": 3.6,
            "stock": 0
        },
        "2011-03-18": {
            "cash": 4.1,
            "stock": 0
        },
        "2013-03-25": {
            "cash": 4.48,
            "stock": 0
        },
        "2014-06-18": {
            "cash": 2.1,
            "stock": 0
        },
        "2015-09-04": {
            "cash": 2.2,
            "stock": 0
        },
        "2016-08-02": {
            "cash": 3.8,
            "stock": 0
        },
        "2017-07-31": {
            "cash": 1.5,
            "stock": 0
        },
        "2018-07-31": {
            "cash": 0.6,
            "stock": 0
        },
        "2022-07-29": {
            "cash": 1,
            "stock": 0
        },
        "2023-08-28": {
            "cash": 0.3,
            "stock": 0
        }
    },
    "prices": {
        "200101": "無",
        "200102": "無",
        "200103": "無",
        "200104": "無",
        "200105": "無",
        "200106": "無",
        "200107": "無",
        "200108": "無",
        "200109": "無",
        "200110": "無",
        "200111": "無",
        "200112": "無",
        "200201": "無",
        "200202": "無",
        "200203": "無",
        "200204": "無",
        "200205": "無",
        "200206": "無",
        "200207": "無",
        "200208": "無",
        "200209": "無",
        "200210": "無",
        "200211": "無",
        "200212": "無",
        "200301": "無",
        "200302": "無",
        "200303": "無",
        "200304": "44.52",
        "200305": "48.35",
        "200306": "56.35",
        "200307": "56.35",
        "200308": "60.12",
        "200309": "65.93",
        "200310": "59.57",
        "200311": "61.12",
        "200312": "69.07",
        "200401": "78.67",
        "200402": "88.65",
        "200403": "85.76",
        "200404": "81.16",
        "200405": "69.12",
        "200406": "54.45",
        "200407": "52.57",
        "200408": "54.90",
        "200409": "64.38",
        "200410": "69.35",
        "200411": "66.59",
        "200412": "66.15",
        "200501": "64.12",
        "200502": "69.77",
        "200503": "69.19",
        "200504": "67.56",
        "200505": "57.25",
        "200506": "62.34",
        "200507": "62.92",
        "200508": "61.13",
        "200509": "55.74",
        "200510": "48.05",
        "200511": "45.30",
        "200512": "53.44",
        "200601": "55.94",
        "200602": "52.88",
        "200603": "48.84",
        "200604": "50.48",
        "200605": "48.26",
        "200606": "39.58",
        "200607": "38.36",
        "200608": "37.06",
        "200609": "37.39",
        "200610": "38.08",
        "200611": "42.58",
        "200612": "55.46",
        "200701": "66.69",
        "200702": "61.84",
        "200703": "67.02",
        "200704": "66.22",
        "200705": "61.33",
        "200706": "68.30",
        "200707": "79.53",
        "200708": "58.54",
        "200709": "48.84",
        "200710": "48.84",
        "200711": "39.91",
        "200712": "39.09",
        "200801": "37.05",
        "200802": "39.59",
        "200803": "42.60",
        "200804": "46.51",
        "200805": "51.06",
        "200806": "50.47",
        "200807": "42.06",
        "200808": "40.04",
        "200809": "37.20",
        "200810": "30.83",
        "200811": "24.09",
        "200812": "22.49",
        "200901": "22.34",
        "200902": "23.42",
        "200903": "25.42",
        "200904": "32.24",
        "200905": "34.13",
        "200906": "31.94",
        "200907": "30.60",
        "200908": "26.64",
        "200909": "32.95",
        "200910": "36.02",
        "200911": "43.21",
        "200912": "45.62",
        "201001": "45.95",
        "201002": "43.82",
        "201003": "50.87",
        "201004": "55.03",
        "201005": "51.33",
        "201006": "48.20",
        "201007": "51.62",
        "201008": "55.51",
        "201009": "55.32",
        "201010": "54.63",
        "201011": "52.20",
        "201012": "81.01",
        "201101": "87.42",
        "201102": "87.20",
        "201103": "84.07",
        "201104": "82.74",
        "201105": "82.54",
        "201106": "75.83",
        "201107": "73.55",
        "201108": "68.56",
        "201109": "65.44",
        "201110": "60.97",
        "201111": "55.27",
        "201112": "53.01",
        "201201": "54.91",
        "201202": "67.18",
        "201203": "70.91",
        "201204": "70.83",
        "201205": "70.65",
        "201206": "72.15",
        "201207": "70.87",
        "201208": "76.68",
        "201209": "87.60",
        "201210": "83.33",
        "201211": "84.30",
        "201212": "86.91",
        "201301": "87.02",
        "201302": "90.77",
        "201303": "85.35",
        "201304": "80.24",
        "201305": "84.09",
        "201306": "82.61",
        "201307": "82.63",
        "201308": "107.23",
        "201309": "127.30",
        "201310": "136.23",
        "201311": "140.98",
        "201312": "153.48",
        "201401": "172.58",
        "201402": "171.74",
        "201403": "175.40",
        "201404": "179.45",
        "201405": "168.40",
        "201406": "164.72",
        "201407": "183.07",
        "201408": "165.33",
        "201409": "160.76",
        "201410": "151.75",
        "201411": "142.75",
        "201412": "162.15",
        "201501": "153.82",
        "201502": "148.31",
        "201503": "145.91",
        "201504": "117.25",
        "201505": "112.22",
        "201506": "100.49",
        "201507": "73.45",
        "201508": "54.08",
        "201509": "54.77",
        "201510": "62.29",
        "201511": "59.71",
        "201512": "55.51",
        "201601": "49.60",
        "201602": "51.07",
        "201603": "55.79",
        "201604": "52.32",
        "201605": "45.09",
        "201606": "42.81",
        "201607": "42.02",
        "201608": "40.36",
        "201609": "39.55",
        "201610": "38.60",
        "201611": "31.60",
        "201612": "30.43",
        "201701": "32.49",
        "201702": "35.69",
        "201703": "35.49",
        "201704": "31.60",
        "201705": "30.08",
        "201706": "30.10",
        "201707": "31.29",
        "201708": "28.53",
        "201709": "28.73",
        "201710": "28.22",
        "201711": "29.69",
        "201712": "27.18",
        "201801": "27.12",
        "201802": "24.00",
        "201803": "24.04",
        "201804": "22.97",
        "201805": "21.50",
        "201806": "22.07",
        "201807": "19.88",
        "201808": "17.80",
        "201809": "16.73",
        "201810": "16.16",
        "201811": "14.85",
        "201812": "15.17",
        "201901": "15.04",
        "201902": "16.58",
        "201903": "16.76",
        "201904": "16.34",
        "201905": "14.38",
        "201906": "13.63",
        "201907": "14.38",
        "201908": "13.97",
        "201909": "13.89",
        "201910": "13.65",
        "201911": "12.95",
        "201912": "13.56",
        "202001": "12.71",
        "202002": "12.84",
        "202003": "12.71",
        "202004": "11.80",
        "202005": "13.03",
        "202006": "13.48",
        "202007": "14.19",
        "202008": "13.88",
        "202009": "14.02",
        "202010": "13.97",
        "202011": "13.81",
        "202012": "15.15",
        "202101": "14.78",
        "202102": "14.63",
        "202103": "15.17",
        "202104": "22.09",
        "202105": "26.58",
        "202106": "28.54",
        "202107": "25.43",
        "202108": "23.13",
        "202109": "22.78",
        "202110": "20.65",
        "202111": "24.37",
        "202112": "25.98",
        "202201": "24.20",
        "202202": "23.49",
        "202203": "22.48",
        "202204": "21.37",
        "202205": "20.42",
        "202206": "20.39",
        "202207": "17.92",
        "202208": "19.32",
        "202209": "18.45",
        "202210": "16.64",
        "202211": "16.86",
        "202212": "16.80",
        "202301": "16.42",
        "202302": "17.44",
        "202303": "17.69",
        "202304": "17.60",
        "202305": "17.19",
        "202306": "17.54",
        "202307": "20.41",
        "202308": "19.18",
        "202309": "19.51",
        "202310": "19.46"
    },
    "quarters": {
        "20011": {
            "year_quarter": 20011,
            "year": 2001,
            "quarter": 1,
            "eps": null,
            "eps_growth_year": null,
            "eps_4q": null,
            "eps_4q_growth_year": null,
            "roe": null,
            "roe_4q": 0,
            "gross_profit": null,
            "gross_margin": null,
            "gross_margin_4q_avg": 0,
            "net_income": null,
            "net_income_4q": null,
            "revenue": null,
            "revenue_4q": null,
            "common_shares": null,
            "book_valuer_per_share": null,
            "book_valuer_per_share_4q_avg": 0,
            "equity": null,
            "current_ratio": null,
            "debt_ratio": null,
            "inventory_turnover_ratio": null,
            "account_receivable_turnover_ratio": null,
            "reinvestment_rate": null,
            "research_to_sale_ratio": null,
            "price_fair": 0,
            "eps_avg_yearly": 0,
            "eps_latest_yearly": 0,
            "eps_growth_yearly": 0
        },
        "20012": {
            "year_quarter": 20012,
            "year": 2001,
            "quarter": 2,
            "eps": null,
            "eps_growth_year": null,
            "eps_4q": null,
            "eps_4q_growth_year": null,
            "roe": null,
            "roe_4q": 0,
            "gross_profit": null,
            "gross_margin": null,
            "gross_margin_4q_avg": 0,
            "net_income": null,
            "net_income_4q": null,
            "revenue": null,
            "revenue_4q": null,
            "common_shares": null,
            "book_valuer_per_share": null,
            "book_valuer_per_share_4q_avg": 0,
            "equity": null,
            "current_ratio": null,
            "debt_ratio": null,
            "inventory_turnover_ratio": null,
            "account_receivable_turnover_ratio": null,
            "reinvestment_rate": null,
            "research_to_sale_ratio": null,
            "price_fair": 0,
            "eps_avg_yearly": 0,
            "eps_latest_yearly": 0,
            "eps_growth_yearly": 0
        },
        "20013": {
            "year_quarter": 20013,
            "year": 2001,
            "quarter": 3,
            "eps": null,
            "eps_growth_year": null,
            "eps_4q": null,
            "eps_4q_growth_year": null,
            "roe": null,
            "roe_4q": 0,
            "gross_profit": null,
            "gross_margin": null,
            "gross_margin_4q_avg": 0,
            "net_income": null,
            "net_income_4q": null,
            "revenue": null,
            "revenue_4q": null,
            "common_shares": null,
            "book_valuer_per_share": null,
            "book_valuer_per_share_4q_avg": 0,
            "equity": null,
            "current_ratio": null,
            "debt_ratio": null,
            "inventory_turnover_ratio": null,
            "account_receivable_turnover_ratio": null,
            "reinvestment_rate": null,
            "research_to_sale_ratio": null,
            "price_fair": 0,
            "eps_avg_yearly": 0,
            "eps_latest_yearly": 0,
            "eps_growth_yearly": 0
        },
        "20014": {
            "year_quarter": 20014,
            "year": 2001,
            "quarter": 4,
            "eps": null,
            "eps_growth_year": null,
            "eps_4q": null,
            "eps_4q_growth_year": null,
            "roe": null,
            "roe_4q": 0,
            "gross_profit": null,
            "gross_margin": null,
            "gross_margin_4q_avg": 0,
            "net_income": null,
            "net_income_4q": null,
            "revenue": null,
            "revenue_4q": null,
            "common_shares": 550000,
            "book_valuer_per_share": 14.69,
            "book_valuer_per_share_4q_avg": 3.67,
            "equity": 807877,
            "current_ratio": 188.51,
            "debt_ratio": 42.3,
            "inventory_turnover_ratio": null,
            "account_receivable_turnover_ratio": null,
            "reinvestment_rate": null,
            "research_to_sale_ratio": null,
            "price_fair": 0,
            "eps_avg_yearly": 0,
            "eps_latest_yearly": 0,
            "eps_growth_yearly": 0
        },
        "20021": {
            "year_quarter": 20021,
            "year": 2002,
            "quarter": 1,
            "eps": 1.26,
            "eps_growth_year": null,
            "eps_4q": null,
            "eps_4q_growth_year": null,
            "roe": 8.22,
            "roe_4q": 8.22,
            "gross_profit": 148050,
            "gross_margin": 24.49,
            "gross_margin_4q_avg": 6.12,
            "net_income": 69256,
            "net_income_4q": null,
            "revenue": 604439,
            "revenue_4q": null,
            "common_shares": 550000,
            "book_valuer_per_share": 15.95,
            "book_valuer_per_share_4q_avg": 7.66,
            "equity": 877199,
            "current_ratio": 186.16,
            "debt_ratio": 39.76,
            "inventory_turnover_ratio": 2.63,
            "account_receivable_turnover_ratio": null,
            "reinvestment_rate": null,
            "research_to_sale_ratio": null,
            "price_fair": 0,
            "eps_avg_yearly": 0,
            "eps_latest_yearly": 0,
            "eps_growth_yearly": 0
        },
        "20022": {
            "year_quarter": 20022,
            "year": 2002,
            "quarter": 2,
            "eps": 0.24,
            "eps_growth_year": null,
            "eps_4q": null,
            "eps_4q_growth_year": null,
            "roe": 1.91,
            "roe_4q": 10.13,
            "gross_profit": 117685,
            "gross_margin": 20.72,
            "gross_margin_4q_avg": 11.3,
            "net_income": 16315,
            "net_income_4q": null,
            "revenue": 568068,
            "revenue_4q": null,
            "common_shares": 679500,
            "book_valuer_per_share": 12.21,
            "book_valuer_per_share_4q_avg": 10.71,
            "equity": 829478,
            "current_ratio": 175.63,
            "debt_ratio": 42.18,
            "inventory_turnover_ratio": 2.95,
            "account_receivable_turnover_ratio": null,
            "reinvestment_rate": null,
            "research_to_sale_ratio": null,
            "price_fair": 2.88,
            "eps_avg_yearly": 0.96,
            "eps_latest_yearly": 0.96,
            "eps_growth_yearly": -323.81
        },
        "20023": {
            "year_quarter": 20023,
            "year": 2002,
            "quarter": 3,
            "eps": 0.89,
            "eps_growth_year": null,
            "eps_4q": null,
            "eps_4q_growth_year": null,
            "roe": 6.26,
            "roe_4q": 16.39,
            "gross_profit": 133575,
            "gross_margin": 20.19,
            "gross_margin_4q_avg": 16.35,
            "net_income": 62203,
            "net_income_4q": null,
            "revenue": 661492,
            "revenue_4q": null,
            "common_shares": 779500,
            "book_valuer_per_share": 14.84,
            "book_valuer_per_share_4q_avg": 14.42,
            "equity": 1156485,
            "current_ratio": 222.06,
            "debt_ratio": 33.21,
            "inventory_turnover_ratio": 3.44,
            "account_receivable_turnover_ratio": null,
            "reinvestment_rate": null,
            "research_to_sale_ratio": null,
            "price_fair": 79.1,
            "eps_avg_yearly": 2.26,
            "eps_latest_yearly": 3.56,
            "eps_growth_yearly": 379.76
        },
        "20024": {
            "year_quarter": 20024,
            "year": 2002,
            "quarter": 4,
            "eps": 0.98,
            "eps_growth_year": null,
            "eps_4q": 3.02,
            "eps_4q_growth_year": null,
            "roe": 5.79,
            "roe_4q": 22.18,
            "gross_profit": 198830,
            "gross_margin": 24.09,
            "gross_margin_4q_avg": 22.37,
            "net_income": 70886,
            "net_income_4q": null,
            "revenue": 825366,
            "revenue_4q": null,
            "common_shares": 779500,
            "book_valuer_per_share": 15.75,
            "book_valuer_per_share_4q_avg": 14.69,
            "equity": 1293262,
            "current_ratio": 207.18,
            "debt_ratio": 40.27,
            "inventory_turnover_ratio": 2.96,
            "account_receivable_turnover_ratio": null,
            "reinvestment_rate": null,
            "research_to_sale_ratio": null,
            "price_fair": 98.47,
            "eps_avg_yearly": 2.81,
            "eps_latest_yearly": 3.92,
            "eps_growth_yearly": 266.66
        },
        "20031": {
            "year_quarter": 20031,
            "year": 2003,
            "quarter": 1,
            "eps": 1.31,
            "eps_growth_year": 3.97,
            "eps_4q": 3.22,
            "eps_4q_growth_year": null,
            "roe": 7.8,
            "roe_4q": 21.76,
            "gross_profit": 206385,
            "gross_margin": 23.03,
            "gross_margin_4q_avg": 22.01,
            "net_income": 102279,
            "net_income_4q": null,
            "revenue": 896215,
            "revenue_4q": null,
            "common_shares": 779500,
            "book_valuer_per_share": 17.06,
            "book_valuer_per_share_4q_avg": 14.97,
            "equity": 1329675,
            "current_ratio": 204.55,
            "debt_ratio": 37.38,
            "inventory_turnover_ratio": 3.08,
            "account_receivable_turnover_ratio": null,
            "reinvestment_rate": null,
            "research_to_sale_ratio": null,
            "price_fair": 119.7,
            "eps_avg_yearly": 3.42,
            "eps_latest_yearly": 5.24,
            "eps_growth_yearly": 233.67
        },
        "20032": {
            "year_quarter": 20032,
            "year": 2003,
            "quarter": 2,
            "eps": 1.02,
            "eps_growth_year": 325,
            "eps_4q": 3.74,
            "eps_4q_growth_year": null,
            "roe": 6.68,
            "roe_4q": 26.53,
            "gross_profit": 196999,
            "gross_margin": 21.99,
            "gross_margin_4q_avg": 22.33,
            "net_income": 88128,
            "net_income_4q": null,
            "revenue": 896048,
            "revenue_4q": null,
            "common_shares": 779500,
            "book_valuer_per_share": 16.77,
            "book_valuer_per_share_4q_avg": 16.11,
            "equity": 1307229,
            "current_ratio": 169.32,
            "debt_ratio": 42.24,
            "inventory_turnover_ratio": 3.92,
            "account_receivable_turnover_ratio": null,
            "reinvestment_rate": null,
            "research_to_sale_ratio": null,
            "price_fair": 124.32,
            "eps_avg_yearly": 3.55,
            "eps_latest_yearly": 4.08,
            "eps_growth_yearly": 169.22
        },
        "20033": {
            "year_quarter": 20033,
            "year": 2003,
            "quarter": 3,
            "eps": 0.89,
            "eps_growth_year": 0,
            "eps_4q": 3.91,
            "eps_4q_growth_year": null,
            "roe": 5.72,
            "roe_4q": 25.99,
            "gross_profit": 232142,
            "gross_margin": 21.74,
            "gross_margin_4q_avg": 22.71,
            "net_income": 77036,
            "net_income_4q": null,
            "revenue": 1067773,
            "revenue_4q": null,
            "common_shares": 866000,
            "book_valuer_per_share": 15.98,
            "book_valuer_per_share_4q_avg": 16.39,
            "equity": 1384265,
            "current_ratio": 173.09,
            "debt_ratio": 41.61,
            "inventory_turnover_ratio": 4.65,
            "account_receivable_turnover_ratio": null,
            "reinvestment_rate": null,
            "research_to_sale_ratio": null,
            "price_fair": 124.37,
            "eps_avg_yearly": 3.55,
            "eps_latest_yearly": 3.56,
            "eps_growth_yearly": 132.52
        },
        "20034": {
            "year_quarter": 20034,
            "year": 2003,
            "quarter": 4,
            "eps": 2.02,
            "eps_growth_year": 106.12,
            "eps_4q": 5.11,
            "eps_4q_growth_year": 69,
            "roe": 11.71,
            "roe_4q": 31.91,
            "gross_profit": 286132,
            "gross_margin": 22.41,
            "gross_margin_4q_avg": 22.29,
            "net_income": 174896,
            "net_income_4q": null,
            "revenue": 1276581,
            "revenue_4q": null,
            "common_shares": 866000,
            "book_valuer_per_share": 17.99,
            "book_valuer_per_share_4q_avg": 16.95,
            "equity": 1603510,
            "current_ratio": 173.71,
            "debt_ratio": 47.84,
            "inventory_turnover_ratio": 3.59,
            "account_receivable_turnover_ratio": null,
            "reinvestment_rate": null,
            "research_to_sale_ratio": null,
            "price_fair": 147,
            "eps_avg_yearly": 4.2,
            "eps_latest_yearly": 8.08,
            "eps_growth_yearly": 186.14
        },
        "20041": {
            "year_quarter": 20041,
            "year": 2004,
            "quarter": 1,
            "eps": 1.41,
            "eps_growth_year": 7.63,
            "eps_4q": 5.34,
            "eps_4q_growth_year": 65.62,
            "roe": 7.45,
            "roe_4q": 31.56,
            "gross_profit": 245188,
            "gross_margin": 21.57,
            "gross_margin_4q_avg": 21.93,
            "net_income": 122038,
            "net_income_4q": null,
            "revenue": 1136506,
            "revenue_4q": null,
            "common_shares": 866000,
            "book_valuer_per_share": 19.29,
            "book_valuer_per_share_4q_avg": 17.51,
            "equity": 1670597,
            "current_ratio": 173.45,
            "debt_ratio": 40.76,
            "inventory_turnover_ratio": 3.24,
            "account_receivable_turnover_ratio": null,
            "reinvestment_rate": null,
            "research_to_sale_ratio": null,
            "price_fair": 153.3,
            "eps_avg_yearly": 4.38,
            "eps_latest_yearly": 5.64,
            "eps_growth_yearly": 147.78
        },
        "20042": {
            "year_quarter": 20042,
            "year": 2004,
            "quarter": 2,
            "eps": 1,
            "eps_growth_year": -1.96,
            "eps_4q": 4.86,
            "eps_4q_growth_year": 29.9,
            "roe": 6.14,
            "roe_4q": 31.02,
            "gross_profit": 221308,
            "gross_margin": 20.25,
            "gross_margin_4q_avg": 21.49,
            "net_income": 96791,
            "net_income_4q": null,
            "revenue": 1093134,
            "revenue_4q": null,
            "common_shares": 962700,
            "book_valuer_per_share": 15.38,
            "book_valuer_per_share_4q_avg": 17.16,
            "equity": 1480232,
            "current_ratio": 139.34,
            "debt_ratio": 45.04,
            "inventory_turnover_ratio": 5.16,
            "account_receivable_turnover_ratio": null,
            "reinvestment_rate": null,
            "research_to_sale_ratio": null,
            "price_fair": 151.82,
            "eps_avg_yearly": 4.34,
            "eps_latest_yearly": 4,
            "eps_growth_yearly": 118.43
        },
        "20043": {
            "year_quarter": 20043,
            "year": 2004,
            "quarter": 3,
            "eps": 1.66,
            "eps_growth_year": 86.52,
            "eps_4q": 5.73,
            "eps_4q_growth_year": 46.68,
            "roe": 10.28,
            "roe_4q": 35.58,
            "gross_profit": 258667,
            "gross_margin": 21.16,
            "gross_margin_4q_avg": 21.35,
            "net_income": 160452,
            "net_income_4q": null,
            "revenue": 1222540,
            "revenue_4q": null,
            "common_shares": 962700,
            "book_valuer_per_share": 17.04,
            "book_valuer_per_share_4q_avg": 17.43,
            "equity": 1640684,
            "current_ratio": 146.34,
            "debt_ratio": 43.93,
            "inventory_turnover_ratio": 6.07,
            "account_receivable_turnover_ratio": null,
            "reinvestment_rate": null,
            "research_to_sale_ratio": null,
            "price_fair": 159.88,
            "eps_avg_yearly": 4.57,
            "eps_latest_yearly": 6.64,
            "eps_growth_yearly": 132.99
        },
        "20044": {
            "year_quarter": 20044,
            "year": 2004,
            "quarter": 4,
            "eps": 1.18,
            "eps_growth_year": -41.58,
            "eps_4q": 5.08,
            "eps_4q_growth_year": -0.58,
            "roe": 6.65,
            "roe_4q": 30.52,
            "gross_profit": 260682,
            "gross_margin": 19.06,
            "gross_margin_4q_avg": 20.51,
            "net_income": 114773,
            "net_income_4q": null,
            "revenue": 1367877,
            "revenue_4q": null,
            "common_shares": 975680,
            "book_valuer_per_share": 17.84,
            "book_valuer_per_share_4q_avg": 17.39,
            "equity": 1810745,
            "current_ratio": 179.17,
            "debt_ratio": 44.7,
            "inventory_turnover_ratio": 3.57,
            "account_receivable_turnover_ratio": null,
            "reinvestment_rate": null,
            "research_to_sale_ratio": null,
            "price_fair": 160.36,
            "eps_avg_yearly": 4.58,
            "eps_latest_yearly": 4.72,
            "eps_growth_yearly": 110.39
        },
        "20051": {
            "year_quarter": 20051,
            "year": 2005,
            "quarter": 1,
            "eps": 1.09,
            "eps_growth_year": -22.7,
            "eps_4q": 4.87,
            "eps_4q_growth_year": -8.7,
            "roe": 5.83,
            "roe_4q": 28.9,
            "gross_profit": 189363,
            "gross_margin": 15.66,
            "gross_margin_4q_avg": 19.03,
            "net_income": 107151,
            "net_income_4q": null,
            "revenue": 1209602,
            "revenue_4q": null,
            "common_shares": 990970,
            "book_valuer_per_share": 18.81,
            "book_valuer_per_share_4q_avg": 17.27,
            "equity": 1863541,
            "current_ratio": 147.55,
            "debt_ratio": 42.62,
            "inventory_turnover_ratio": 3.05,
            "account_receivable_turnover_ratio": null,
            "reinvestment_rate": null,
            "research_to_sale_ratio": null,
            "price_fair": 159.72,
            "eps_avg_yearly": 4.56,
            "eps_latest_yearly": 4.36,
            "eps_growth_yearly": 98.64
        },
        "20052": {
            "year_quarter": 20052,
            "year": 2005,
            "quarter": 2,
            "eps": 0.85,
            "eps_growth_year": -15,
            "eps_4q": 4.72,
            "eps_4q_growth_year": -3.03,
            "roe": 4.97,
            "roe_4q": 27.730000000000004,
            "gross_profit": 185212,
            "gross_margin": 14.81,
            "gross_margin_4q_avg": 17.67,
            "net_income": 84065,
            "net_income_4q": null,
            "revenue": 1250187,
            "revenue_4q": null,
            "common_shares": 990970,
            "book_valuer_per_share": 15.36,
            "book_valuer_per_share_4q_avg": 17.26,
            "equity": 1521987,
            "current_ratio": 112.91,
            "debt_ratio": 56.93,
            "inventory_turnover_ratio": 4.9,
            "account_receivable_turnover_ratio": null,
            "reinvestment_rate": null,
            "research_to_sale_ratio": null,
            "price_fair": 156.58,
            "eps_avg_yearly": 4.47,
            "eps_latest_yearly": 3.4,
            "eps_growth_yearly": 84.28
        },
        "20053": {
            "year_quarter": 20053,
            "year": 2005,
            "quarter": 3,
            "eps": 1.33,
            "eps_growth_year": -19.88,
            "eps_4q": 4.42,
            "eps_4q_growth_year": -22.95,
            "roe": 8.22,
            "roe_4q": 25.67,
            "gross_profit": 179320,
            "gross_margin": 13.21,
            "gross_margin_4q_avg": 15.69,
            "net_income": 131811,
            "net_income_4q": null,
            "revenue": 1357563,
            "revenue_4q": null,
            "common_shares": 994200,
            "book_valuer_per_share": 16.93,
            "book_valuer_per_share_4q_avg": 17.24,
            "equity": 1683655,
            "current_ratio": 124.75,
            "debt_ratio": 53.9,
            "inventory_turnover_ratio": 5.4,
            "account_receivable_turnover_ratio": null,
            "reinvestment_rate": null,
            "research_to_sale_ratio": null,
            "price_fair": 158.7,
            "eps_avg_yearly": 4.53,
            "eps_latest_yearly": 5.32,
            "eps_growth_yearly": 94.4
        },
        "20054": {
            "year_quarter": 20054,
            "year": 2005,
            "quarter": 4,
            "eps": 1.16,
            "eps_growth_year": -1.69,
            "eps_4q": 4.4,
            "eps_4q_growth_year": -13.4,
            "roe": 6.29,
            "roe_4q": 25.310000000000002,
            "gross_profit": 179441,
            "gross_margin": 14.81,
            "gross_margin_4q_avg": 14.62,
            "net_income": 115694,
            "net_income_4q": null,
            "revenue": 1211458,
            "revenue_4q": null,
            "common_shares": 994900,
            "book_valuer_per_share": 18.12,
            "book_valuer_per_share_4q_avg": 17.31,
            "equity": 1997607,
            "current_ratio": 139.05,
            "debt_ratio": 58.93,
            "inventory_turnover_ratio": 1.73,
            "account_receivable_turnover_ratio": null,
            "reinvestment_rate": 41.55,
            "research_to_sale_ratio": null,
            "price_fair": 158.95,
            "eps_avg_yearly": 4.54,
            "eps_latest_yearly": 4.64,
            "eps_growth_yearly": 84.69
        },
        "20061": {
            "year_quarter": 20061,
            "year": 2006,
            "quarter": 1,
            "eps": 0.95,
            "eps_growth_year": -12.84,
            "eps_4q": 4.18,
            "eps_4q_growth_year": -14.2,
            "roe": 4.96,
            "roe_4q": 24.439999999999998,
            "gross_profit": 161072,
            "gross_margin": 10.68,
            "gross_margin_4q_avg": 13.38,
            "net_income": 97454,
            "net_income_4q": null,
            "revenue": 1507574,
            "revenue_4q": null,
            "common_shares": 1032780,
            "book_valuer_per_share": 18.67,
            "book_valuer_per_share_4q_avg": 17.27,
            "equity": 1928087,
            "current_ratio": 120.1,
            "debt_ratio": 49.81,
            "inventory_turnover_ratio": 2.33,
            "account_receivable_turnover_ratio": null,
            "reinvestment_rate": -1.39,
            "research_to_sale_ratio": null,
            "price_fair": 157.33,
            "eps_avg_yearly": 4.5,
            "eps_latest_yearly": 3.8,
            "eps_growth_yearly": 74.87
        },
        "20062": {
            "year_quarter": 20062,
            "year": 2006,
            "quarter": 2,
            "eps": 0.94,
            "eps_growth_year": 10.59,
            "eps_4q": 4.3,
            "eps_4q_growth_year": -8.83,
            "roe": 5.44,
            "roe_4q": 24.910000000000004,
            "gross_profit": 131164,
            "gross_margin": 11.1,
            "gross_margin_4q_avg": 12.45,
            "net_income": 96517,
            "net_income_4q": null,
            "revenue": 1181919,
            "revenue_4q": null,
            "common_shares": 1032780,
            "book_valuer_per_share": 15.69,
            "book_valuer_per_share_4q_avg": 17.35,
            "equity": 1620626,
            "current_ratio": 98.65,
            "debt_ratio": 59.01,
            "inventory_turnover_ratio": 6,
            "account_receivable_turnover_ratio": null,
            "reinvestment_rate": -1.31,
            "research_to_sale_ratio": null,
            "price_fair": 163.45,
            "eps_avg_yearly": 4.67,
            "eps_latest_yearly": 3.76,
            "eps_growth_yearly": 94.85
        },
        "20063": {
            "year_quarter": 20063,
            "year": 2006,
            "quarter": 3,
            "eps": 1.39,
            "eps_growth_year": 4.51,
            "eps_4q": 3.73,
            "eps_4q_growth_year": -15.46,
            "roe": 9.15,
            "roe_4q": 25.84,
            "gross_profit": 395860,
            "gross_margin": 14.59,
            "gross_margin_4q_avg": 12.8,
            "net_income": 168728,
            "net_income_4q": null,
            "revenue": 2713068,
            "revenue_4q": null,
            "common_shares": 1032780,
            "book_valuer_per_share": 17.32,
            "book_valuer_per_share_4q_avg": 17.45,
            "equity": 2065739,
            "current_ratio": 124.88,
            "debt_ratio": 65,
            "inventory_turnover_ratio": 4.59,
            "account_receivable_turnover_ratio": null,
            "reinvestment_rate": 60.23,
            "research_to_sale_ratio": null,
            "price_fair": 167.83,
            "eps_avg_yearly": 4.8,
            "eps_latest_yearly": 5.56,
            "eps_growth_yearly": 39.11
        },
        "20064": {
            "year_quarter": 20064,
            "year": 2006,
            "quarter": 4,
            "eps": 2.03,
            "eps_growth_year": 75,
            "eps_4q": 4.8,
            "eps_4q_growth_year": 9.14,
            "roe": 10.53,
            "roe_4q": 30.080000000000002,
            "gross_profit": 427850,
            "gross_margin": 14.61,
            "gross_margin_4q_avg": 12.75,
            "net_income": 231457,
            "net_income_4q": null,
            "revenue": 2928824,
            "revenue_4q": null,
            "common_shares": 1032780,
            "book_valuer_per_share": 19.67,
            "book_valuer_per_share_4q_avg": 17.84,
            "equity": 2329962,
            "current_ratio": 153.85,
            "debt_ratio": 63.09,
            "inventory_turnover_ratio": 2.77,
            "account_receivable_turnover_ratio": null,
            "reinvestment_rate": 49.15,
            "research_to_sale_ratio": null,
            "price_fair": 177.01,
            "eps_avg_yearly": 5.06,
            "eps_latest_yearly": 8.12,
            "eps_growth_yearly": 48.09
        },
        "20071": {
            "year_quarter": 20071,
            "year": 2007,
            "quarter": 1,
            "eps": 1.36,
            "eps_growth_year": 43.16,
            "eps_4q": 4.61,
            "eps_4q_growth_year": 10.26,
            "roe": 7.06,
            "roe_4q": 32.18,
            "gross_profit": 374658,
            "gross_margin": 13.07,
            "gross_margin_4q_avg": 13.34,
            "net_income": 174042,
            "net_income_4q": null,
            "revenue": 2867266,
            "revenue_4q": null,
            "common_shares": 1049336,
            "book_valuer_per_share": 21.61,
            "book_valuer_per_share_4q_avg": 18.57,
            "equity": 2599139,
            "current_ratio": 168.36,
            "debt_ratio": 58,
            "inventory_turnover_ratio": 2.66,
            "account_receivable_turnover_ratio": null,
            "reinvestment_rate": 53.13,
            "research_to_sale_ratio": null,
            "price_fair": 177.45,
            "eps_avg_yearly": 5.07,
            "eps_latest_yearly": 5.44,
            "eps_growth_yearly": 31.42
        },
        "20072": {
            "year_quarter": 20072,
            "year": 2007,
            "quarter": 2,
            "eps": 0.71,
            "eps_growth_year": -24.47,
            "eps_4q": 4.53,
            "eps_4q_growth_year": 5.41,
            "roe": 3.57,
            "roe_4q": 30.309999999999995,
            "gross_profit": 348524,
            "gross_margin": 10.95,
            "gross_margin_4q_avg": 13.31,
            "net_income": 90207,
            "net_income_4q": null,
            "revenue": 3183269,
            "revenue_4q": null,
            "common_shares": 1062700,
            "book_valuer_per_share": 19.52,
            "book_valuer_per_share_4q_avg": 19.53,
            "equity": 2458187,
            "current_ratio": 143.84,
            "debt_ratio": 63.58,
            "inventory_turnover_ratio": 3.14,
            "account_receivable_turnover_ratio": null,
            "reinvestment_rate": 62.55,
            "research_to_sale_ratio": null,
            "price_fair": 174.74,
            "eps_avg_yearly": 4.99,
            "eps_latest_yearly": 2.84,
            "eps_growth_yearly": 25.01
        },
        "20073": {
            "year_quarter": 20073,
            "year": 2007,
            "quarter": 3,
            "eps": 0.74,
            "eps_growth_year": -46.76,
            "eps_4q": 2.8,
            "eps_4q_growth_year": -25.12,
            "roe": 4.98,
            "roe_4q": 26.14,
            "gross_profit": 392769,
            "gross_margin": 12.77,
            "gross_margin_4q_avg": 12.85,
            "net_income": 137048,
            "net_income_4q": null,
            "revenue": 3076557,
            "revenue_4q": null,
            "common_shares": 1200158,
            "book_valuer_per_share": 18.84,
            "book_valuer_per_share_4q_avg": 19.91,
            "equity": 3051209,
            "current_ratio": 158.78,
            "debt_ratio": 56.81,
            "inventory_turnover_ratio": 2.54,
            "account_receivable_turnover_ratio": null,
            "reinvestment_rate": 59.51,
            "research_to_sale_ratio": null,
            "price_fair": 173.43,
            "eps_avg_yearly": 4.96,
            "eps_latest_yearly": 2.96,
            "eps_growth_yearly": 29.25
        },
        "20074": {
            "year_quarter": 20074,
            "year": 2007,
            "quarter": 4,
            "eps": 1.57,
            "eps_growth_year": -22.66,
            "eps_4q": 3.53,
            "eps_4q_growth_year": -26.44,
            "roe": 6.95,
            "roe_4q": 22.56,
            "gross_profit": 457904,
            "gross_margin": 12.09,
            "gross_margin_4q_avg": 12.22,
            "net_income": 218670,
            "net_income_4q": null,
            "revenue": 3787992,
            "revenue_4q": null,
            "common_shares": 1201038,
            "book_valuer_per_share": 19.83,
            "book_valuer_per_share_4q_avg": 19.95,
            "equity": 3242515,
            "current_ratio": 135.55,
            "debt_ratio": 59.14,
            "inventory_turnover_ratio": 2.64,
            "account_receivable_turnover_ratio": null,
            "reinvestment_rate": 58.25,
            "research_to_sale_ratio": null,
            "price_fair": 169.49,
            "eps_avg_yearly": 4.84,
            "eps_latest_yearly": 6.28,
            "eps_growth_yearly": 25.55
        },
        "20081": {
            "year_quarter": 20081,
            "year": 2008,
            "quarter": 1,
            "eps": 1.2,
            "eps_growth_year": -11.76,
            "eps_4q": 3.2,
            "eps_4q_growth_year": -30.66,
            "roe": 5.79,
            "roe_4q": 21.29,
            "gross_profit": 429288,
            "gross_margin": 11.4,
            "gross_margin_4q_avg": 11.8,
            "net_income": 184507,
            "net_income_4q": null,
            "revenue": 3766564,
            "revenue_4q": null,
            "common_shares": 1202098,
            "book_valuer_per_share": 19,
            "book_valuer_per_share_4q_avg": 19.3,
            "equity": 3134751,
            "current_ratio": 132.71,
            "debt_ratio": 58.23,
            "inventory_turnover_ratio": 2.43,
            "account_receivable_turnover_ratio": null,
            "reinvestment_rate": 73.52,
            "research_to_sale_ratio": null,
            "price_fair": 167.65,
            "eps_avg_yearly": 4.79,
            "eps_latest_yearly": 4.8,
            "eps_growth_yearly": 27.21
        },
        "20082": {
            "year_quarter": 20082,
            "year": 2008,
            "quarter": 2,
            "eps": 0.89,
            "eps_growth_year": 25.35,
            "eps_4q": 3.91,
            "eps_4q_growth_year": -13.81,
            "roe": 3.99,
            "roe_4q": 21.71,
            "gross_profit": 372577,
            "gross_margin": 10.21,
            "gross_margin_4q_avg": 11.62,
            "net_income": 118113,
            "net_income_4q": null,
            "revenue": 3649846,
            "revenue_4q": null,
            "common_shares": 1202098,
            "book_valuer_per_share": 16.73,
            "book_valuer_per_share_4q_avg": 18.6,
            "equity": 2787873,
            "current_ratio": 121.01,
            "debt_ratio": 63.4,
            "inventory_turnover_ratio": 2.38,
            "account_receivable_turnover_ratio": null,
            "reinvestment_rate": 75.5,
            "research_to_sale_ratio": null,
            "price_fair": 166.69,
            "eps_avg_yearly": 4.76,
            "eps_latest_yearly": 3.56,
            "eps_growth_yearly": 28.02
        },
        "20083": {
            "year_quarter": 20083,
            "year": 2008,
            "quarter": 3,
            "eps": 0.99,
            "eps_growth_year": 33.78,
            "eps_4q": 5.06,
            "eps_4q_growth_year": 81.12,
            "roe": 4.11,
            "roe_4q": 20.84,
            "gross_profit": 327092,
            "gross_margin": 11.01,
            "gross_margin_4q_avg": 11.18,
            "net_income": 108365,
            "net_income_4q": null,
            "revenue": 2970022,
            "revenue_4q": null,
            "common_shares": 1270703,
            "book_valuer_per_share": 18.94,
            "book_valuer_per_share_4q_avg": 18.63,
            "equity": 2484672,
            "current_ratio": 103.42,
            "debt_ratio": 67.25,
            "inventory_turnover_ratio": 2.02,
            "account_receivable_turnover_ratio": null,
            "reinvestment_rate": 63.34,
            "research_to_sale_ratio": null,
            "price_fair": 111.79,
            "eps_avg_yearly": 4.6,
            "eps_latest_yearly": 3.96,
            "eps_growth_yearly": 14.33
        },
        "20084": {
            "year_quarter": 20084,
            "year": 2008,
            "quarter": 4,
            "eps": 1.35,
            "eps_growth_year": -14.01,
            "eps_4q": 4.41,
            "eps_4q_growth_year": 24.83,
            "roe": 6.41,
            "roe_4q": 20.3,
            "gross_profit": 318170,
            "gross_margin": 11.43,
            "gross_margin_4q_avg": 11.01,
            "net_income": 164045,
            "net_income_4q": null,
            "revenue": 2784440,
            "revenue_4q": null,
            "common_shares": 1270703,
            "book_valuer_per_share": 20.28,
            "book_valuer_per_share_4q_avg": 18.74,
            "equity": 2637646,
            "current_ratio": 107.84,
            "debt_ratio": 62.37,
            "inventory_turnover_ratio": 2.02,
            "account_receivable_turnover_ratio": 3.16,
            "reinvestment_rate": 40.57,
            "research_to_sale_ratio": null,
            "price_fair": 162.31,
            "eps_avg_yearly": 4.64,
            "eps_latest_yearly": 5.4,
            "eps_growth_yearly": 30.65
        },
        "20091": {
            "year_quarter": 20091,
            "year": 2009,
            "quarter": 1,
            "eps": 0.7,
            "eps_growth_year": -41.67,
            "eps_4q": 4.19,
            "eps_4q_growth_year": 31.17,
            "roe": 3,
            "roe_4q": 17.509999999999998,
            "gross_profit": 263745,
            "gross_margin": 10.42,
            "gross_margin_4q_avg": 10.77,
            "net_income": 80309,
            "net_income_4q": null,
            "revenue": 2530441,
            "revenue_4q": null,
            "common_shares": 1270703,
            "book_valuer_per_share": 20.95,
            "book_valuer_per_share_4q_avg": 19.23,
            "equity": 2717877,
            "current_ratio": 112.37,
            "debt_ratio": 58.96,
            "inventory_turnover_ratio": 2.25,
            "account_receivable_turnover_ratio": 1.38,
            "reinvestment_rate": 59.4,
            "research_to_sale_ratio": null,
            "price_fair": 138.55,
            "eps_avg_yearly": 4.54,
            "eps_latest_yearly": 2.8,
            "eps_growth_yearly": 20.52
        },
        "20092": {
            "year_quarter": 20092,
            "year": 2009,
            "quarter": 2,
            "eps": -1.11,
            "eps_growth_year": -224.72,
            "eps_4q": 1.71,
            "eps_4q_growth_year": -56.3,
            "roe": -5.78,
            "roe_4q": 7.74,
            "gross_profit": 280221,
            "gross_margin": 10.83,
            "gross_margin_4q_avg": 10.92,
            "net_income": -148048,
            "net_income_4q": null,
            "revenue": 2586935,
            "revenue_4q": null,
            "common_shares": 1270703,
            "book_valuer_per_share": 18.42,
            "book_valuer_per_share_4q_avg": 19.65,
            "equity": 2406400,
            "current_ratio": 110.44,
            "debt_ratio": 61.33,
            "inventory_turnover_ratio": 2.83,
            "account_receivable_turnover_ratio": 1.33,
            "reinvestment_rate": 64.09,
            "research_to_sale_ratio": null,
            "price_fair": 161.56,
            "eps_avg_yearly": 4.62,
            "eps_latest_yearly": 2.8,
            "eps_growth_yearly": 27.76
        },
        "20093": {
            "year_quarter": 20093,
            "year": 2009,
            "quarter": 3,
            "eps": 1.69,
            "eps_growth_year": 70.71,
            "eps_4q": 2.31,
            "eps_4q_growth_year": -54.3,
            "roe": 9.37,
            "roe_4q": 13,
            "gross_profit": 445065,
            "gross_margin": 15.99,
            "gross_margin_4q_avg": 12.17,
            "net_income": 243340,
            "net_income_4q": null,
            "revenue": 2783583,
            "revenue_4q": null,
            "common_shares": 1466270,
            "book_valuer_per_share": 17.24,
            "book_valuer_per_share_4q_avg": 19.22,
            "equity": 2789176,
            "current_ratio": 113.12,
            "debt_ratio": 58.99,
            "inventory_turnover_ratio": 2.71,
            "account_receivable_turnover_ratio": 1.41,
            "reinvestment_rate": 72.02,
            "research_to_sale_ratio": null,
            "price_fair": 107.77,
            "eps_avg_yearly": 4.57,
            "eps_latest_yearly": 2.8,
            "eps_growth_yearly": 13.6
        },
        "20094": {
            "year_quarter": 20094,
            "year": 2009,
            "quarter": 4,
            "eps": 1.58,
            "eps_growth_year": 17.04,
            "eps_4q": 2.76,
            "eps_4q_growth_year": -37.45,
            "roe": 7.23,
            "roe_4q": 13.82,
            "gross_profit": 476983,
            "gross_margin": 14.28,
            "gross_margin_4q_avg": 12.88,
            "net_income": 213301,
            "net_income_4q": null,
            "revenue": 3340007,
            "revenue_4q": null,
            "common_shares": 1466270,
            "book_valuer_per_share": 20.03,
            "book_valuer_per_share_4q_avg": 19.16,
            "equity": 3112975,
            "current_ratio": 142.75,
            "debt_ratio": 57.54,
            "inventory_turnover_ratio": 2.98,
            "account_receivable_turnover_ratio": 3,
            "reinvestment_rate": 64.98,
            "research_to_sale_ratio": null,
            "price_fair": 119,
            "eps_avg_yearly": 4.69,
            "eps_latest_yearly": 6.32,
            "eps_growth_yearly": 15.4
        },
        "20101": {
            "year_quarter": 20101,
            "year": 2010,
            "quarter": 1,
            "eps": 1.89,
            "eps_growth_year": 170,
            "eps_4q": 3.99,
            "eps_4q_growth_year": -4.81,
            "roe": 8.16,
            "roe_4q": 18.979999999999997,
            "gross_profit": 496298,
            "gross_margin": 15.62,
            "gross_margin_4q_avg": 14.18,
            "net_income": 270078,
            "net_income_4q": null,
            "revenue": 3177529,
            "revenue_4q": null,
            "common_shares": 1483626,
            "book_valuer_per_share": 22.45,
            "book_valuer_per_share_4q_avg": 19.54,
            "equity": 3503407,
            "current_ratio": 151.62,
            "debt_ratio": 54.91,
            "inventory_turnover_ratio": 2.74,
            "account_receivable_turnover_ratio": 1.39,
            "reinvestment_rate": 94.94,
            "research_to_sale_ratio": 1.15,
            "price_fair": 173.4,
            "eps_avg_yearly": 4.95,
            "eps_latest_yearly": 7.56,
            "eps_growth_yearly": 26.18
        },
        "20102": {
            "year_quarter": 20102,
            "year": 2010,
            "quarter": 2,
            "eps": 1.05,
            "eps_growth_year": null,
            "eps_4q": 5.74,
            "eps_4q_growth_year": 236.04,
            "roe": 4.4,
            "roe_4q": 29.159999999999997,
            "gross_profit": 463566,
            "gross_margin": 14.73,
            "gross_margin_4q_avg": 15.16,
            "net_income": 162749,
            "net_income_4q": null,
            "revenue": 3147369,
            "revenue_4q": null,
            "common_shares": 1550775,
            "book_valuer_per_share": 23.21,
            "book_valuer_per_share_4q_avg": 20.73,
            "equity": 3890326,
            "current_ratio": 144.9,
            "debt_ratio": 54.32,
            "inventory_turnover_ratio": 2.52,
            "account_receivable_turnover_ratio": 1.33,
            "reinvestment_rate": 95.06,
            "research_to_sale_ratio": 1.47,
            "price_fair": 118.55,
            "eps_avg_yearly": 4.99,
            "eps_latest_yearly": 4.2,
            "eps_growth_yearly": 13.78
        },
        "20103": {
            "year_quarter": 20103,
            "year": 2010,
            "quarter": 3,
            "eps": 1.26,
            "eps_growth_year": -25.66,
            "eps_4q": 5.43,
            "eps_4q_growth_year": 134.45,
            "roe": 4.84,
            "roe_4q": 24.63,
            "gross_profit": 391077,
            "gross_margin": 12.97,
            "gross_margin_4q_avg": 14.4,
            "net_income": 194975,
            "net_income_4q": null,
            "revenue": 3014518,
            "revenue_4q": null,
            "common_shares": 1562614,
            "book_valuer_per_share": 24.8,
            "book_valuer_per_share_4q_avg": 22.62,
            "equity": 4171998,
            "current_ratio": 155.78,
            "debt_ratio": 48.91,
            "inventory_turnover_ratio": 2.57,
            "account_receivable_turnover_ratio": 1.24,
            "reinvestment_rate": 52.01,
            "research_to_sale_ratio": 1.45,
            "price_fair": 78.26,
            "eps_avg_yearly": 4.95,
            "eps_latest_yearly": 5.04,
            "eps_growth_yearly": 5.81
        },
        "20104": {
            "year_quarter": 20104,
            "year": 2010,
            "quarter": 4,
            "eps": 1.87,
            "eps_growth_year": 18.14,
            "eps_4q": 5.68,
            "eps_4q_growth_year": 106.03,
            "roe": 7.01,
            "roe_4q": 24.41,
            "gross_profit": 466452,
            "gross_margin": 15.01,
            "gross_margin_4q_avg": 14.58,
            "net_income": 306189,
            "net_income_4q": null,
            "revenue": 3107439,
            "revenue_4q": null,
            "common_shares": 1640404,
            "book_valuer_per_share": 26.11,
            "book_valuer_per_share_4q_avg": 24.14,
            "equity": 4560522,
            "current_ratio": 160.94,
            "debt_ratio": 45.68,
            "inventory_turnover_ratio": 2.76,
            "account_receivable_turnover_ratio": 1.3,
            "reinvestment_rate": 44.2,
            "research_to_sale_ratio": 1.57,
            "price_fair": 80.85,
            "eps_avg_yearly": 4.9,
            "eps_latest_yearly": 7.48,
            "eps_growth_yearly": 6.49
        },
        "20111": {
            "year_quarter": 20111,
            "year": 2011,
            "quarter": 1,
            "eps": 0.85,
            "eps_growth_year": -55.03,
            "eps_4q": 4.9,
            "eps_4q_growth_year": 22.65,
            "roe": 3.08,
            "roe_4q": 19.33,
            "gross_profit": 358449,
            "gross_margin": 14.01,
            "gross_margin_4q_avg": 14.18,
            "net_income": 143712,
            "net_income_4q": null,
            "revenue": 2557968,
            "revenue_4q": null,
            "common_shares": 1642984,
            "book_valuer_per_share": 27.3,
            "book_valuer_per_share_4q_avg": 25.36,
            "equity": 4773609,
            "current_ratio": 159.07,
            "debt_ratio": 44.29,
            "inventory_turnover_ratio": 2.14,
            "account_receivable_turnover_ratio": 1.11,
            "reinvestment_rate": 53.8,
            "research_to_sale_ratio": 1.74,
            "price_fair": 47.57,
            "eps_avg_yearly": 4.76,
            "eps_latest_yearly": 3.4,
            "eps_growth_yearly": 0.34
        },
        "20112": {
            "year_quarter": 20112,
            "year": 2011,
            "quarter": 2,
            "eps": 0.47,
            "eps_growth_year": -55.07,
            "eps_4q": 4.38,
            "eps_4q_growth_year": -23.66,
            "roe": 2.13,
            "roe_4q": 17.06,
            "gross_profit": 351940,
            "gross_margin": 12.81,
            "gross_margin_4q_avg": 13.7,
            "net_income": 94157,
            "net_income_4q": null,
            "revenue": 2746641,
            "revenue_4q": null,
            "common_shares": 1642984,
            "book_valuer_per_share": 23.31,
            "book_valuer_per_share_4q_avg": 25.38,
            "equity": 4077400,
            "current_ratio": 132.73,
            "debt_ratio": 53.1,
            "inventory_turnover_ratio": 2.2,
            "account_receivable_turnover_ratio": 1.19,
            "reinvestment_rate": 46.61,
            "research_to_sale_ratio": 1.8,
            "price_fair": 52.6,
            "eps_avg_yearly": 4.69,
            "eps_latest_yearly": 1.88,
            "eps_growth_yearly": 1.22
        },
        "20113": {
            "year_quarter": 20113,
            "year": 2011,
            "quarter": 3,
            "eps": 2.12,
            "eps_growth_year": 68.72,
            "eps_4q": 5.3,
            "eps_4q_growth_year": -2.26,
            "roe": 8.28,
            "roe_4q": 20.5,
            "gross_profit": 615265,
            "gross_margin": 18.84,
            "gross_margin_4q_avg": 15.17,
            "net_income": 358979,
            "net_income_4q": null,
            "revenue": 3265306,
            "revenue_4q": null,
            "common_shares": 1642984,
            "book_valuer_per_share": 26.38,
            "book_valuer_per_share_4q_avg": 25.78,
            "equity": 4594262,
            "current_ratio": 161.72,
            "debt_ratio": 49.62,
            "inventory_turnover_ratio": 1.96,
            "account_receivable_turnover_ratio": 1.35,
            "reinvestment_rate": 52.66,
            "research_to_sale_ratio": 1.25,
            "price_fair": 177.9,
            "eps_avg_yearly": 5.08,
            "eps_latest_yearly": 8.48,
            "eps_growth_yearly": 100.32
        },
        "20114": {
            "year_quarter": 20114,
            "year": 2011,
            "quarter": 4,
            "eps": -2.01,
            "eps_growth_year": -207.76,
            "eps_4q": 1.43,
            "eps_4q_growth_year": -74.85,
            "roe": -8.67,
            "roe_4q": 4.819999999999999,
            "gross_profit": 270636,
            "gross_margin": 17.5,
            "gross_margin_4q_avg": 15.79,
            "net_income": -381931,
            "net_income_4q": null,
            "revenue": 1546780,
            "revenue_4q": null,
            "common_shares": 1642984,
            "book_valuer_per_share": 24.43,
            "book_valuer_per_share_4q_avg": 25.36,
            "equity": 4215939,
            "current_ratio": 225.32,
            "debt_ratio": 39.23,
            "inventory_turnover_ratio": 0.86,
            "account_receivable_turnover_ratio": 0.91,
            "reinvestment_rate": 19.74,
            "research_to_sale_ratio": 2.79,
            "price_fair": 174.68,
            "eps_avg_yearly": 4.99,
            "eps_latest_yearly": 8.48,
            "eps_growth_yearly": 73.52
        },
        "20121": {
            "year_quarter": 20121,
            "year": 2012,
            "quarter": 1,
            "eps": 1.51,
            "eps_growth_year": 77.65,
            "eps_4q": 2.09,
            "eps_4q_growth_year": -57.29,
            "roe": 5.42,
            "roe_4q": 7.159999999999999,
            "gross_profit": 567953,
            "gross_margin": 29.16,
            "gross_margin_4q_avg": 19.58,
            "net_income": 235582,
            "net_income_4q": null,
            "revenue": 1947387,
            "revenue_4q": null,
            "common_shares": 1642984,
            "book_valuer_per_share": 25.94,
            "book_valuer_per_share_4q_avg": 25.02,
            "equity": 4473744,
            "current_ratio": 225.61,
            "debt_ratio": 39.24,
            "inventory_turnover_ratio": 1.06,
            "account_receivable_turnover_ratio": 1.9,
            "reinvestment_rate": 18.45,
            "research_to_sale_ratio": 2.46,
            "price_fair": 175.23,
            "eps_avg_yearly": 5.01,
            "eps_latest_yearly": 8.48,
            "eps_growth_yearly": 87.5
        },
        "20122": {
            "year_quarter": 20122,
            "year": 2012,
            "quarter": 2,
            "eps": 4.62,
            "eps_growth_year": 883,
            "eps_4q": 6.24,
            "eps_4q_growth_year": 42.47,
            "roe": 17.13,
            "roe_4q": 22.159999999999997,
            "gross_profit": 306603,
            "gross_margin": 15.78,
            "gross_margin_4q_avg": 20.32,
            "net_income": 779042,
            "net_income_4q": null,
            "revenue": 1942762,
            "revenue_4q": null,
            "common_shares": 1642984,
            "book_valuer_per_share": 26.73,
            "book_valuer_per_share_4q_avg": 25.87,
            "equity": 4619465,
            "current_ratio": 202.04,
            "debt_ratio": 45.03,
            "inventory_turnover_ratio": 1.39,
            "account_receivable_turnover_ratio": 1.45,
            "reinvestment_rate": 15,
            "research_to_sale_ratio": 2.41,
            "price_fair": 218.75,
            "eps_avg_yearly": 6.25,
            "eps_latest_yearly": 18.48,
            "eps_growth_yearly": 164.77
        },
        "20123": {
            "year_quarter": 20123,
            "year": 2012,
            "quarter": 3,
            "eps": 0.3,
            "eps_growth_year": -85.93,
            "eps_4q": 4.38,
            "eps_4q_growth_year": -17.41,
            "roe": 0.67,
            "roe_4q": 14.549999999999999,
            "gross_profit": 228973,
            "gross_margin": 15.72,
            "gross_margin_4q_avg": 19.54,
            "net_income": 31613,
            "net_income_4q": null,
            "revenue": 1456394,
            "revenue_4q": null,
            "common_shares": 1657744,
            "book_valuer_per_share": 27.62,
            "book_valuer_per_share_4q_avg": 26.18,
            "equity": 4791525,
            "current_ratio": 219.72,
            "debt_ratio": 35.86,
            "inventory_turnover_ratio": 1.11,
            "account_receivable_turnover_ratio": 1.01,
            "reinvestment_rate": 21.9,
            "research_to_sale_ratio": 3.53,
            "price_fair": 210.7,
            "eps_avg_yearly": 6.02,
            "eps_latest_yearly": 1.2,
            "eps_growth_yearly": 129.85
        },
        "20124": {
            "year_quarter": 20124,
            "year": 2012,
            "quarter": 4,
            "eps": -0.23,
            "eps_growth_year": null,
            "eps_4q": 6.05,
            "eps_4q_growth_year": 323.28,
            "roe": -0.98,
            "roe_4q": 22.240000000000002,
            "gross_profit": 76219,
            "gross_margin": 5.22,
            "gross_margin_4q_avg": 16.47,
            "net_income": -47224,
            "net_income_4q": null,
            "revenue": 1458770,
            "revenue_4q": null,
            "common_shares": 1675554,
            "book_valuer_per_share": 27.65,
            "book_valuer_per_share_4q_avg": 26.99,
            "equity": 4855957,
            "current_ratio": 253.74,
            "debt_ratio": 31.94,
            "inventory_turnover_ratio": 1.35,
            "account_receivable_turnover_ratio": 1.07,
            "reinvestment_rate": 29.68,
            "research_to_sale_ratio": 2.73,
            "price_fair": 212.67,
            "eps_avg_yearly": 6.08,
            "eps_latest_yearly": 1.2,
            "eps_growth_yearly": 128.44
        },
        "20131": {
            "year_quarter": 20131,
            "year": 2013,
            "quarter": 1,
            "eps": 0.66,
            "eps_growth_year": -56.29,
            "eps_4q": 5.11,
            "eps_4q_growth_year": 144.14,
            "roe": 2.25,
            "roe_4q": 19.07,
            "gross_profit": 221491,
            "gross_margin": 13.88,
            "gross_margin_4q_avg": 12.65,
            "net_income": 113903,
            "net_income_4q": null,
            "revenue": 1595986,
            "revenue_4q": null,
            "common_shares": 1727994,
            "book_valuer_per_share": 29.25,
            "book_valuer_per_share_4q_avg": 27.81,
            "equity": 5263251,
            "current_ratio": 314.01,
            "debt_ratio": 28.25,
            "inventory_turnover_ratio": 1.6,
            "account_receivable_turnover_ratio": 1.14,
            "reinvestment_rate": 32.89,
            "research_to_sale_ratio": 2.65,
            "price_fair": 224.14,
            "eps_avg_yearly": 6.4,
            "eps_latest_yearly": 1.2,
            "eps_growth_yearly": 160.54
        },
        "20132": {
            "year_quarter": 20132,
            "year": 2013,
            "quarter": 2,
            "eps": 0.52,
            "eps_growth_year": -88.74,
            "eps_4q": 1.22,
            "eps_4q_growth_year": -80.46,
            "roe": 1.75,
            "roe_4q": 3.69,
            "gross_profit": 258542,
            "gross_margin": 15.51,
            "gross_margin_4q_avg": 12.58,
            "net_income": 86333,
            "net_income_4q": null,
            "revenue": 1666602,
            "revenue_4q": null,
            "common_shares": 1738574,
            "book_valuer_per_share": 25.26,
            "book_valuer_per_share_4q_avg": 27.45,
            "equity": 4594568,
            "current_ratio": 270.88,
            "debt_ratio": 31.95,
            "inventory_turnover_ratio": 1.95,
            "account_receivable_turnover_ratio": 1.18,
            "reinvestment_rate": 31.55,
            "research_to_sale_ratio": 2.68,
            "price_fair": 210.38,
            "eps_avg_yearly": 6.01,
            "eps_latest_yearly": 2.08,
            "eps_growth_yearly": 138.23
        },
        "20133": {
            "year_quarter": 20133,
            "year": 2013,
            "quarter": 3,
            "eps": 0.76,
            "eps_growth_year": 154.82,
            "eps_4q": 1.69,
            "eps_4q_growth_year": -61.5,
            "roe": 2.91,
            "roe_4q": 5.93,
            "gross_profit": 306668,
            "gross_margin": 20.18,
            "gross_margin_4q_avg": 13.7,
            "net_income": 134236,
            "net_income_4q": null,
            "revenue": 1519569,
            "revenue_4q": null,
            "common_shares": 1742020,
            "book_valuer_per_share": 25.5,
            "book_valuer_per_share_4q_avg": 26.92,
            "equity": 4639203,
            "current_ratio": 324.5,
            "debt_ratio": 29.92,
            "inventory_turnover_ratio": 1.86,
            "account_receivable_turnover_ratio": 1.17,
            "reinvestment_rate": 19.7,
            "research_to_sale_ratio": 2.83,
            "price_fair": 201.72,
            "eps_avg_yearly": 5.76,
            "eps_latest_yearly": 3.04,
            "eps_growth_yearly": 142.1
        },
        "20134": {
            "year_quarter": 20134,
            "year": 2013,
            "quarter": 4,
            "eps": 1.05,
            "eps_growth_year": null,
            "eps_4q": 2.96,
            "eps_4q_growth_year": -51.01,
            "roe": 4.08,
            "roe_4q": 10.99,
            "gross_profit": 387675,
            "gross_margin": 21.6,
            "gross_margin_4q_avg": 17.79,
            "net_income": 192847,
            "net_income_4q": null,
            "revenue": 1794387,
            "revenue_4q": null,
            "common_shares": 1742020,
            "book_valuer_per_share": 26.55,
            "book_valuer_per_share_4q_avg": 26.64,
            "equity": 4809967,
            "current_ratio": 286.7,
            "debt_ratio": 31.49,
            "inventory_turnover_ratio": 2.26,
            "account_receivable_turnover_ratio": 1.42,
            "reinvestment_rate": -5.55,
            "research_to_sale_ratio": 2.9,
            "price_fair": 195.53,
            "eps_avg_yearly": 5.59,
            "eps_latest_yearly": 4.2,
            "eps_growth_yearly": 156.98
        },
        "20141": {
            "year_quarter": 20141,
            "year": 2014,
            "quarter": 1,
            "eps": 0.76,
            "eps_growth_year": 15.15,
            "eps_4q": 3.07,
            "eps_4q_growth_year": -39.77,
            "roe": 2.89,
            "roe_4q": 11.63,
            "gross_profit": 366922,
            "gross_margin": 22.04,
            "gross_margin_4q_avg": 19.83,
            "net_income": 142182,
            "net_income_4q": null,
            "revenue": 1664470,
            "revenue_4q": null,
            "common_shares": 1742020,
            "book_valuer_per_share": 27.71,
            "book_valuer_per_share_4q_avg": 26.26,
            "equity": 5027441,
            "current_ratio": 309.72,
            "debt_ratio": 30.11,
            "inventory_turnover_ratio": 1.89,
            "account_receivable_turnover_ratio": 1.27,
            "reinvestment_rate": -8.89,
            "research_to_sale_ratio": 2.53,
            "price_fair": 182.35,
            "eps_avg_yearly": 5.21,
            "eps_latest_yearly": 3.04,
            "eps_growth_yearly": 141.24
        },
        "20142": {
            "year_quarter": 20142,
            "year": 2014,
            "quarter": 2,
            "eps": 0.74,
            "eps_growth_year": 42.31,
            "eps_4q": 3.31,
            "eps_4q_growth_year": 171.24,
            "roe": 2.79,
            "roe_4q": 12.67,
            "gross_profit": 330651,
            "gross_margin": 19.26,
            "gross_margin_4q_avg": 20.77,
            "net_income": 136714,
            "net_income_4q": null,
            "revenue": 1717079,
            "revenue_4q": null,
            "common_shares": 1742020,
            "book_valuer_per_share": 26.22,
            "book_valuer_per_share_4q_avg": 26.5,
            "equity": 4775041,
            "current_ratio": 264.09,
            "debt_ratio": 33.6,
            "inventory_turnover_ratio": 1.88,
            "account_receivable_turnover_ratio": 1.37,
            "reinvestment_rate": -15.32,
            "research_to_sale_ratio": 2.3,
            "price_fair": 178.73,
            "eps_avg_yearly": 5.11,
            "eps_latest_yearly": 2.96,
            "eps_growth_yearly": 155.18
        },
        "20143": {
            "year_quarter": 20143,
            "year": 2014,
            "quarter": 3,
            "eps": 1.34,
            "eps_growth_year": 76.32,
            "eps_4q": 3.89,
            "eps_4q_growth_year": 130.87,
            "roe": 4.98,
            "roe_4q": 14.74,
            "gross_profit": 370446,
            "gross_margin": 19.88,
            "gross_margin_4q_avg": 20.7,
            "net_income": 244428,
            "net_income_4q": null,
            "revenue": 1863096,
            "revenue_4q": null,
            "common_shares": 1742020,
            "book_valuer_per_share": 27.72,
            "book_valuer_per_share_4q_avg": 27.05,
            "equity": 5046253,
            "current_ratio": 304.1,
            "debt_ratio": 30.09,
            "inventory_turnover_ratio": 1.86,
            "account_receivable_turnover_ratio": 1.37,
            "reinvestment_rate": -14.93,
            "research_to_sale_ratio": 2.12,
            "price_fair": 179.67,
            "eps_avg_yearly": 5.13,
            "eps_latest_yearly": 5.36,
            "eps_growth_yearly": 175.54
        },
        "20144": {
            "year_quarter": 20144,
            "year": 2014,
            "quarter": 4,
            "eps": 1.32,
            "eps_growth_year": 25.52,
            "eps_4q": 4.16,
            "eps_4q_growth_year": 40.5,
            "roe": 4.9,
            "roe_4q": 15.560000000000002,
            "gross_profit": 386890,
            "gross_margin": 19.86,
            "gross_margin_4q_avg": 20.26,
            "net_income": 252768,
            "net_income_4q": null,
            "revenue": 1948305,
            "revenue_4q": null,
            "common_shares": 1742020,
            "book_valuer_per_share": 28.89,
            "book_valuer_per_share_4q_avg": 27.64,
            "equity": 5268702,
            "current_ratio": 300.16,
            "debt_ratio": 31.01,
            "inventory_turnover_ratio": 1.78,
            "account_receivable_turnover_ratio": 1.25,
            "reinvestment_rate": -9.11,
            "research_to_sale_ratio": 2.9,
            "price_fair": 173.25,
            "eps_avg_yearly": 4.95,
            "eps_latest_yearly": 5.28,
            "eps_growth_yearly": 158.9
        },
        "20151": {
            "year_quarter": 20151,
            "year": 2015,
            "quarter": 1,
            "eps": 1.25,
            "eps_growth_year": 64.47,
            "eps_4q": 4.65,
            "eps_4q_growth_year": 51.21,
            "roe": 4.4,
            "roe_4q": 17.07,
            "gross_profit": 425467,
            "gross_margin": 24.11,
            "gross_margin_4q_avg": 20.78,
            "net_income": 232721,
            "net_income_4q": null,
            "revenue": 1764460,
            "revenue_4q": null,
            "common_shares": 1742020,
            "book_valuer_per_share": 29.1,
            "book_valuer_per_share_4q_avg": 27.98,
            "equity": 5305069,
            "current_ratio": 308.07,
            "debt_ratio": 29.74,
            "inventory_turnover_ratio": 1.43,
            "account_receivable_turnover_ratio": 1.09,
            "reinvestment_rate": -10.3,
            "research_to_sale_ratio": 2.83,
            "price_fair": 177.92,
            "eps_avg_yearly": 5.08,
            "eps_latest_yearly": 5,
            "eps_growth_yearly": 175.32
        },
        "20152": {
            "year_quarter": 20152,
            "year": 2015,
            "quarter": 2,
            "eps": 0.55,
            "eps_growth_year": -25.68,
            "eps_4q": 4.46,
            "eps_4q_growth_year": 34.76,
            "roe": 1.95,
            "roe_4q": 16.23,
            "gross_profit": 289460,
            "gross_margin": 15.61,
            "gross_margin_4q_avg": 19.87,
            "net_income": 103229,
            "net_income_4q": null,
            "revenue": 1854682,
            "revenue_4q": null,
            "common_shares": 1742020,
            "book_valuer_per_share": 29.19,
            "book_valuer_per_share_4q_avg": 28.73,
            "equity": 5302053,
            "current_ratio": 259.46,
            "debt_ratio": 33.42,
            "inventory_turnover_ratio": 1.49,
            "account_receivable_turnover_ratio": 1.19,
            "reinvestment_rate": -7.95,
            "research_to_sale_ratio": 2.73,
            "price_fair": 178.85,
            "eps_avg_yearly": 5.11,
            "eps_latest_yearly": 2.2,
            "eps_growth_yearly": 171.55
        },
        "20153": {
            "year_quarter": 20153,
            "year": 2015,
            "quarter": 3,
            "eps": 1.7,
            "eps_growth_year": 26.87,
            "eps_4q": 4.81,
            "eps_4q_growth_year": 23.61,
            "roe": 6.09,
            "roe_4q": 17.34,
            "gross_profit": 373587,
            "gross_margin": 17.25,
            "gross_margin_4q_avg": 19.21,
            "net_income": 314831,
            "net_income_4q": null,
            "revenue": 2165336,
            "revenue_4q": null,
            "common_shares": 1742020,
            "book_valuer_per_share": 27.68,
            "book_valuer_per_share_4q_avg": 28.72,
            "equity": 5041357,
            "current_ratio": 249.51,
            "debt_ratio": 36.03,
            "inventory_turnover_ratio": 1.57,
            "account_receivable_turnover_ratio": 1.36,
            "reinvestment_rate": -23.2,
            "research_to_sale_ratio": 2.15,
            "price_fair": 173.95,
            "eps_avg_yearly": 4.97,
            "eps_latest_yearly": 6.8,
            "eps_growth_yearly": 124.23
        },
        "20154": {
            "year_quarter": 20154,
            "year": 2015,
            "quarter": 4,
            "eps": 0.84,
            "eps_growth_year": -36.24,
            "eps_4q": 4.33,
            "eps_4q_growth_year": 4.13,
            "roe": 2.94,
            "roe_4q": 15.379999999999999,
            "gross_profit": 389129,
            "gross_margin": 16.35,
            "gross_margin_4q_avg": 18.33,
            "net_income": 150962,
            "net_income_4q": null,
            "revenue": 2380406,
            "revenue_4q": null,
            "common_shares": 1742020,
            "book_valuer_per_share": 28.71,
            "book_valuer_per_share_4q_avg": 28.67,
            "equity": 5229790,
            "current_ratio": 258.37,
            "debt_ratio": 34.64,
            "inventory_turnover_ratio": 1.72,
            "account_receivable_turnover_ratio": 1.39,
            "reinvestment_rate": 5.64,
            "research_to_sale_ratio": 2.25,
            "price_fair": 169.62,
            "eps_avg_yearly": 4.85,
            "eps_latest_yearly": 3.36,
            "eps_growth_yearly": 99.1
        },
        "20161": {
            "year_quarter": 20161,
            "year": 2016,
            "quarter": 1,
            "eps": 0.12,
            "eps_growth_year": -90.4,
            "eps_4q": 3.21,
            "eps_4q_growth_year": -30.96,
            "roe": 0.37,
            "roe_4q": 11.35,
            "gross_profit": 285739,
            "gross_margin": 13.2,
            "gross_margin_4q_avg": 15.6,
            "net_income": 20079,
            "net_income_4q": null,
            "revenue": 2164044,
            "revenue_4q": null,
            "common_shares": 1742020,
            "book_valuer_per_share": 31.04,
            "book_valuer_per_share_4q_avg": 29.16,
            "equity": 5650379,
            "current_ratio": 286.16,
            "debt_ratio": 29.96,
            "inventory_turnover_ratio": 1.59,
            "account_receivable_turnover_ratio": 1.33,
            "reinvestment_rate": 17.73,
            "research_to_sale_ratio": 2.12,
            "price_fair": 158.7,
            "eps_avg_yearly": 4.53,
            "eps_latest_yearly": 0.48,
            "eps_growth_yearly": 67.54
        },
        "20162": {
            "year_quarter": 20162,
            "year": 2016,
            "quarter": 2,
            "eps": 0.35,
            "eps_growth_year": -36.36,
            "eps_4q": 3.01,
            "eps_4q_growth_year": -32.41,
            "roe": 1.15,
            "roe_4q": 10.55,
            "gross_profit": 169458,
            "gross_margin": 9.24,
            "gross_margin_4q_avg": 14.01,
            "net_income": 61229,
            "net_income_4q": null,
            "revenue": 1834934,
            "revenue_4q": null,
            "common_shares": 1742020,
            "book_valuer_per_share": 27.12,
            "book_valuer_per_share_4q_avg": 28.64,
            "equity": 4961094,
            "current_ratio": 223.44,
            "debt_ratio": 36.73,
            "inventory_turnover_ratio": 1.48,
            "account_receivable_turnover_ratio": 1.19,
            "reinvestment_rate": 15.68,
            "research_to_sale_ratio": 2.87,
            "price_fair": 116,
            "eps_avg_yearly": 3.31,
            "eps_latest_yearly": 1.4,
            "eps_growth_yearly": 63.45
        },
        "20163": {
            "year_quarter": 20163,
            "year": 2016,
            "quarter": 3,
            "eps": 0.33,
            "eps_growth_year": -80.59,
            "eps_4q": 1.65,
            "eps_4q_growth_year": -65.82,
            "roe": 1.28,
            "roe_4q": 5.74,
            "gross_profit": 234562,
            "gross_margin": 10.86,
            "gross_margin_4q_avg": 12.41,
            "net_income": 62667,
            "net_income_4q": null,
            "revenue": 2160156,
            "revenue_4q": null,
            "common_shares": 1742020,
            "book_valuer_per_share": 26.56,
            "book_valuer_per_share_4q_avg": 28.36,
            "equity": 4856279,
            "current_ratio": 215.81,
            "debt_ratio": 37.97,
            "inventory_turnover_ratio": 1.96,
            "account_receivable_turnover_ratio": 1.29,
            "reinvestment_rate": 18.15,
            "research_to_sale_ratio": 2.31,
            "price_fair": 116.3,
            "eps_avg_yearly": 3.32,
            "eps_latest_yearly": 1.32,
            "eps_growth_yearly": 88.54
        },
        "20164": {
            "year_quarter": 20164,
            "year": 2016,
            "quarter": 4,
            "eps": 0.43,
            "eps_growth_year": -49.53,
            "eps_4q": 1.23,
            "eps_4q_growth_year": -71.67,
            "roe": 1.83,
            "roe_4q": 4.63,
            "gross_profit": 325059,
            "gross_margin": 14.73,
            "gross_margin_4q_avg": 12.01,
            "net_income": 88247,
            "net_income_4q": null,
            "revenue": 2206279,
            "revenue_4q": null,
            "common_shares": 1742020,
            "book_valuer_per_share": 26.22,
            "book_valuer_per_share_4q_avg": 27.74,
            "equity": 4801284,
            "current_ratio": 209.52,
            "debt_ratio": 40.6,
            "inventory_turnover_ratio": 1.95,
            "account_receivable_turnover_ratio": 1.3,
            "reinvestment_rate": 2.59,
            "research_to_sale_ratio": 2.81,
            "price_fair": 112.56,
            "eps_avg_yearly": 3.22,
            "eps_latest_yearly": 1.72,
            "eps_growth_yearly": 90.71
        },
        "20171": {
            "year_quarter": 20171,
            "year": 2017,
            "quarter": 1,
            "eps": 0.21,
            "eps_growth_year": 75,
            "eps_4q": 1.33,
            "eps_4q_growth_year": -58.7,
            "roe": 0.88,
            "roe_4q": 5.140000000000001,
            "gross_profit": 232849,
            "gross_margin": 12.55,
            "gross_margin_4q_avg": 11.85,
            "net_income": 41319,
            "net_income_4q": null,
            "revenue": 1855398,
            "revenue_4q": null,
            "common_shares": 1742020,
            "book_valuer_per_share": 25.42,
            "book_valuer_per_share_4q_avg": 26.33,
            "equity": 4598251,
            "current_ratio": 215.47,
            "debt_ratio": 39.14,
            "inventory_turnover_ratio": 1.49,
            "account_receivable_turnover_ratio": 1.12,
            "reinvestment_rate": -3.42,
            "research_to_sale_ratio": 2.54,
            "price_fair": 107.36,
            "eps_avg_yearly": 3.07,
            "eps_latest_yearly": 0.84,
            "eps_growth_yearly": 72.25
        },
        "20172": {
            "year_quarter": 20172,
            "year": 2017,
            "quarter": 2,
            "eps": 0.03,
            "eps_growth_year": -91.43,
            "eps_4q": 1.01,
            "eps_4q_growth_year": -66.6,
            "roe": 0.05,
            "roe_4q": 4.04,
            "gross_profit": 161765,
            "gross_margin": 8.78,
            "gross_margin_4q_avg": 11.73,
            "net_income": 2243,
            "net_income_4q": null,
            "revenue": 1842345,
            "revenue_4q": null,
            "common_shares": 1742020,
            "book_valuer_per_share": 24.47,
            "book_valuer_per_share_4q_avg": 25.67,
            "equity": 4437824,
            "current_ratio": 192.22,
            "debt_ratio": 43.01,
            "inventory_turnover_ratio": 1.33,
            "account_receivable_turnover_ratio": 1.06,
            "reinvestment_rate": -1.75,
            "research_to_sale_ratio": 2.98,
            "price_fair": 103.08,
            "eps_avg_yearly": 2.95,
            "eps_latest_yearly": 0.12,
            "eps_growth_yearly": 56.13
        },
        "20173": {
            "year_quarter": 20173,
            "year": 2017,
            "quarter": 3,
            "eps": 0.13,
            "eps_growth_year": -60.61,
            "eps_4q": 0.98,
            "eps_4q_growth_year": -40.32,
            "roe": 0.29,
            "roe_4q": 3.05,
            "gross_profit": 118374,
            "gross_margin": 6.07,
            "gross_margin_4q_avg": 10.53,
            "net_income": 12428,
            "net_income_4q": null,
            "revenue": 1949690,
            "revenue_4q": null,
            "common_shares": 1393616,
            "book_valuer_per_share": 28.53,
            "book_valuer_per_share_4q_avg": 26.16,
            "equity": 4138355,
            "current_ratio": 179.06,
            "debt_ratio": 45.3,
            "inventory_turnover_ratio": 1.33,
            "account_receivable_turnover_ratio": 1.09,
            "reinvestment_rate": 6.45,
            "research_to_sale_ratio": 3.07,
            "price_fair": 97.56,
            "eps_avg_yearly": 2.79,
            "eps_latest_yearly": 0.52,
            "eps_growth_yearly": 127.92
        },
        "20174": {
            "year_quarter": 20174,
            "year": 2017,
            "quarter": 4,
            "eps": -0.04,
            "eps_growth_year": -110.42,
            "eps_4q": 0.4,
            "eps_4q_growth_year": -67.76,
            "roe": -0.34,
            "roe_4q": 0.88,
            "gross_profit": 102188,
            "gross_margin": 5.07,
            "gross_margin_4q_avg": 8.12,
            "net_income": -14128,
            "net_income_4q": null,
            "revenue": 2017118,
            "revenue_4q": null,
            "common_shares": 1393616,
            "book_valuer_per_share": 28.87,
            "book_valuer_per_share_4q_avg": 26.82,
            "equity": 4193994,
            "current_ratio": 190.2,
            "debt_ratio": 41.9,
            "inventory_turnover_ratio": 1.43,
            "account_receivable_turnover_ratio": 1.33,
            "reinvestment_rate": 11.66,
            "research_to_sale_ratio": 2.7,
            "price_fair": 94.27,
            "eps_avg_yearly": 2.69,
            "eps_latest_yearly": 0.52,
            "eps_growth_yearly": 126.28
        },
        "20181": {
            "year_quarter": 20181,
            "year": 2018,
            "quarter": 1,
            "eps": -1.17,
            "eps_growth_year": -657.14,
            "eps_4q": -1.04,
            "eps_4q_growth_year": -178.1,
            "roe": -4.15,
            "roe_4q": -4.15,
            "gross_profit": 66796,
            "gross_margin": 3.83,
            "gross_margin_4q_avg": 5.94,
            "net_income": -172262,
            "net_income_4q": null,
            "revenue": 1746086,
            "revenue_4q": null,
            "common_shares": 1393616,
            "book_valuer_per_share": 28.31,
            "book_valuer_per_share_4q_avg": 27.55,
            "equity": 4110996,
            "current_ratio": 194.31,
            "debt_ratio": 41.46,
            "inventory_turnover_ratio": 1.27,
            "account_receivable_turnover_ratio": 1.23,
            "reinvestment_rate": 15.52,
            "research_to_sale_ratio": 2.76,
            "price_fair": 93.4,
            "eps_avg_yearly": 2.67,
            "eps_latest_yearly": 0.52,
            "eps_growth_yearly": 143.19
        },
        "20182": {
            "year_quarter": 20182,
            "year": 2018,
            "quarter": 2,
            "eps": -0.1,
            "eps_growth_year": -433.33,
            "eps_4q": -1.17,
            "eps_4q_growth_year": -216.52,
            "roe": -0.57,
            "roe_4q": -4.7700000000000005,
            "gross_profit": 86110,
            "gross_margin": 5.28,
            "gross_margin_4q_avg": 5.06,
            "net_income": -22984,
            "net_income_4q": null,
            "revenue": 1630486,
            "revenue_4q": null,
            "common_shares": 1393616,
            "book_valuer_per_share": 27.63,
            "book_valuer_per_share_4q_avg": 28.34,
            "equity": 4008536,
            "current_ratio": 184.36,
            "debt_ratio": 43.73,
            "inventory_turnover_ratio": 1.02,
            "account_receivable_turnover_ratio": 1.06,
            "reinvestment_rate": 19.44,
            "research_to_sale_ratio": 3.26,
            "price_fair": 92.62,
            "eps_avg_yearly": 2.65,
            "eps_latest_yearly": 0.52,
            "eps_growth_yearly": 155.01
        },
        "20183": {
            "year_quarter": 20183,
            "year": 2018,
            "quarter": 3,
            "eps": -0.23,
            "eps_growth_year": -276.92,
            "eps_4q": -1.55,
            "eps_4q_growth_year": -257.44,
            "roe": -1.01,
            "roe_4q": -6.07,
            "gross_profit": 103934,
            "gross_margin": 6,
            "gross_margin_4q_avg": 5.05,
            "net_income": -39879,
            "net_income_4q": null,
            "revenue": 1732692,
            "revenue_4q": null,
            "common_shares": 1393616,
            "book_valuer_per_share": 26.95,
            "book_valuer_per_share_4q_avg": 27.94,
            "equity": 3903651,
            "current_ratio": 178.92,
            "debt_ratio": 41.86,
            "inventory_turnover_ratio": 0.99,
            "account_receivable_turnover_ratio": 1.1,
            "reinvestment_rate": 15.78,
            "research_to_sale_ratio": 2.91,
            "price_fair": 84.7,
            "eps_avg_yearly": 2.42,
            "eps_latest_yearly": 0.52,
            "eps_growth_yearly": 140.9
        },
        "20184": {
            "year_quarter": 20184,
            "year": 2018,
            "quarter": 4,
            "eps": -0.89,
            "eps_growth_year": null,
            "eps_4q": -2.39,
            "eps_4q_growth_year": -704.64,
            "roe": -3.56,
            "roe_4q": -9.290000000000001,
            "gross_profit": 51256,
            "gross_margin": 3.06,
            "gross_margin_4q_avg": 4.54,
            "net_income": -136818,
            "net_income_4q": null,
            "revenue": 1676999,
            "revenue_4q": null,
            "common_shares": 1393616,
            "book_valuer_per_share": 26.15,
            "book_valuer_per_share_4q_avg": 27.26,
            "equity": 3779711,
            "current_ratio": 176.02,
            "debt_ratio": 41.63,
            "inventory_turnover_ratio": 1.06,
            "account_receivable_turnover_ratio": 1.18,
            "reinvestment_rate": 17.9,
            "research_to_sale_ratio": 3.35,
            "price_fair": 75.6,
            "eps_avg_yearly": 2.16,
            "eps_latest_yearly": 0.52,
            "eps_growth_yearly": 154.25
        },
        "20191": {
            "year_quarter": 20191,
            "year": 2019,
            "quarter": 1,
            "eps": -0.92,
            "eps_growth_year": null,
            "eps_4q": -2.14,
            "eps_4q_growth_year": null,
            "roe": -3.62,
            "roe_4q": -8.76,
            "gross_profit": 2264,
            "gross_margin": 0.16,
            "gross_margin_4q_avg": 3.63,
            "net_income": -135101,
            "net_income_4q": null,
            "revenue": 1433612,
            "revenue_4q": null,
            "common_shares": 1393616,
            "book_valuer_per_share": 25.57,
            "book_valuer_per_share_4q_avg": 26.58,
            "equity": 3694651,
            "current_ratio": 174.52,
            "debt_ratio": 41.12,
            "inventory_turnover_ratio": 1.04,
            "account_receivable_turnover_ratio": 1.15,
            "reinvestment_rate": -13.94,
            "research_to_sale_ratio": 3.47,
            "price_fair": 65.66,
            "eps_avg_yearly": 1.88,
            "eps_latest_yearly": 0.52,
            "eps_growth_yearly": 171.8
        },
        "20192": {
            "year_quarter": 20192,
            "year": 2019,
            "quarter": 2,
            "eps": -0.72,
            "eps_growth_year": null,
            "eps_4q": -2.77,
            "eps_4q_growth_year": null,
            "roe": -3.02,
            "roe_4q": -11.21,
            "gross_profit": 17961,
            "gross_margin": 1.49,
            "gross_margin_4q_avg": 2.68,
            "net_income": -109686,
            "net_income_4q": null,
            "revenue": 1205060,
            "revenue_4q": null,
            "common_shares": 1393616,
            "book_valuer_per_share": 24.79,
            "book_valuer_per_share_4q_avg": 25.87,
            "equity": 3576874,
            "current_ratio": 179.32,
            "debt_ratio": 40.14,
            "inventory_turnover_ratio": 0.89,
            "account_receivable_turnover_ratio": 1.01,
            "reinvestment_rate": -149.11,
            "research_to_sale_ratio": 3.97,
            "price_fair": 64.4,
            "eps_avg_yearly": 1.84,
            "eps_latest_yearly": 0.52,
            "eps_growth_yearly": 215.78
        },
        "20193": {
            "year_quarter": 20193,
            "year": 2019,
            "quarter": 3,
            "eps": -0.53,
            "eps_growth_year": null,
            "eps_4q": -3.07,
            "eps_4q_growth_year": null,
            "roe": -3.83,
            "roe_4q": -14.03,
            "gross_profit": 27084,
            "gross_margin": 1.99,
            "gross_margin_4q_avg": 1.68,
            "net_income": -133558,
            "net_income_4q": null,
            "revenue": 1364158,
            "revenue_4q": null,
            "common_shares": 1393616,
            "book_valuer_per_share": 23.97,
            "book_valuer_per_share_4q_avg": 25.12,
            "equity": 3402015,
            "current_ratio": 178.92,
            "debt_ratio": 39.52,
            "inventory_turnover_ratio": 1.03,
            "account_receivable_turnover_ratio": 1.17,
            "reinvestment_rate": null,
            "research_to_sale_ratio": 3.28,
            "price_fair": 42.7,
            "eps_avg_yearly": 1.22,
            "eps_latest_yearly": 0.52,
            "eps_growth_yearly": 138.2
        },
        "20194": {
            "year_quarter": 20194,
            "year": 2019,
            "quarter": 4,
            "eps": -0.49,
            "eps_growth_year": null,
            "eps_4q": -2.66,
            "eps_4q_growth_year": null,
            "roe": -2.82,
            "roe_4q": -13.29,
            "gross_profit": 93992,
            "gross_margin": 6.7,
            "gross_margin_4q_avg": 2.59,
            "net_income": -93544,
            "net_income_4q": null,
            "revenue": 1401849,
            "revenue_4q": null,
            "common_shares": 1393616,
            "book_valuer_per_share": 22.95,
            "book_valuer_per_share_4q_avg": 24.32,
            "equity": 3234193,
            "current_ratio": 174.77,
            "debt_ratio": 40.48,
            "inventory_turnover_ratio": 1.13,
            "account_receivable_turnover_ratio": 1.1,
            "reinvestment_rate": null,
            "research_to_sale_ratio": 3.44,
            "price_fair": 32,
            "eps_avg_yearly": 0.91,
            "eps_latest_yearly": 0.52,
            "eps_growth_yearly": 186.86
        },
        "20201": {
            "year_quarter": 20201,
            "year": 2020,
            "quarter": 1,
            "eps": -0.5,
            "eps_growth_year": null,
            "eps_4q": -2.25,
            "eps_4q_growth_year": null,
            "roe": -2.48,
            "roe_4q": -12.149999999999999,
            "gross_profit": 48121,
            "gross_margin": 4.24,
            "gross_margin_4q_avg": 3.61,
            "net_income": -78060,
            "net_income_4q": null,
            "revenue": 1133767,
            "revenue_4q": null,
            "common_shares": 1375632,
            "book_valuer_per_share": 21.82,
            "book_valuer_per_share_4q_avg": 23.38,
            "equity": 3067925,
            "current_ratio": 174.16,
            "debt_ratio": 40.04,
            "inventory_turnover_ratio": 1.07,
            "account_receivable_turnover_ratio": 0.94,
            "reinvestment_rate": null,
            "research_to_sale_ratio": 3.56,
            "price_fair": 34.53,
            "eps_avg_yearly": 0.99,
            "eps_latest_yearly": 0.52,
            "eps_growth_yearly": 275.14
        },
        "20202": {
            "year_quarter": 20202,
            "year": 2020,
            "quarter": 2,
            "eps": -0.38,
            "eps_growth_year": null,
            "eps_4q": -1.9,
            "eps_4q_growth_year": null,
            "roe": -1.7,
            "roe_4q": -10.83,
            "gross_profit": 48619,
            "gross_margin": 5.35,
            "gross_margin_4q_avg": 4.57,
            "net_income": -51489,
            "net_income_4q": null,
            "revenue": 908813,
            "revenue_4q": null,
            "common_shares": 1375632,
            "book_valuer_per_share": 21.26,
            "book_valuer_per_share_4q_avg": 22.5,
            "equity": 2989168,
            "current_ratio": 179.81,
            "debt_ratio": 39.23,
            "inventory_turnover_ratio": 0.91,
            "account_receivable_turnover_ratio": 0.97,
            "reinvestment_rate": null,
            "research_to_sale_ratio": 4.38,
            "price_fair": 31.64,
            "eps_avg_yearly": 0.9,
            "eps_latest_yearly": 0.52,
            "eps_growth_yearly": 176.84
        },
        "20203": {
            "year_quarter": 20203,
            "year": 2020,
            "quarter": 3,
            "eps": -0.48,
            "eps_growth_year": null,
            "eps_4q": -1.85,
            "eps_4q_growth_year": null,
            "roe": -2.29,
            "roe_4q": -9.290000000000001,
            "gross_profit": 92995,
            "gross_margin": 10.51,
            "gross_margin_4q_avg": 6.7,
            "net_income": -67884,
            "net_income_4q": null,
            "revenue": 885144,
            "revenue_4q": null,
            "common_shares": 1375632,
            "book_valuer_per_share": 20.94,
            "book_valuer_per_share_4q_avg": 21.74,
            "equity": 2944963,
            "current_ratio": 185.72,
            "debt_ratio": 37.78,
            "inventory_turnover_ratio": 0.89,
            "account_receivable_turnover_ratio": 1.14,
            "reinvestment_rate": null,
            "research_to_sale_ratio": 5.15,
            "price_fair": 28,
            "eps_avg_yearly": 0.8,
            "eps_latest_yearly": 0.52,
            "eps_growth_yearly": 226.76
        },
        "20204": {
            "year_quarter": 20204,
            "year": 2020,
            "quarter": 4,
            "eps": -0.48,
            "eps_growth_year": null,
            "eps_4q": -1.85,
            "eps_4q_growth_year": null,
            "roe": -2.89,
            "roe_4q": -9.36,
            "gross_profit": 69523,
            "gross_margin": 7.23,
            "gross_margin_4q_avg": 6.83,
            "net_income": -84198,
            "net_income_4q": null,
            "revenue": 961782,
            "revenue_4q": null,
            "common_shares": 1375632,
            "book_valuer_per_share": 20.65,
            "book_valuer_per_share_4q_avg": 21.17,
            "equity": 2886807,
            "current_ratio": 182.31,
            "debt_ratio": 38.21,
            "inventory_turnover_ratio": 1.18,
            "account_receivable_turnover_ratio": 1.19,
            "reinvestment_rate": null,
            "research_to_sale_ratio": 3.27,
            "price_fair": 17.27,
            "eps_avg_yearly": 0.49,
            "eps_latest_yearly": 0.52,
            "eps_growth_yearly": 261.94
        },
        "20211": {
            "year_quarter": 20211,
            "year": 2021,
            "quarter": 1,
            "eps": -0.04,
            "eps_growth_year": null,
            "eps_4q": -1.38,
            "eps_4q_growth_year": null,
            "roe": -0.19,
            "roe_4q": -7.07,
            "gross_profit": 117865,
            "gross_margin": 13.54,
            "gross_margin_4q_avg": 9.16,
            "net_income": -5349,
            "net_income_4q": null,
            "revenue": 870523,
            "revenue_4q": null,
            "common_shares": 1375632,
            "book_valuer_per_share": 20.28,
            "book_valuer_per_share_4q_avg": 20.78,
            "equity": 2835148,
            "current_ratio": 176.08,
            "debt_ratio": 40.23,
            "inventory_turnover_ratio": 1.08,
            "account_receivable_turnover_ratio": 1.09,
            "reinvestment_rate": null,
            "research_to_sale_ratio": 4,
            "price_fair": 11.2,
            "eps_avg_yearly": 0.32,
            "eps_latest_yearly": 0.52,
            "eps_growth_yearly": 495.24
        },
        "20212": {
            "year_quarter": 20212,
            "year": 2021,
            "quarter": 2,
            "eps": 0.3,
            "eps_growth_year": null,
            "eps_4q": -0.7,
            "eps_4q_growth_year": null,
            "roe": 1.44,
            "roe_4q": -3.93,
            "gross_profit": 156363,
            "gross_margin": 16.11,
            "gross_margin_4q_avg": 11.85,
            "net_income": 40660,
            "net_income_4q": null,
            "revenue": 970395,
            "revenue_4q": null,
            "common_shares": 1375632,
            "book_valuer_per_share": 20.25,
            "book_valuer_per_share_4q_avg": 20.53,
            "equity": 2829818,
            "current_ratio": 164.7,
            "debt_ratio": 43.6,
            "inventory_turnover_ratio": 0.98,
            "account_receivable_turnover_ratio": 1.15,
            "reinvestment_rate": null,
            "research_to_sale_ratio": 3.26,
            "price_fair": 18.2,
            "eps_avg_yearly": 0.52,
            "eps_latest_yearly": 0.52,
            "eps_growth_yearly": 1333.33
        },
        "20213": {
            "year_quarter": 20213,
            "year": 2021,
            "quarter": 3,
            "eps": 0.62,
            "eps_growth_year": null,
            "eps_4q": 0.4,
            "eps_4q_growth_year": null,
            "roe": 2.9,
            "roe_4q": 1.2599999999999993,
            "gross_profit": 164304,
            "gross_margin": 15.48,
            "gross_margin_4q_avg": 13.09,
            "net_income": 82893,
            "net_income_4q": null,
            "revenue": 1061352,
            "revenue_4q": null,
            "common_shares": 1375632,
            "book_valuer_per_share": 20.74,
            "book_valuer_per_share_4q_avg": 20.48,
            "equity": 2893915,
            "current_ratio": 166.81,
            "debt_ratio": 43.27,
            "inventory_turnover_ratio": 0.88,
            "account_receivable_turnover_ratio": 1.12,
            "reinvestment_rate": null,
            "research_to_sale_ratio": 3.11,
            "price_fair": 86.8,
            "eps_avg_yearly": 2.48,
            "eps_latest_yearly": 2.48,
            "eps_growth_yearly": 426.67
        },
        "20214": {
            "year_quarter": 20214,
            "year": 2021,
            "quarter": 4,
            "eps": 0.47,
            "eps_growth_year": null,
            "eps_4q": 1.36,
            "eps_4q_growth_year": null,
            "roe": 2.18,
            "roe_4q": 6.329999999999999,
            "gross_profit": 246808,
            "gross_margin": 19.64,
            "gross_margin_4q_avg": 16.19,
            "net_income": 63300,
            "net_income_4q": null,
            "revenue": 1256542,
            "revenue_4q": null,
            "common_shares": 1375632,
            "book_valuer_per_share": 20.86,
            "book_valuer_per_share_4q_avg": 20.53,
            "equity": 2908478,
            "current_ratio": 171.83,
            "debt_ratio": 43.2,
            "inventory_turnover_ratio": 0.91,
            "account_receivable_turnover_ratio": 1.22,
            "reinvestment_rate": null,
            "research_to_sale_ratio": 2.8,
            "price_fair": 76.3,
            "eps_avg_yearly": 2.18,
            "eps_latest_yearly": 1.88,
            "eps_growth_yearly": 164.95
        },
        "20221": {
            "year_quarter": 20221,
            "year": 2022,
            "quarter": 1,
            "eps": 0.19,
            "eps_growth_year": null,
            "eps_4q": 1.58,
            "eps_4q_growth_year": null,
            "roe": 0.78,
            "roe_4q": 7.299999999999999,
            "gross_profit": 131684,
            "gross_margin": 13.61,
            "gross_margin_4q_avg": 16.21,
            "net_income": 22900,
            "net_income_4q": null,
            "revenue": 967719,
            "revenue_4q": null,
            "common_shares": 1375632,
            "book_valuer_per_share": 21.49,
            "book_valuer_per_share_4q_avg": 20.84,
            "equity": 2992887,
            "current_ratio": 177.46,
            "debt_ratio": 42.82,
            "inventory_turnover_ratio": 0.68,
            "account_receivable_turnover_ratio": 0.98,
            "reinvestment_rate": null,
            "research_to_sale_ratio": 3.79,
            "price_fair": 59.73,
            "eps_avg_yearly": 1.71,
            "eps_latest_yearly": 0.76,
            "eps_growth_yearly": 30.53
        },
        "20222": {
            "year_quarter": 20222,
            "year": 2022,
            "quarter": 2,
            "eps": 0.54,
            "eps_growth_year": 80,
            "eps_4q": 1.82,
            "eps_4q_growth_year": null,
            "roe": 2.39,
            "roe_4q": 8.25,
            "gross_profit": 160074,
            "gross_margin": 16.72,
            "gross_margin_4q_avg": 16.36,
            "net_income": 70450,
            "net_income_4q": null,
            "revenue": 957388,
            "revenue_4q": null,
            "common_shares": 1375632,
            "book_valuer_per_share": 20.89,
            "book_valuer_per_share_4q_avg": 21,
            "equity": 2907567,
            "current_ratio": 176.07,
            "debt_ratio": 41.84,
            "inventory_turnover_ratio": 0.57,
            "account_receivable_turnover_ratio": 1.12,
            "reinvestment_rate": null,
            "research_to_sale_ratio": 4.22,
            "price_fair": 63.7,
            "eps_avg_yearly": 1.82,
            "eps_latest_yearly": 2.16,
            "eps_growth_yearly": 207.11
        },
        "20223": {
            "year_quarter": 20223,
            "year": 2022,
            "quarter": 3,
            "eps": 0.09,
            "eps_growth_year": -85.48,
            "eps_4q": 1.29,
            "eps_4q_growth_year": 220.93,
            "roe": 0.28,
            "roe_4q": 5.630000000000001,
            "gross_profit": 70575,
            "gross_margin": 10.29,
            "gross_margin_4q_avg": 15.07,
            "net_income": 8197,
            "net_income_4q": null,
            "revenue": 685941,
            "revenue_4q": null,
            "common_shares": 1375632,
            "book_valuer_per_share": 21.27,
            "book_valuer_per_share_4q_avg": 21.13,
            "equity": 2955717,
            "current_ratio": 196.29,
            "debt_ratio": 38.56,
            "inventory_turnover_ratio": 0.42,
            "account_receivable_turnover_ratio": 0.9,
            "reinvestment_rate": null,
            "research_to_sale_ratio": 5.52,
            "price_fair": 53.48,
            "eps_avg_yearly": 1.53,
            "eps_latest_yearly": 0.36,
            "eps_growth_yearly": 99.02
        },
        "20224": {
            "year_quarter": 20224,
            "year": 2022,
            "quarter": 4,
            "eps": -0.53,
            "eps_growth_year": -212.2,
            "eps_4q": 0.29,
            "eps_4q_growth_year": -78.73,
            "roe": -2.78,
            "roe_4q": 0.6700000000000002,
            "gross_profit": 12515,
            "gross_margin": 2.04,
            "gross_margin_4q_avg": 10.67,
            "net_income": -80982,
            "net_income_4q": null,
            "revenue": 612032,
            "revenue_4q": null,
            "common_shares": 1375632,
            "book_valuer_per_share": 20.69,
            "book_valuer_per_share_4q_avg": 21.09,
            "equity": 2867646,
            "current_ratio": 205.53,
            "debt_ratio": 35.27,
            "inventory_turnover_ratio": 0.43,
            "account_receivable_turnover_ratio": 1.01,
            "reinvestment_rate": null,
            "research_to_sale_ratio": 5.42,
            "price_fair": 53.48,
            "eps_avg_yearly": 1.53,
            "eps_latest_yearly": 0.36,
            "eps_growth_yearly": 99.02
        },
        "20231": {
            "year_quarter": 20231,
            "year": 2023,
            "quarter": 1,
            "eps": -0.84,
            "eps_growth_year": -542.11,
            "eps_4q": -0.73,
            "eps_4q_growth_year": -146.37,
            "roe": -4.29,
            "roe_4q": -4.4,
            "gross_profit": -4710,
            "gross_margin": -0.88,
            "gross_margin_4q_avg": 7.04,
            "net_income": -120096,
            "net_income_4q": null,
            "revenue": 534736,
            "revenue_4q": null,
            "common_shares": 1375632,
            "book_valuer_per_share": 19.74,
            "book_valuer_per_share_4q_avg": 20.65,
            "equity": 2731446,
            "current_ratio": 191.82,
            "debt_ratio": 35.93,
            "inventory_turnover_ratio": 0.44,
            "account_receivable_turnover_ratio": 0.99,
            "reinvestment_rate": null,
            "research_to_sale_ratio": 6.37,
            "price_fair": 53.48,
            "eps_avg_yearly": 1.53,
            "eps_latest_yearly": 0.36,
            "eps_growth_yearly": 99.02
        },
        "20232": {
            "year_quarter": 20232,
            "year": 2023,
            "quarter": 2,
            "eps": -0.39,
            "eps_growth_year": -172.22,
            "eps_4q": -1.66,
            "eps_4q_growth_year": -191.12,
            "roe": -2.21,
            "roe_4q": -9,
            "gross_profit": 56716,
            "gross_margin": 9.51,
            "gross_margin_4q_avg": 5.24,
            "net_income": -58578,
            "net_income_4q": null,
            "revenue": 596291,
            "revenue_4q": null,
            "common_shares": 1375632,
            "book_valuer_per_share": 18.66,
            "book_valuer_per_share_4q_avg": 20.09,
            "equity": 2578208,
            "current_ratio": 186.8,
            "debt_ratio": 37.73,
            "inventory_turnover_ratio": 0.5,
            "account_receivable_turnover_ratio": 1.05,
            "reinvestment_rate": null,
            "research_to_sale_ratio": 4.74,
            "price_fair": 53.48,
            "eps_avg_yearly": 1.53,
            "eps_latest_yearly": 0.36,
            "eps_growth_yearly": 99.02
        }
    },
    "months": {
        "2003-04": {
            "month": "2003-04",
            "price": "44.52",
            "revenue": 287529
        },
        "2003-05": {
            "month": "2003-05",
            "price": "48.35",
            "revenue": 316306
        },
        "2003-06": {
            "month": "2003-06",
            "price": "56.35",
            "revenue": 292213
        },
        "2003-07": {
            "month": "2003-07",
            "price": "56.35",
            "revenue": 344306
        },
        "2003-08": {
            "month": "2003-08",
            "price": "60.12",
            "revenue": 352083
        },
        "2003-09": {
            "month": "2003-09",
            "price": "65.93",
            "revenue": 371383
        },
        "2003-10": {
            "month": "2003-10",
            "price": "59.57",
            "revenue": 422366
        },
        "2003-11": {
            "month": "2003-11",
            "price": "61.12",
            "revenue": 432853
        },
        "2003-12": {
            "month": "2003-12",
            "price": "69.07",
            "revenue": 421364
        },
        "2004-01": {
            "month": "2004-01",
            "price": "78.67",
            "revenue": 390634
        },
        "2004-02": {
            "month": "2004-02",
            "price": "88.65",
            "revenue": 384359
        },
        "2004-03": {
            "month": "2004-03",
            "price": "85.76",
            "revenue": 361513
        },
        "2004-04": {
            "month": "2004-04",
            "price": "81.16",
            "revenue": 380044
        },
        "2004-05": {
            "month": "2004-05",
            "price": "69.12",
            "revenue": 380452
        },
        "2004-06": {
            "month": "2004-06",
            "price": "54.45",
            "revenue": 332638
        },
        "2004-07": {
            "month": "2004-07",
            "price": "52.57",
            "revenue": 335756
        },
        "2004-08": {
            "month": "2004-08",
            "price": "54.90",
            "revenue": 419311
        },
        "2004-09": {
            "month": "2004-09",
            "price": "64.38",
            "revenue": 467473
        },
        "2004-10": {
            "month": "2004-10",
            "price": "69.35",
            "revenue": 494100
        },
        "2004-11": {
            "month": "2004-11",
            "price": "66.59",
            "revenue": 467691
        },
        "2004-12": {
            "month": "2004-12",
            "price": "66.15",
            "revenue": 406086
        },
        "2005-01": {
            "month": "2005-01",
            "price": "64.12",
            "revenue": 416879
        },
        "2005-02": {
            "month": "2005-02",
            "price": "69.77",
            "revenue": 328320
        },
        "2005-03": {
            "month": "2005-03",
            "price": "69.19",
            "revenue": 464404
        },
        "2005-04": {
            "month": "2005-04",
            "price": "67.56",
            "revenue": 372520
        },
        "2005-05": {
            "month": "2005-05",
            "price": "57.25",
            "revenue": 435840
        },
        "2005-06": {
            "month": "2005-06",
            "price": "62.34",
            "revenue": 441826
        },
        "2005-07": {
            "month": "2005-07",
            "price": "62.92",
            "revenue": 401077
        },
        "2005-08": {
            "month": "2005-08",
            "price": "61.13",
            "revenue": 454880
        },
        "2005-09": {
            "month": "2005-09",
            "price": "55.74",
            "revenue": 501605
        },
        "2005-10": {
            "month": "2005-10",
            "price": "48.05",
            "revenue": 599043
        },
        "2005-11": {
            "month": "2005-11",
            "price": "45.30",
            "revenue": 616050
        },
        "2005-12": {
            "month": "2005-12",
            "price": "53.44",
            "revenue": 637874
        },
        "2006-01": {
            "month": "2006-01",
            "price": "55.94",
            "revenue": 610114
        },
        "2006-02": {
            "month": "2006-02",
            "price": "52.88",
            "revenue": 585644
        },
        "2006-03": {
            "month": "2006-03",
            "price": "48.84",
            "revenue": 788594
        },
        "2006-04": {
            "month": "2006-04",
            "price": "50.48",
            "revenue": 704085
        },
        "2006-05": {
            "month": "2006-05",
            "price": "48.26",
            "revenue": 667827
        },
        "2006-06": {
            "month": "2006-06",
            "price": "39.58",
            "revenue": 763530
        },
        "2006-07": {
            "month": "2006-07",
            "price": "38.36",
            "revenue": 782749
        },
        "2006-08": {
            "month": "2006-08",
            "price": "37.06",
            "revenue": 956773
        },
        "2006-09": {
            "month": "2006-09",
            "price": "37.39",
            "revenue": 965539
        },
        "2006-10": {
            "month": "2006-10",
            "price": "38.08",
            "revenue": 985379
        },
        "2006-11": {
            "month": "2006-11",
            "price": "42.58",
            "revenue": 1101214
        },
        "2006-12": {
            "month": "2006-12",
            "price": "55.46",
            "revenue": 910276
        },
        "2007-01": {
            "month": "2007-01",
            "price": "66.69",
            "revenue": 861822
        },
        "2007-02": {
            "month": "2007-02",
            "price": "61.84",
            "revenue": 694287
        },
        "2007-03": {
            "month": "2007-03",
            "price": "67.02",
            "revenue": 1309670
        },
        "2007-04": {
            "month": "2007-04",
            "price": "66.22",
            "revenue": 775991
        },
        "2007-05": {
            "month": "2007-05",
            "price": "61.33",
            "revenue": 1056937
        },
        "2007-06": {
            "month": "2007-06",
            "price": "68.30",
            "revenue": 1322261
        },
        "2007-07": {
            "month": "2007-07",
            "price": "79.53",
            "revenue": 837416
        },
        "2007-08": {
            "month": "2007-08",
            "price": "58.54",
            "revenue": 946568
        },
        "2007-09": {
            "month": "2007-09",
            "price": "48.84",
            "revenue": 1301029
        },
        "2007-10": {
            "month": "2007-10",
            "price": "48.84",
            "revenue": 1137023
        },
        "2007-11": {
            "month": "2007-11",
            "price": "39.91",
            "revenue": 1294925
        },
        "2007-12": {
            "month": "2007-12",
            "price": "39.09",
            "revenue": 1379778
        },
        "2008-01": {
            "month": "2008-01",
            "price": "37.05",
            "revenue": 1285800
        },
        "2008-02": {
            "month": "2008-02",
            "price": "39.59",
            "revenue": 1226319
        },
        "2008-03": {
            "month": "2008-03",
            "price": "42.60",
            "revenue": 1313387
        },
        "2008-04": {
            "month": "2008-04",
            "price": "46.51",
            "revenue": 1047114
        },
        "2008-05": {
            "month": "2008-05",
            "price": "51.06",
            "revenue": 1259975
        },
        "2008-06": {
            "month": "2008-06",
            "price": "50.47",
            "revenue": 1349661
        },
        "2008-07": {
            "month": "2008-07",
            "price": "42.06",
            "revenue": 815449
        },
        "2008-08": {
            "month": "2008-08",
            "price": "40.04",
            "revenue": 860433
        },
        "2008-09": {
            "month": "2008-09",
            "price": "37.20",
            "revenue": 1265878
        },
        "2008-10": {
            "month": "2008-10",
            "price": "30.83",
            "revenue": 994843
        },
        "2008-11": {
            "month": "2008-11",
            "price": "24.09",
            "revenue": 1021257
        },
        "2008-12": {
            "month": "2008-12",
            "price": "22.49",
            "revenue": 810160
        },
        "2009-01": {
            "month": "2009-01",
            "price": "22.34",
            "revenue": 521687
        },
        "2009-02": {
            "month": "2009-02",
            "price": "23.42",
            "revenue": 785617
        },
        "2009-03": {
            "month": "2009-03",
            "price": "25.42",
            "revenue": 1223423
        },
        "2009-04": {
            "month": "2009-04",
            "price": "32.24",
            "revenue": 785925
        },
        "2009-05": {
            "month": "2009-05",
            "price": "34.13",
            "revenue": 959378
        },
        "2009-06": {
            "month": "2009-06",
            "price": "31.94",
            "revenue": 848677
        },
        "2009-07": {
            "month": "2009-07",
            "price": "30.60",
            "revenue": 823637
        },
        "2009-08": {
            "month": "2009-08",
            "price": "26.64",
            "revenue": 872766
        },
        "2009-09": {
            "month": "2009-09",
            "price": "32.95",
            "revenue": 1093414
        },
        "2009-10": {
            "month": "2009-10",
            "price": "36.02",
            "revenue": 946131
        },
        "2009-11": {
            "month": "2009-11",
            "price": "43.21",
            "revenue": 1187494
        },
        "2009-12": {
            "month": "2009-12",
            "price": "45.62",
            "revenue": 1224495
        },
        "2010-01": {
            "month": "2010-01",
            "price": "45.95",
            "revenue": 1138911
        },
        "2010-02": {
            "month": "2010-02",
            "price": "43.82",
            "revenue": 991903
        },
        "2010-03": {
            "month": "2010-03",
            "price": "50.87",
            "revenue": 1046716
        },
        "2010-04": {
            "month": "2010-04",
            "price": "55.03",
            "revenue": 1094981
        },
        "2010-05": {
            "month": "2010-05",
            "price": "51.33",
            "revenue": 1106398
        },
        "2010-06": {
            "month": "2010-06",
            "price": "48.20",
            "revenue": 943626
        },
        "2010-07": {
            "month": "2010-07",
            "price": "51.62",
            "revenue": 986197
        },
        "2010-08": {
            "month": "2010-08",
            "price": "55.51",
            "revenue": 1005487
        },
        "2010-09": {
            "month": "2010-09",
            "price": "55.32",
            "revenue": 1022746
        },
        "2010-10": {
            "month": "2010-10",
            "price": "54.63",
            "revenue": 1026065
        },
        "2010-11": {
            "month": "2010-11",
            "price": "52.20",
            "revenue": 1077407
        },
        "2010-12": {
            "month": "2010-12",
            "price": "81.01",
            "revenue": 999039
        },
        "2011-01": {
            "month": "2011-01",
            "price": "87.42",
            "revenue": 923258
        },
        "2011-02": {
            "month": "2011-02",
            "price": "87.20",
            "revenue": 773189
        },
        "2011-03": {
            "month": "2011-03",
            "price": "84.07",
            "revenue": 860490
        },
        "2011-04": {
            "month": "2011-04",
            "price": "82.74",
            "revenue": 866768
        },
        "2011-05": {
            "month": "2011-05",
            "price": "82.54",
            "revenue": 980878
        },
        "2011-06": {
            "month": "2011-06",
            "price": "75.83",
            "revenue": 900026
        },
        "2011-07": {
            "month": "2011-07",
            "price": "73.55",
            "revenue": 1053638
        },
        "2011-08": {
            "month": "2011-08",
            "price": "68.56",
            "revenue": 1067011
        },
        "2011-09": {
            "month": "2011-09",
            "price": "65.44",
            "revenue": 1144657
        },
        "2011-10": {
            "month": "2011-10",
            "price": "60.97",
            "revenue": 556555
        },
        "2011-11": {
            "month": "2011-11",
            "price": "55.27",
            "revenue": 363161
        },
        "2011-12": {
            "month": "2011-12",
            "price": "53.01",
            "revenue": 627905
        },
        "2012-01": {
            "month": "2012-01",
            "price": "54.91",
            "revenue": 655276
        },
        "2012-02": {
            "month": "2012-02",
            "price": "67.18",
            "revenue": 531479
        },
        "2012-03": {
            "month": "2012-03",
            "price": "70.91",
            "revenue": 760154
        },
        "2012-04": {
            "month": "2012-04",
            "price": "70.83",
            "revenue": 601771
        },
        "2012-05": {
            "month": "2012-05",
            "price": "70.65",
            "revenue": 697292
        },
        "2012-06": {
            "month": "2012-06",
            "price": "72.15",
            "revenue": 644176
        },
        "2012-07": {
            "month": "2012-07",
            "price": "70.87",
            "revenue": 424852
        },
        "2012-08": {
            "month": "2012-08",
            "price": "76.68",
            "revenue": 521893
        },
        "2012-09": {
            "month": "2012-09",
            "price": "87.60",
            "revenue": 509648
        },
        "2012-10": {
            "month": "2012-10",
            "price": "83.33",
            "revenue": 397306
        },
        "2012-11": {
            "month": "2012-11",
            "price": "84.30",
            "revenue": 543216
        },
        "2012-12": {
            "month": "2012-12",
            "price": "86.91",
            "revenue": 518248
        },
        "2013-01": {
            "month": "2013-01",
            "price": "87.02",
            "revenue": 504330
        },
        "2013-02": {
            "month": "2013-02",
            "price": "90.77",
            "revenue": 481796
        },
        "2013-03": {
            "month": "2013-03",
            "price": "85.35",
            "revenue": 609356
        },
        "2013-04": {
            "month": "2013-04",
            "price": "80.24",
            "revenue": 567257
        },
        "2013-05": {
            "month": "2013-05",
            "price": "84.09",
            "revenue": 568035
        },
        "2013-06": {
            "month": "2013-06",
            "price": "82.61",
            "revenue": 531815
        },
        "2013-07": {
            "month": "2013-07",
            "price": "82.63",
            "revenue": 505818
        },
        "2013-08": {
            "month": "2013-08",
            "price": "107.23",
            "revenue": 502008
        },
        "2013-09": {
            "month": "2013-09",
            "price": "127.30",
            "revenue": 511743
        },
        "2013-10": {
            "month": "2013-10",
            "price": "136.23",
            "revenue": 537115
        },
        "2013-11": {
            "month": "2013-11",
            "price": "140.98",
            "revenue": 578313
        },
        "2013-12": {
            "month": "2013-12",
            "price": "153.48",
            "revenue": 678958
        },
        "2014-01": {
            "month": "2014-01",
            "price": "172.58",
            "revenue": 567043
        },
        "2014-02": {
            "month": "2014-02",
            "price": "171.74",
            "revenue": 497117
        },
        "2014-03": {
            "month": "2014-03",
            "price": "175.40",
            "revenue": 600310
        },
        "2014-04": {
            "month": "2014-04",
            "price": "179.45",
            "revenue": 544245
        },
        "2014-05": {
            "month": "2014-05",
            "price": "168.40",
            "revenue": 592124
        },
        "2014-06": {
            "month": "2014-06",
            "price": "164.72",
            "revenue": 580710
        },
        "2014-07": {
            "month": "2014-07",
            "price": "183.07",
            "revenue": 588736
        },
        "2014-08": {
            "month": "2014-08",
            "price": "165.33",
            "revenue": 669255
        },
        "2014-09": {
            "month": "2014-09",
            "price": "160.76",
            "revenue": 605105
        },
        "2014-10": {
            "month": "2014-10",
            "price": "151.75",
            "revenue": 626680
        },
        "2014-11": {
            "month": "2014-11",
            "price": "142.75",
            "revenue": 683704
        },
        "2014-12": {
            "month": "2014-12",
            "price": "162.15",
            "revenue": 637959
        },
        "2015-01": {
            "month": "2015-01",
            "price": "153.82",
            "revenue": 663445
        },
        "2015-02": {
            "month": "2015-02",
            "price": "148.31",
            "revenue": 562147
        },
        "2015-03": {
            "month": "2015-03",
            "price": "145.91",
            "revenue": 538868
        },
        "2015-04": {
            "month": "2015-04",
            "price": "117.25",
            "revenue": 562933
        },
        "2015-05": {
            "month": "2015-05",
            "price": "112.22",
            "revenue": 760352
        },
        "2015-06": {
            "month": "2015-06",
            "price": "100.49",
            "revenue": 531397
        },
        "2015-07": {
            "month": "2015-07",
            "price": "73.45",
            "revenue": 637529
        },
        "2015-08": {
            "month": "2015-08",
            "price": "54.08",
            "revenue": 785608
        },
        "2015-09": {
            "month": "2015-09",
            "price": "54.77",
            "revenue": 742198
        },
        "2015-10": {
            "month": "2015-10",
            "price": "62.29",
            "revenue": 798066
        },
        "2015-11": {
            "month": "2015-11",
            "price": "59.71",
            "revenue": 800648
        },
        "2015-12": {
            "month": "2015-12",
            "price": "55.51",
            "revenue": 781693
        },
        "2016-01": {
            "month": "2016-01",
            "price": "49.60",
            "revenue": 858609
        },
        "2016-02": {
            "month": "2016-02",
            "price": "51.07",
            "revenue": 692442
        },
        "2016-03": {
            "month": "2016-03",
            "price": "55.79",
            "revenue": 612992
        },
        "2016-04": {
            "month": "2016-04",
            "price": "52.32",
            "revenue": 660145
        },
        "2016-05": {
            "month": "2016-05",
            "price": "45.09",
            "revenue": 668009
        },
        "2016-06": {
            "month": "2016-06",
            "price": "42.81",
            "revenue": 506780
        },
        "2016-07": {
            "month": "2016-07",
            "price": "42.02",
            "revenue": 750059
        },
        "2016-08": {
            "month": "2016-08",
            "price": "40.36",
            "revenue": 727216
        },
        "2016-09": {
            "month": "2016-09",
            "price": "39.55",
            "revenue": 682881
        },
        "2016-10": {
            "month": "2016-10",
            "price": "38.60",
            "revenue": 688562
        },
        "2016-11": {
            "month": "2016-11",
            "price": "31.60",
            "revenue": 749459
        },
        "2016-12": {
            "month": "2016-12",
            "price": "30.43",
            "revenue": 768258
        },
        "2017-01": {
            "month": "2017-01",
            "price": "32.49",
            "revenue": 603362
        },
        "2017-02": {
            "month": "2017-02",
            "price": "35.69",
            "revenue": 606266
        },
        "2017-03": {
            "month": "2017-03",
            "price": "35.49",
            "revenue": 645770
        },
        "2017-04": {
            "month": "2017-04",
            "price": "31.60",
            "revenue": 586369
        },
        "2017-05": {
            "month": "2017-05",
            "price": "30.08",
            "revenue": 621462
        },
        "2017-06": {
            "month": "2017-06",
            "price": "30.10",
            "revenue": 634513
        },
        "2017-07": {
            "month": "2017-07",
            "price": "31.29",
            "revenue": 629640
        },
        "2017-08": {
            "month": "2017-08",
            "price": "28.53",
            "revenue": 615822
        },
        "2017-09": {
            "month": "2017-09",
            "price": "28.73",
            "revenue": 704228
        },
        "2017-10": {
            "month": "2017-10",
            "price": "28.22",
            "revenue": 620624
        },
        "2017-11": {
            "month": "2017-11",
            "price": "29.69",
            "revenue": 699424
        },
        "2017-12": {
            "month": "2017-12",
            "price": "27.18",
            "revenue": 697070
        },
        "2018-01": {
            "month": "2018-01",
            "price": "27.12",
            "revenue": 582227
        },
        "2018-02": {
            "month": "2018-02",
            "price": "24.00",
            "revenue": 501958
        },
        "2018-03": {
            "month": "2018-03",
            "price": "24.04",
            "revenue": 661901
        },
        "2018-04": {
            "month": "2018-04",
            "price": "22.97",
            "revenue": 573607
        },
        "2018-05": {
            "month": "2018-05",
            "price": "21.50",
            "revenue": 560555
        },
        "2018-06": {
            "month": "2018-06",
            "price": "22.07",
            "revenue": 496324
        },
        "2018-07": {
            "month": "2018-07",
            "price": "19.88",
            "revenue": 585465
        },
        "2018-08": {
            "month": "2018-08",
            "price": "17.80",
            "revenue": 567281
        },
        "2018-09": {
            "month": "2018-09",
            "price": "16.73",
            "revenue": 579946
        },
        "2018-10": {
            "month": "2018-10",
            "price": "16.16",
            "revenue": 582694
        },
        "2018-11": {
            "month": "2018-11",
            "price": "14.85",
            "revenue": 571779
        },
        "2018-12": {
            "month": "2018-12",
            "price": "15.17",
            "revenue": 522526
        },
        "2019-01": {
            "month": "2019-01",
            "price": "15.04",
            "revenue": 541798
        },
        "2019-02": {
            "month": "2019-02",
            "price": "16.58",
            "revenue": 433258
        },
        "2019-03": {
            "month": "2019-03",
            "price": "16.76",
            "revenue": 458556
        },
        "2019-04": {
            "month": "2019-04",
            "price": "16.34",
            "revenue": 482406
        },
        "2019-05": {
            "month": "2019-05",
            "price": "14.38",
            "revenue": 390981
        },
        "2019-06": {
            "month": "2019-06",
            "price": "13.63",
            "revenue": 331672
        },
        "2019-07": {
            "month": "2019-07",
            "price": "14.38",
            "revenue": 461632
        },
        "2019-08": {
            "month": "2019-08",
            "price": "13.97",
            "revenue": 467848
        },
        "2019-09": {
            "month": "2019-09",
            "price": "13.89",
            "revenue": 434679
        },
        "2019-10": {
            "month": "2019-10",
            "price": "13.65",
            "revenue": 455142
        },
        "2019-11": {
            "month": "2019-11",
            "price": "12.95",
            "revenue": 507490
        },
        "2019-12": {
            "month": "2019-12",
            "price": "13.56",
            "revenue": 439217
        },
        "2020-01": {
            "month": "2020-01",
            "price": "12.71",
            "revenue": 375375
        },
        "2020-02": {
            "month": "2020-02",
            "price": "12.84",
            "revenue": 347914
        },
        "2020-03": {
            "month": "2020-03",
            "price": "12.71",
            "revenue": 410477
        },
        "2020-04": {
            "month": "2020-04",
            "price": "11.80",
            "revenue": 218362
        },
        "2020-05": {
            "month": "2020-05",
            "price": "13.03",
            "revenue": 300809
        },
        "2020-06": {
            "month": "2020-06",
            "price": "13.48",
            "revenue": 389642
        },
        "2020-07": {
            "month": "2020-07",
            "price": "14.19",
            "revenue": 268677
        },
        "2020-08": {
            "month": "2020-08",
            "price": "13.88",
            "revenue": 290984
        },
        "2020-09": {
            "month": "2020-09",
            "price": "14.02",
            "revenue": 325483
        },
        "2020-10": {
            "month": "2020-10",
            "price": "13.97",
            "revenue": 316756
        },
        "2020-11": {
            "month": "2020-11",
            "price": "13.81",
            "revenue": 332934
        },
        "2020-12": {
            "month": "2020-12",
            "price": "15.15",
            "revenue": 312091
        },
        "2021-01": {
            "month": "2021-01",
            "price": "14.78",
            "revenue": 328884
        },
        "2021-02": {
            "month": "2021-02",
            "price": "14.63",
            "revenue": 224962
        },
        "2021-03": {
            "month": "2021-03",
            "price": "15.17",
            "revenue": 316677
        },
        "2021-04": {
            "month": "2021-04",
            "price": "22.09",
            "revenue": 272735
        },
        "2021-05": {
            "month": "2021-05",
            "price": "26.58",
            "revenue": 319548
        },
        "2021-06": {
            "month": "2021-06",
            "price": "28.54",
            "revenue": 378112
        },
        "2021-07": {
            "month": "2021-07",
            "price": "25.43",
            "revenue": 319470
        },
        "2021-08": {
            "month": "2021-08",
            "price": "23.13",
            "revenue": 363008
        },
        "2021-09": {
            "month": "2021-09",
            "price": "22.78",
            "revenue": 378874
        },
        "2021-10": {
            "month": "2021-10",
            "price": "20.65",
            "revenue": 431426
        },
        "2021-11": {
            "month": "2021-11",
            "price": "24.37",
            "revenue": 410652
        },
        "2021-12": {
            "month": "2021-12",
            "price": "25.98",
            "revenue": 414465
        },
        "2022-01": {
            "month": "2022-01",
            "price": "24.20",
            "revenue": 309284
        },
        "2022-02": {
            "month": "2022-02",
            "price": "23.49",
            "revenue": 281726
        },
        "2022-03": {
            "month": "2022-03",
            "price": "22.48",
            "revenue": 376709
        },
        "2022-04": {
            "month": "2022-04",
            "price": "21.37",
            "revenue": 322971
        },
        "2022-05": {
            "month": "2022-05",
            "price": "20.42",
            "revenue": 318830
        },
        "2022-06": {
            "month": "2022-06",
            "price": "20.39",
            "revenue": 315586
        },
        "2022-07": {
            "month": "2022-07",
            "price": "17.92",
            "revenue": 227236
        },
        "2022-08": {
            "month": "2022-08",
            "price": "19.32",
            "revenue": 249108
        },
        "2022-09": {
            "month": "2022-09",
            "price": "18.45",
            "revenue": 209598
        },
        "2022-10": {
            "month": "2022-10",
            "price": "16.64",
            "revenue": 246561
        },
        "2022-11": {
            "month": "2022-11",
            "price": "16.86",
            "revenue": 178323
        },
        "2022-12": {
            "month": "2022-12",
            "price": "16.80",
            "revenue": 187147
        },
        "2023-01": {
            "month": "2023-01",
            "price": "16.42",
            "revenue": 178048
        },
        "2023-02": {
            "month": "2023-02",
            "price": "17.44",
            "revenue": 180012
        },
        "2023-03": {
            "month": "2023-03",
            "price": "17.69",
            "revenue": 176676
        },
        "2023-04": {
            "month": "2023-04",
            "price": "17.60",
            "revenue": 194670
        },
        "2023-05": {
            "month": "2023-05",
            "price": "17.19",
            "revenue": 186242
        },
        "2023-06": {
            "month": "2023-06",
            "price": "17.54",
            "revenue": 215379
        },
        "2023-07": {
            "month": "2023-07",
            "price": "20.41",
            "revenue": 241114
        },
        "2023-08": {
            "month": "2023-08",
            "price": "19.18",
            "revenue": 249006
        },
        "2023-09": {
            "month": "2023-09",
            "price": "19.51",
            "revenue": 260113
        }
    }
}
