{
    "summary": {
        "stock_name": "建漢",
        "stock_id": "3062",
        "category": "通信網路",
        "main_business": "研究開發生產製造及銷售下列產品:1.寬頻網際網路存取路由器<br>2.虛擬私有網路3.防火牆4.第三/四層交換器<br>5.有線高階寬頻網路保全路由器6.無線高階寬頻網路保全路由器",
        "website_url": "http://www.cybertan.com.tw",
        "ceo": "李廣益",
        "pe_ratio": -18,
        "report_year_from": 2001,
        "report_year_to": 2023,
        "age": 22,
        "eps_negative_percentage": 9,
        "eps_growth_avg": {
            "last_all": -1.04,
            "last_2y": -53.06,
            "last_4y": -42.23,
            "last_8y": -17.75,
            "last_12y": -9.01,
            "last_16y": -2.05,
            "last_20y": null,
            "at_2006_last_3y": -0.44,
            "at_2007_last_3y": -0.1,
            "at_2008_last_3y": 4.65,
            "at_2009_last_3y": 20.59,
            "at_2010_last_3y": 13.39,
            "at_2011_last_3y": 14.17,
            "at_2012_last_3y": 4.67,
            "at_2013_last_3y": 10.65,
            "at_2014_last_3y": 46.82,
            "at_2015_last_3y": 36.96,
            "at_2016_last_3y": 52.31,
            "at_2017_last_3y": 12.85,
            "at_2018_last_3y": -7.5,
            "at_2019_last_3y": -34.37,
            "at_2020_last_3y": -39.12,
            "at_2021_last_3y": -27.79,
            "at_2022_last_3y": -57.44,
            "at_2023_last_3y": -57.44,
            "at_2006_last_all": -0.44,
            "at_2007_last_all": 14.28,
            "at_2008_last_all": 3.39,
            "at_2009_last_all": 13.78,
            "at_2010_last_all": 6.47,
            "at_2011_last_all": 14.23,
            "at_2012_last_all": 3.9,
            "at_2013_last_all": 12.64,
            "at_2014_last_all": 19.92,
            "at_2015_last_all": 21.23,
            "at_2016_last_all": 17.73,
            "at_2017_last_all": 12.7,
            "at_2018_last_all": 13.06,
            "at_2019_last_all": 8.14,
            "at_2020_last_all": 5.1,
            "at_2021_last_all": 4.17,
            "at_2022_last_all": -1.04,
            "at_2023_last_all": -1.04
        },
        "latest_eps": -1.2,
        "latest_price": 21.9,
        "latest_roe": -7.63,
        "latest_gross_margin": 0.58,
        "latest_equity": 4973469,
        "latest_revenue": 862064,
        "latest_gross_profit": 5019,
        "latest_net_income": -122855,
        "latest_debt_ratio": 30.77,
        "latest_current_ratio": 276.47,
        "latest_account_receivable_turnover_ratio": 0.58,
        "latest_inventory_turnover_ratio": 0.67,
        "latest_reinvestment_rate": null,
        "latest_research_to_sale_ratio": 8.63
    },
    "eps_dividends": {
        "2001": {
            "cash": 0,
            "stock": 0,
            "eps": 0
        },
        "2002": {
            "cash": 3,
            "stock": 7,
            "eps": 2.84
        },
        "2003": {
            "cash": 1,
            "stock": 4,
            "eps": 4.88
        },
        "2004": {
            "cash": 2,
            "stock": 2,
            "eps": 1.46
        },
        "2005": {
            "cash": 1,
            "stock": 1,
            "eps": 1.64
        },
        "2006": {
            "cash": 1,
            "stock": 1,
            "eps": 1.38
        },
        "2007": {
            "cash": 1,
            "stock": 0,
            "eps": 2.39
        },
        "2008": {
            "cash": 1,
            "stock": 0,
            "eps": 1.17
        },
        "2009": {
            "cash": 0,
            "stock": 0,
            "eps": 2.06
        },
        "2010": {
            "cash": 2,
            "stock": 0,
            "eps": 1.14
        },
        "2011": {
            "cash": 2,
            "stock": 0,
            "eps": 2.01
        },
        "2012": {
            "cash": 0,
            "stock": 0,
            "eps": 0.22
        },
        "2013": {
            "cash": 0,
            "stock": 0,
            "eps": 0.48
        },
        "2014": {
            "cash": 0,
            "stock": 0,
            "eps": 1.03
        },
        "2015": {
            "cash": 1,
            "stock": 0,
            "eps": 1.41
        },
        "2016": {
            "cash": 1,
            "stock": 0,
            "eps": 1.02
        },
        "2017": {
            "cash": 1,
            "stock": 0,
            "eps": 0.43
        },
        "2018": {
            "cash": 0,
            "stock": 0,
            "eps": 0.51
        },
        "2019": {
            "cash": 0,
            "stock": 0,
            "eps": 0.15
        },
        "2020": {
            "cash": 0,
            "stock": 0,
            "eps": 0.08
        },
        "2021": {
            "cash": 0,
            "stock": 0,
            "eps": 0.07
        },
        "2022": {
            "cash": 0,
            "stock": 0,
            "eps": -1.12
        },
        "2023": {
            "cash": 0,
            "stock": 0,
            "eps": -0.37
        }
    },
    "dividends": {
        "2002-05-21": {
            "cash": 2.5,
            "stock": 6.5
        },
        "2003-05-16": {
            "cash": 0.5,
            "stock": 3.5
        },
        "2004-05-12": {
            "cash": 2,
            "stock": 2
        },
        "2005-04-29": {
            "cash": 0.62,
            "stock": 0.72
        },
        "2006-04-26": {
            "cash": 1,
            "stock": 0.5
        },
        "2007-04-26": {
            "cash": 0.95,
            "stock": 0.4
        },
        "2008-04-29": {
            "cash": 1,
            "stock": 0.3
        },
        "2009-04-23": {
            "cash": 0.41,
            "stock": 0.1
        },
        "2010-04-27": {
            "cash": 1.53,
            "stock": 0
        },
        "2011-01-01": {
            "cash": 1.3,
            "stock": 0
        },
        "2011-04-26": {
            "cash": 0.7,
            "stock": 0
        },
        "2013-04-26": {
            "cash": 0.15,
            "stock": 0
        },
        "2014-09-23": {
            "cash": 0.35,
            "stock": 0
        },
        "2015-08-14": {
            "cash": 0.7,
            "stock": 0
        },
        "2016-08-31": {
            "cash": 1,
            "stock": 0
        },
        "2017-08-30": {
            "cash": 0.8,
            "stock": 0
        },
        "2018-08-30": {
            "cash": 0.35,
            "stock": 0
        },
        "2019-08-30": {
            "cash": 0.4,
            "stock": 0
        },
        "2020-08-28": {
            "cash": 0.15,
            "stock": 0
        },
        "2021-08-31": {
            "cash": 0.15,
            "stock": 0
        },
        "2022-08-26": {
            "cash": 0.05,
            "stock": 0
        }
    },
    "prices": {
        "200101": "無",
        "200102": "無",
        "200103": "無",
        "200104": "無",
        "200105": "無",
        "200106": "無",
        "200107": "無",
        "200108": "無",
        "200109": "無",
        "200110": "無",
        "200111": "無",
        "200112": "無",
        "200201": "無",
        "200202": "無",
        "200203": "無",
        "200204": "無",
        "200205": "無",
        "200206": "無",
        "200207": "無",
        "200208": "無",
        "200209": "無",
        "200210": "無",
        "200211": "無",
        "200212": "無",
        "200301": "無",
        "200302": "無",
        "200303": "無",
        "200304": "無",
        "200305": "無",
        "200306": "無",
        "200307": "64.62",
        "200308": "52.65",
        "200309": "42.35",
        "200310": "40.14",
        "200311": "46.54",
        "200312": "48.98",
        "200401": "49.06",
        "200402": "51.02",
        "200403": "49.96",
        "200404": "48.89",
        "200405": "37.47",
        "200406": "33.43",
        "200407": "27.68",
        "200408": "24.76",
        "200409": "21.50",
        "200410": "21.38",
        "200411": "19.84",
        "200412": "21.45",
        "200501": "19.42",
        "200502": "22.76",
        "200503": "28.53",
        "200504": "25.16",
        "200505": "22.62",
        "200506": "24.42",
        "200507": "25.64",
        "200508": "21.48",
        "200509": "19.85",
        "200510": "16.67",
        "200511": "17.91",
        "200512": "30.22",
        "200601": "45.07",
        "200602": "46.97",
        "200603": "40.18",
        "200604": "41.29",
        "200605": "42.29",
        "200606": "40.26",
        "200607": "40.86",
        "200608": "37.44",
        "200609": "40.08",
        "200610": "48.11",
        "200611": "52.79",
        "200612": "66.53",
        "200701": "66.75",
        "200702": "66.31",
        "200703": "79.35",
        "200704": "72.42",
        "200705": "75.13",
        "200706": "87.08",
        "200707": "105.43",
        "200708": "95.78",
        "200709": "109.64",
        "200710": "98.79",
        "200711": "68.88",
        "200712": "64.07",
        "200801": "45.14",
        "200802": "42.96",
        "200803": "50.01",
        "200804": "56.50",
        "200805": "54.05",
        "200806": "47.91",
        "200807": "41.98",
        "200808": "46.77",
        "200809": "35.91",
        "200810": "24.07",
        "200811": "17.34",
        "200812": "19.03",
        "200901": "23.61",
        "200902": "24.02",
        "200903": "26.12",
        "200904": "31.49",
        "200905": "42.57",
        "200906": "43.36",
        "200907": "43.56",
        "200908": "38.26",
        "200909": "40.94",
        "200910": "44.71",
        "200911": "46.73",
        "200912": "48.66",
        "201001": "47.67",
        "201002": "43.03",
        "201003": "43.95",
        "201004": "43.94",
        "201005": "36.86",
        "201006": "34.73",
        "201007": "35.06",
        "201008": "36.86",
        "201009": "37.10",
        "201010": "41.71",
        "201011": "39.32",
        "201012": "42.07",
        "201101": "40.00",
        "201102": "35.61",
        "201103": "30.37",
        "201104": "30.04",
        "201105": "32.00",
        "201106": "34.60",
        "201107": "32.87",
        "201108": "32.16",
        "201109": "31.50",
        "201110": "30.08",
        "201111": "31.65",
        "201112": "27.24",
        "201201": "27.14",
        "201202": "31.86",
        "201203": "30.56",
        "201204": "26.12",
        "201205": "24.09",
        "201206": "22.61",
        "201207": "21.55",
        "201208": "21.82",
        "201209": "22.88",
        "201210": "22.75",
        "201211": "21.27",
        "201212": "25.10",
        "201301": "24.95",
        "201302": "25.12",
        "201303": "24.78",
        "201304": "22.56",
        "201305": "23.50",
        "201306": "24.25",
        "201307": "28.89",
        "201308": "34.20",
        "201309": "34.17",
        "201310": "33.36",
        "201311": "31.50",
        "201312": "31.54",
        "201401": "33.30",
        "201402": "33.69",
        "201403": "33.70",
        "201404": "31.91",
        "201405": "30.23",
        "201406": "31.41",
        "201407": "31.16",
        "201408": "28.00",
        "201409": "27.03",
        "201410": "24.42",
        "201411": "24.04",
        "201412": "24.98",
        "201501": "25.12",
        "201502": "23.58",
        "201503": "23.74",
        "201504": "24.14",
        "201505": "23.11",
        "201506": "21.57",
        "201507": "19.45",
        "201508": "15.64",
        "201509": "15.06",
        "201510": "16.71",
        "201511": "16.83",
        "201512": "15.79",
        "201601": "18.25",
        "201602": "20.80",
        "201603": "20.71",
        "201604": "18.48",
        "201605": "16.71",
        "201606": "18.32",
        "201607": "19.83",
        "201608": "19.96",
        "201609": "19.98",
        "201610": "19.55",
        "201611": "17.81",
        "201612": "19.04",
        "201701": "19.14",
        "201702": "19.74",
        "201703": "20.51",
        "201704": "19.75",
        "201705": "19.84",
        "201706": "20.20",
        "201707": "20.15",
        "201708": "18.91",
        "201709": "19.04",
        "201710": "18.61",
        "201711": "18.57",
        "201712": "17.98",
        "201801": "19.89",
        "201802": "18.91",
        "201803": "18.99",
        "201804": "17.92",
        "201805": "18.32",
        "201806": "18.80",
        "201807": "17.83",
        "201808": "17.10",
        "201809": "15.58",
        "201810": "13.31",
        "201811": "13.35",
        "201812": "15.91",
        "201901": "15.06",
        "201902": "15.70",
        "201903": "15.81",
        "201904": "16.86",
        "201905": "15.01",
        "201906": "14.97",
        "201907": "15.66",
        "201908": "14.92",
        "201909": "16.41",
        "201910": "18.12",
        "201911": "18.33",
        "201912": "18.17",
        "202001": "17.31",
        "202002": "15.56",
        "202003": "12.94",
        "202004": "13.48",
        "202005": "14.77",
        "202006": "14.70",
        "202007": "15.52",
        "202008": "14.96",
        "202009": "15.01",
        "202010": "14.26",
        "202011": "14.78",
        "202012": "16.94",
        "202101": "19.25",
        "202102": "19.25",
        "202103": "20.51",
        "202104": "20.94",
        "202105": "17.07",
        "202106": "18.69",
        "202107": "19.72",
        "202108": "18.29",
        "202109": "18.29",
        "202110": "20.40",
        "202111": "30.60",
        "202112": "31.00",
        "202201": "27.87",
        "202202": "26.00",
        "202203": "25.64",
        "202204": "24.36",
        "202205": "22.36",
        "202206": "24.32",
        "202207": "28.18",
        "202208": "29.27",
        "202209": "26.97",
        "202210": "23.24",
        "202211": "23.18",
        "202212": "24.42",
        "202301": "23.54",
        "202302": "24.32",
        "202303": "23.76",
        "202304": "23.21",
        "202305": "22.04"
    },
    "quarters": {
        "20011": {
            "year_quarter": 20011,
            "year": 2001,
            "quarter": 1,
            "eps": null,
            "eps_growth_year": null,
            "eps_4q": null,
            "eps_4q_growth_year": null,
            "roe": null,
            "roe_4q": 0,
            "gross_profit": null,
            "gross_margin": null,
            "gross_margin_4q_avg": 0,
            "net_income": null,
            "revenue": null,
            "common_shares": null,
            "book_valuer_per_share": null,
            "book_valuer_per_share_4q_avg": 0,
            "equity": null,
            "current_ratio": null,
            "debt_ratio": null,
            "inventory_turnover_ratio": null,
            "account_receivable_turnover_ratio": null,
            "reinvestment_rate": null,
            "research_to_sale_ratio": null,
            "price_fair": 0,
            "eps_avg_yearly": 0,
            "eps_latest_yearly": 0,
            "eps_growth_yearly": 0
        },
        "20012": {
            "year_quarter": 20012,
            "year": 2001,
            "quarter": 2,
            "eps": null,
            "eps_growth_year": null,
            "eps_4q": null,
            "eps_4q_growth_year": null,
            "roe": null,
            "roe_4q": 0,
            "gross_profit": null,
            "gross_margin": null,
            "gross_margin_4q_avg": 0,
            "net_income": null,
            "revenue": null,
            "common_shares": null,
            "book_valuer_per_share": null,
            "book_valuer_per_share_4q_avg": 0,
            "equity": null,
            "current_ratio": null,
            "debt_ratio": null,
            "inventory_turnover_ratio": null,
            "account_receivable_turnover_ratio": null,
            "reinvestment_rate": null,
            "research_to_sale_ratio": null,
            "price_fair": 0,
            "eps_avg_yearly": 0,
            "eps_latest_yearly": 0,
            "eps_growth_yearly": 0
        },
        "20013": {
            "year_quarter": 20013,
            "year": 2001,
            "quarter": 3,
            "eps": null,
            "eps_growth_year": null,
            "eps_4q": null,
            "eps_4q_growth_year": null,
            "roe": null,
            "roe_4q": 0,
            "gross_profit": null,
            "gross_margin": null,
            "gross_margin_4q_avg": 0,
            "net_income": null,
            "revenue": null,
            "common_shares": null,
            "book_valuer_per_share": null,
            "book_valuer_per_share_4q_avg": 0,
            "equity": null,
            "current_ratio": null,
            "debt_ratio": null,
            "inventory_turnover_ratio": null,
            "account_receivable_turnover_ratio": null,
            "reinvestment_rate": null,
            "research_to_sale_ratio": null,
            "price_fair": 0,
            "eps_avg_yearly": 0,
            "eps_latest_yearly": 0,
            "eps_growth_yearly": 0
        },
        "20014": {
            "year_quarter": 20014,
            "year": 2001,
            "quarter": 4,
            "eps": null,
            "eps_growth_year": null,
            "eps_4q": null,
            "eps_4q_growth_year": null,
            "roe": null,
            "roe_4q": 0,
            "gross_profit": null,
            "gross_margin": null,
            "gross_margin_4q_avg": 0,
            "net_income": null,
            "revenue": null,
            "common_shares": 693000,
            "book_valuer_per_share": 29.74,
            "book_valuer_per_share_4q_avg": 7.44,
            "equity": 2060852,
            "current_ratio": 567.25,
            "debt_ratio": 21.24,
            "inventory_turnover_ratio": null,
            "account_receivable_turnover_ratio": null,
            "reinvestment_rate": null,
            "research_to_sale_ratio": null,
            "price_fair": 0,
            "eps_avg_yearly": 0,
            "eps_latest_yearly": 0,
            "eps_growth_yearly": 0
        },
        "20021": {
            "year_quarter": 20021,
            "year": 2002,
            "quarter": 1,
            "eps": null,
            "eps_growth_year": null,
            "eps_4q": null,
            "eps_4q_growth_year": null,
            "roe": null,
            "roe_4q": 0,
            "gross_profit": null,
            "gross_margin": null,
            "gross_margin_4q_avg": 0,
            "net_income": null,
            "revenue": null,
            "common_shares": null,
            "book_valuer_per_share": null,
            "book_valuer_per_share_4q_avg": 7.44,
            "equity": null,
            "current_ratio": null,
            "debt_ratio": null,
            "inventory_turnover_ratio": null,
            "account_receivable_turnover_ratio": null,
            "reinvestment_rate": null,
            "research_to_sale_ratio": null,
            "price_fair": 0,
            "eps_avg_yearly": 0,
            "eps_latest_yearly": 0,
            "eps_growth_yearly": 0
        },
        "20022": {
            "year_quarter": 20022,
            "year": 2002,
            "quarter": 2,
            "eps": null,
            "eps_growth_year": null,
            "eps_4q": null,
            "eps_4q_growth_year": null,
            "roe": null,
            "roe_4q": 0,
            "gross_profit": null,
            "gross_margin": null,
            "gross_margin_4q_avg": 0,
            "net_income": null,
            "revenue": null,
            "common_shares": null,
            "book_valuer_per_share": null,
            "book_valuer_per_share_4q_avg": 7.44,
            "equity": null,
            "current_ratio": null,
            "debt_ratio": null,
            "inventory_turnover_ratio": null,
            "account_receivable_turnover_ratio": null,
            "reinvestment_rate": null,
            "research_to_sale_ratio": null,
            "price_fair": 0,
            "eps_avg_yearly": 0,
            "eps_latest_yearly": 0,
            "eps_growth_yearly": 0
        },
        "20023": {
            "year_quarter": 20023,
            "year": 2002,
            "quarter": 3,
            "eps": 1.05,
            "eps_growth_year": null,
            "eps_4q": null,
            "eps_4q_growth_year": null,
            "roe": 5.87,
            "roe_4q": 5.87,
            "gross_profit": 168840,
            "gross_margin": 14.3,
            "gross_margin_4q_avg": 3.58,
            "net_income": 128861,
            "revenue": 1180961,
            "common_shares": 1221450,
            "book_valuer_per_share": 17.97,
            "book_valuer_per_share_4q_avg": 11.93,
            "equity": 2194946,
            "current_ratio": 312.12,
            "debt_ratio": 28.79,
            "inventory_turnover_ratio": 2.6,
            "account_receivable_turnover_ratio": null,
            "reinvestment_rate": null,
            "research_to_sale_ratio": null,
            "price_fair": 0,
            "eps_avg_yearly": 0,
            "eps_latest_yearly": 0,
            "eps_growth_yearly": 0
        },
        "20024": {
            "year_quarter": 20024,
            "year": 2002,
            "quarter": 4,
            "eps": 1.79,
            "eps_growth_year": null,
            "eps_4q": null,
            "eps_4q_growth_year": null,
            "roe": 8.64,
            "roe_4q": 14.510000000000002,
            "gross_profit": 248101,
            "gross_margin": 18.06,
            "gross_margin_4q_avg": 8.09,
            "net_income": 226087,
            "revenue": 1373965,
            "common_shares": 1463588,
            "book_valuer_per_share": 20.76,
            "book_valuer_per_share_4q_avg": 9.68,
            "equity": 3038159,
            "current_ratio": 200.98,
            "debt_ratio": 41.09,
            "inventory_turnover_ratio": 1.95,
            "account_receivable_turnover_ratio": null,
            "reinvestment_rate": null,
            "research_to_sale_ratio": null,
            "price_fair": 250.6,
            "eps_avg_yearly": 7.16,
            "eps_latest_yearly": 7.16,
            "eps_growth_yearly": 281.9
        },
        "20031": {
            "year_quarter": 20031,
            "year": 2003,
            "quarter": 1,
            "eps": 1.58,
            "eps_growth_year": null,
            "eps_4q": null,
            "eps_4q_growth_year": null,
            "roe": 7.34,
            "roe_4q": 21.85,
            "gross_profit": 265407,
            "gross_margin": 13.75,
            "gross_margin_4q_avg": 11.53,
            "net_income": 231602,
            "revenue": 1930481,
            "common_shares": 1463588,
            "book_valuer_per_share": 22.34,
            "book_valuer_per_share_4q_avg": 15.27,
            "equity": 3269761,
            "current_ratio": 185.65,
            "debt_ratio": 43.76,
            "inventory_turnover_ratio": 1.81,
            "account_receivable_turnover_ratio": null,
            "reinvestment_rate": null,
            "research_to_sale_ratio": null,
            "price_fair": 235.9,
            "eps_avg_yearly": 6.74,
            "eps_latest_yearly": 6.32,
            "eps_growth_yearly": 117.49
        },
        "20032": {
            "year_quarter": 20032,
            "year": 2003,
            "quarter": 2,
            "eps": 0.73,
            "eps_growth_year": null,
            "eps_4q": 3.63,
            "eps_4q_growth_year": null,
            "roe": 4.48,
            "roe_4q": 26.330000000000002,
            "gross_profit": 280292,
            "gross_margin": 13.89,
            "gross_margin_4q_avg": 15,
            "net_income": 147868,
            "revenue": 2017265,
            "common_shares": 1463588,
            "book_valuer_per_share": 22.73,
            "book_valuer_per_share_4q_avg": 20.95,
            "equity": 3327319,
            "current_ratio": 170.02,
            "debt_ratio": 49.26,
            "inventory_turnover_ratio": 1.67,
            "account_receivable_turnover_ratio": null,
            "reinvestment_rate": null,
            "research_to_sale_ratio": null,
            "price_fair": 90.72,
            "eps_avg_yearly": 5.47,
            "eps_latest_yearly": 2.92,
            "eps_growth_yearly": 6.6
        },
        "20033": {
            "year_quarter": 20033,
            "year": 2003,
            "quarter": 3,
            "eps": 1.07,
            "eps_growth_year": 1.9,
            "eps_4q": 4.03,
            "eps_4q_growth_year": null,
            "roe": 6.38,
            "roe_4q": 26.84,
            "gross_profit": 404754,
            "gross_margin": 16.49,
            "gross_margin_4q_avg": 15.55,
            "net_income": 218948,
            "revenue": 2454328,
            "common_shares": 2037823,
            "book_valuer_per_share": 17.36,
            "book_valuer_per_share_4q_avg": 20.8,
            "equity": 3538087,
            "current_ratio": 179.72,
            "debt_ratio": 46.95,
            "inventory_turnover_ratio": 2.01,
            "account_receivable_turnover_ratio": null,
            "reinvestment_rate": null,
            "research_to_sale_ratio": null,
            "price_fair": 180.95,
            "eps_avg_yearly": 5.17,
            "eps_latest_yearly": 4.28,
            "eps_growth_yearly": 51.52
        },
        "20034": {
            "year_quarter": 20034,
            "year": 2003,
            "quarter": 4,
            "eps": 1.5,
            "eps_growth_year": -16.2,
            "eps_4q": 4.44,
            "eps_4q_growth_year": null,
            "roe": 8.28,
            "roe_4q": 26.48,
            "gross_profit": 506750,
            "gross_margin": 18.34,
            "gross_margin_4q_avg": 15.62,
            "net_income": 305642,
            "revenue": 2763664,
            "common_shares": 2037823,
            "book_valuer_per_share": 18.88,
            "book_valuer_per_share_4q_avg": 20.33,
            "equity": 3847126,
            "current_ratio": 296.12,
            "debt_ratio": 62.63,
            "inventory_turnover_ratio": 1.72,
            "account_receivable_turnover_ratio": null,
            "reinvestment_rate": null,
            "research_to_sale_ratio": null,
            "price_fair": 186.76,
            "eps_avg_yearly": 5.34,
            "eps_latest_yearly": 6,
            "eps_growth_yearly": 73.37
        },
        "20041": {
            "year_quarter": 20041,
            "year": 2004,
            "quarter": 1,
            "eps": 0.85,
            "eps_growth_year": -46.2,
            "eps_4q": 4.16,
            "eps_4q_growth_year": null,
            "roe": 4.4,
            "roe_4q": 23.54,
            "gross_profit": 333062,
            "gross_margin": 12.95,
            "gross_margin_4q_avg": 15.42,
            "net_income": 172615,
            "revenue": 2571744,
            "common_shares": 2037823,
            "book_valuer_per_share": 19.64,
            "book_valuer_per_share_4q_avg": 19.65,
            "equity": 4001526,
            "current_ratio": 276.76,
            "debt_ratio": 60.68,
            "inventory_turnover_ratio": 1.26,
            "account_receivable_turnover_ratio": null,
            "reinvestment_rate": null,
            "research_to_sale_ratio": null,
            "price_fair": 175.47,
            "eps_avg_yearly": 5.01,
            "eps_latest_yearly": 3.4,
            "eps_growth_yearly": 32.25
        },
        "20042": {
            "year_quarter": 20042,
            "year": 2004,
            "quarter": 2,
            "eps": -0.49,
            "eps_growth_year": -167.12,
            "eps_4q": 2.82,
            "eps_4q_growth_year": -22.28,
            "roe": -3.31,
            "roe_4q": 15.75,
            "gross_profit": 311754,
            "gross_margin": 11.76,
            "gross_margin_4q_avg": 14.89,
            "net_income": -122961,
            "revenue": 2651378,
            "common_shares": 2037823,
            "book_valuer_per_share": 16.81,
            "book_valuer_per_share_4q_avg": 18.17,
            "equity": 3425581,
            "current_ratio": 249.3,
            "debt_ratio": 65.16,
            "inventory_turnover_ratio": 1.36,
            "account_receivable_turnover_ratio": null,
            "reinvestment_rate": null,
            "research_to_sale_ratio": null,
            "price_fair": 175.47,
            "eps_avg_yearly": 5.01,
            "eps_latest_yearly": 3.4,
            "eps_growth_yearly": 32.25
        },
        "20043": {
            "year_quarter": 20043,
            "year": 2004,
            "quarter": 3,
            "eps": 0.78,
            "eps_growth_year": -27.1,
            "eps_4q": 2.21,
            "eps_4q_growth_year": -45.05,
            "roe": 5.68,
            "roe_4q": 15.049999999999999,
            "gross_profit": 534751,
            "gross_margin": 15.63,
            "gross_margin_4q_avg": 14.67,
            "net_income": 193251,
            "revenue": 3421768,
            "common_shares": 2505798,
            "book_valuer_per_share": 13.47,
            "book_valuer_per_share_4q_avg": 17.2,
            "equity": 3374583,
            "current_ratio": 253.02,
            "debt_ratio": 65.43,
            "inventory_turnover_ratio": 1.71,
            "account_receivable_turnover_ratio": null,
            "reinvestment_rate": null,
            "research_to_sale_ratio": null,
            "price_fair": 175.47,
            "eps_avg_yearly": 5.01,
            "eps_latest_yearly": 3.4,
            "eps_growth_yearly": 32.25
        },
        "20044": {
            "year_quarter": 20044,
            "year": 2004,
            "quarter": 4,
            "eps": 0.32,
            "eps_growth_year": -78.67,
            "eps_4q": 1.3,
            "eps_4q_growth_year": -70.78,
            "roe": 2.36,
            "roe_4q": 9.129999999999999,
            "gross_profit": 422791,
            "gross_margin": 11.86,
            "gross_margin_4q_avg": 13.05,
            "net_income": 79610,
            "revenue": 3565854,
            "common_shares": 2505798,
            "book_valuer_per_share": 13.42,
            "book_valuer_per_share_4q_avg": 15.84,
            "equity": 3362829,
            "current_ratio": 125.75,
            "debt_ratio": 65.24,
            "inventory_turnover_ratio": 1.77,
            "account_receivable_turnover_ratio": null,
            "reinvestment_rate": null,
            "research_to_sale_ratio": null,
            "price_fair": 13.44,
            "eps_avg_yearly": 4.48,
            "eps_latest_yearly": 1.28,
            "eps_growth_yearly": -6.06
        },
        "20051": {
            "year_quarter": 20051,
            "year": 2005,
            "quarter": 1,
            "eps": 0.37,
            "eps_growth_year": -56.47,
            "eps_4q": 1.01,
            "eps_4q_growth_year": -75.83,
            "roe": 2.56,
            "roe_4q": 7.289999999999999,
            "gross_profit": 337321,
            "gross_margin": 10.1,
            "gross_margin_4q_avg": 12.34,
            "net_income": 87233,
            "revenue": 3338199,
            "common_shares": 2483808,
            "book_valuer_per_share": 13.89,
            "book_valuer_per_share_4q_avg": 14.4,
            "equity": 3450200,
            "current_ratio": 118.21,
            "debt_ratio": 65.16,
            "inventory_turnover_ratio": 1.68,
            "account_receivable_turnover_ratio": null,
            "reinvestment_rate": null,
            "research_to_sale_ratio": null,
            "price_fair": 51.37,
            "eps_avg_yearly": 4.11,
            "eps_latest_yearly": 1.48,
            "eps_growth_yearly": 2.51
        },
        "20052": {
            "year_quarter": 20052,
            "year": 2005,
            "quarter": 2,
            "eps": 0.64,
            "eps_growth_year": null,
            "eps_4q": 2.03,
            "eps_4q_growth_year": -27.85,
            "roe": 4.8,
            "roe_4q": 15.399999999999999,
            "gross_profit": 464318,
            "gross_margin": 12.37,
            "gross_margin_4q_avg": 12.49,
            "net_income": 165415,
            "revenue": 3753772,
            "common_shares": 2483808,
            "book_valuer_per_share": 13.84,
            "book_valuer_per_share_4q_avg": 13.66,
            "equity": 3438776,
            "current_ratio": 118.15,
            "debt_ratio": 65.98,
            "inventory_turnover_ratio": 1.69,
            "account_receivable_turnover_ratio": null,
            "reinvestment_rate": null,
            "research_to_sale_ratio": null,
            "price_fair": 137.67,
            "eps_avg_yearly": 3.93,
            "eps_latest_yearly": 2.56,
            "eps_growth_yearly": 34.67
        },
        "20053": {
            "year_quarter": 20053,
            "year": 2005,
            "quarter": 3,
            "eps": 0.47,
            "eps_growth_year": -39.74,
            "eps_4q": 1.77,
            "eps_4q_growth_year": -20.26,
            "roe": 3.4,
            "roe_4q": 13.12,
            "gross_profit": 426459,
            "gross_margin": 12.38,
            "gross_margin_4q_avg": 11.68,
            "net_income": 120537,
            "revenue": 3443343,
            "common_shares": 2671701,
            "book_valuer_per_share": 13.66,
            "book_valuer_per_share_4q_avg": 13.7,
            "equity": 3650822,
            "current_ratio": 124.95,
            "debt_ratio": 55.99,
            "inventory_turnover_ratio": 1.8,
            "account_receivable_turnover_ratio": null,
            "reinvestment_rate": null,
            "research_to_sale_ratio": null,
            "price_fair": 113.98,
            "eps_avg_yearly": 3.73,
            "eps_latest_yearly": 1.88,
            "eps_growth_yearly": 20.57
        },
        "20054": {
            "year_quarter": 20054,
            "year": 2005,
            "quarter": 4,
            "eps": 0.16,
            "eps_growth_year": -50,
            "eps_4q": 1.58,
            "eps_4q_growth_year": 21.68,
            "roe": 1.15,
            "roe_4q": 11.91,
            "gross_profit": 541739,
            "gross_margin": 18.31,
            "gross_margin_4q_avg": 13.29,
            "net_income": 42126,
            "revenue": 2959107,
            "common_shares": 2698541,
            "book_valuer_per_share": 13.69,
            "book_valuer_per_share_4q_avg": 13.77,
            "equity": 3695258,
            "current_ratio": 165.72,
            "debt_ratio": 42.58,
            "inventory_turnover_ratio": 2.24,
            "account_receivable_turnover_ratio": null,
            "reinvestment_rate": null,
            "research_to_sale_ratio": null,
            "price_fair": 10.34,
            "eps_avg_yearly": 3.45,
            "eps_latest_yearly": 0.64,
            "eps_growth_yearly": -5.28
        },
        "20061": {
            "year_quarter": 20061,
            "year": 2006,
            "quarter": 1,
            "eps": 0.59,
            "eps_growth_year": 59.46,
            "eps_4q": 1.83,
            "eps_4q_growth_year": 81.77,
            "roe": 3.92,
            "roe_4q": 13.27,
            "gross_profit": 433386,
            "gross_margin": 16,
            "gross_margin_4q_avg": 14.77,
            "net_income": 156325,
            "revenue": 2708502,
            "common_shares": 2777640,
            "book_valuer_per_share": 15.39,
            "book_valuer_per_share_4q_avg": 14.15,
            "equity": 4275618,
            "current_ratio": 184.24,
            "debt_ratio": 35.47,
            "inventory_turnover_ratio": 3.14,
            "account_receivable_turnover_ratio": null,
            "reinvestment_rate": null,
            "research_to_sale_ratio": null,
            "price_fair": 117.48,
            "eps_avg_yearly": 3.36,
            "eps_latest_yearly": 2.36,
            "eps_growth_yearly": 84.74
        },
        "20062": {
            "year_quarter": 20062,
            "year": 2006,
            "quarter": 2,
            "eps": 0.34,
            "eps_growth_year": -46.88,
            "eps_4q": 1.52,
            "eps_4q_growth_year": -25.34,
            "roe": 2.22,
            "roe_4q": 10.690000000000001,
            "gross_profit": 412013,
            "gross_margin": 12.22,
            "gross_margin_4q_avg": 14.73,
            "net_income": 92072,
            "revenue": 3372287,
            "common_shares": 2777640,
            "book_valuer_per_share": 14.51,
            "book_valuer_per_share_4q_avg": 14.31,
            "equity": 4031298,
            "current_ratio": 170.52,
            "debt_ratio": 39.89,
            "inventory_turnover_ratio": 6.85,
            "account_receivable_turnover_ratio": null,
            "reinvestment_rate": 26.89,
            "research_to_sale_ratio": null,
            "price_fair": 112.11,
            "eps_avg_yearly": 3.2,
            "eps_latest_yearly": 1.36,
            "eps_growth_yearly": 65.19
        },
        "20063": {
            "year_quarter": 20063,
            "year": 2006,
            "quarter": 3,
            "eps": 0.41,
            "eps_growth_year": -12.77,
            "eps_4q": 1.41,
            "eps_4q_growth_year": -20.03,
            "roe": 2.89,
            "roe_4q": 10.180000000000001,
            "gross_profit": 285416,
            "gross_margin": 10.89,
            "gross_margin_4q_avg": 14.36,
            "net_income": 118892,
            "revenue": 2620232,
            "common_shares": 2947207,
            "book_valuer_per_share": 14.26,
            "book_valuer_per_share_4q_avg": 14.46,
            "equity": 4203648,
            "current_ratio": 250.46,
            "debt_ratio": 24.39,
            "inventory_turnover_ratio": 10.35,
            "account_receivable_turnover_ratio": null,
            "reinvestment_rate": 7.64,
            "research_to_sale_ratio": null,
            "price_fair": 108.2,
            "eps_avg_yearly": 3.09,
            "eps_latest_yearly": 1.64,
            "eps_growth_yearly": 66.41
        },
        "20064": {
            "year_quarter": 20064,
            "year": 2006,
            "quarter": 4,
            "eps": 0.04,
            "eps_growth_year": -75,
            "eps_4q": 1.31,
            "eps_4q_growth_year": -16.69,
            "roe": 0.27,
            "roe_4q": 9.3,
            "gross_profit": 367304,
            "gross_margin": 14.25,
            "gross_margin_4q_avg": 13.34,
            "net_income": 11530,
            "revenue": 2577517,
            "common_shares": 2947558,
            "book_valuer_per_share": 14.3,
            "book_valuer_per_share_4q_avg": 14.62,
            "equity": 4215345,
            "current_ratio": 270.31,
            "debt_ratio": 28.8,
            "inventory_turnover_ratio": 9.61,
            "account_receivable_turnover_ratio": null,
            "reinvestment_rate": 23.61,
            "research_to_sale_ratio": null,
            "price_fair": 79.02,
            "eps_avg_yearly": 2.59,
            "eps_latest_yearly": 0.16,
            "eps_growth_yearly": 20.49
        },
        "20071": {
            "year_quarter": 20071,
            "year": 2007,
            "quarter": 1,
            "eps": 0.71,
            "eps_growth_year": 20.34,
            "eps_4q": 1.47,
            "eps_4q_growth_year": -19.38,
            "roe": 4.78,
            "roe_4q": 10.160000000000002,
            "gross_profit": 348657,
            "gross_margin": 13.74,
            "gross_margin_4q_avg": 12.78,
            "net_income": 206781,
            "revenue": 2538185,
            "common_shares": 2947558,
            "book_valuer_per_share": 15.05,
            "book_valuer_per_share_4q_avg": 14.53,
            "equity": 4436810,
            "current_ratio": 173.71,
            "debt_ratio": 42.88,
            "inventory_turnover_ratio": 10.14,
            "account_receivable_turnover_ratio": null,
            "reinvestment_rate": -1.04,
            "research_to_sale_ratio": null,
            "price_fair": 82,
            "eps_avg_yearly": 2.34,
            "eps_latest_yearly": 2.84,
            "eps_growth_yearly": 502.42
        },
        "20072": {
            "year_quarter": 20072,
            "year": 2007,
            "quarter": 2,
            "eps": 0.57,
            "eps_growth_year": 67.65,
            "eps_4q": 1.72,
            "eps_4q_growth_year": 13.41,
            "roe": 3.8,
            "roe_4q": 11.74,
            "gross_profit": 418762,
            "gross_margin": 15.13,
            "gross_margin_4q_avg": 13.5,
            "net_income": 166923,
            "revenue": 2767370,
            "common_shares": 2947558,
            "book_valuer_per_share": 14.78,
            "book_valuer_per_share_4q_avg": 14.6,
            "equity": 4357253,
            "current_ratio": 186.61,
            "debt_ratio": 38.52,
            "inventory_turnover_ratio": 12.53,
            "account_receivable_turnover_ratio": null,
            "reinvestment_rate": -0.94,
            "research_to_sale_ratio": null,
            "price_fair": 80.4,
            "eps_avg_yearly": 2.3,
            "eps_latest_yearly": 2.28,
            "eps_growth_yearly": 512.15
        },
        "20073": {
            "year_quarter": 20073,
            "year": 2007,
            "quarter": 3,
            "eps": 0.62,
            "eps_growth_year": 51.22,
            "eps_4q": 1.88,
            "eps_4q_growth_year": 32.86,
            "roe": 4.26,
            "roe_4q": 13.11,
            "gross_profit": 362826,
            "gross_margin": 11.53,
            "gross_margin_4q_avg": 13.66,
            "net_income": 190184,
            "revenue": 3147770,
            "common_shares": 3092589,
            "book_valuer_per_share": 14.8,
            "book_valuer_per_share_4q_avg": 14.73,
            "equity": 4577685,
            "current_ratio": 236.88,
            "debt_ratio": 32.04,
            "inventory_turnover_ratio": 13.69,
            "account_receivable_turnover_ratio": null,
            "reinvestment_rate": -1,
            "research_to_sale_ratio": null,
            "price_fair": 75.9,
            "eps_avg_yearly": 2.17,
            "eps_latest_yearly": 2.48,
            "eps_growth_yearly": 501.35
        },
        "20074": {
            "year_quarter": 20074,
            "year": 2007,
            "quarter": 4,
            "eps": 0.49,
            "eps_growth_year": 1125,
            "eps_4q": 2.31,
            "eps_4q_growth_year": 75.45,
            "roe": 3.27,
            "roe_4q": 16.11,
            "gross_profit": 373209,
            "gross_margin": 12.09,
            "gross_margin_4q_avg": 13.12,
            "net_income": 152172,
            "revenue": 3085906,
            "common_shares": 3113859,
            "book_valuer_per_share": 15.17,
            "book_valuer_per_share_4q_avg": 14.95,
            "equity": 4723311,
            "current_ratio": 263.83,
            "debt_ratio": 31.07,
            "inventory_turnover_ratio": 9.26,
            "account_receivable_turnover_ratio": null,
            "reinvestment_rate": 16.63,
            "research_to_sale_ratio": null,
            "price_fair": 65.8,
            "eps_avg_yearly": 1.88,
            "eps_latest_yearly": 1.96,
            "eps_growth_yearly": 483.88
        },
        "20081": {
            "year_quarter": 20081,
            "year": 2008,
            "quarter": 1,
            "eps": 0.32,
            "eps_growth_year": -54.93,
            "eps_4q": 1.98,
            "eps_4q_growth_year": 34.24,
            "roe": 2.13,
            "roe_4q": 13.46,
            "gross_profit": 279484,
            "gross_margin": 10.34,
            "gross_margin_4q_avg": 12.27,
            "net_income": 98254,
            "revenue": 2701857,
            "common_shares": 3113859,
            "book_valuer_per_share": 14.5,
            "book_valuer_per_share_4q_avg": 14.81,
            "equity": 4516048,
            "current_ratio": 340.17,
            "debt_ratio": 23.67,
            "inventory_turnover_ratio": 8.74,
            "account_receivable_turnover_ratio": null,
            "reinvestment_rate": 19.47,
            "research_to_sale_ratio": null,
            "price_fair": 60.5,
            "eps_avg_yearly": 1.73,
            "eps_latest_yearly": 1.28,
            "eps_growth_yearly": 486.35
        },
        "20082": {
            "year_quarter": 20082,
            "year": 2008,
            "quarter": 2,
            "eps": 0.33,
            "eps_growth_year": -42.11,
            "eps_4q": 1.74,
            "eps_4q_growth_year": 1.34,
            "roe": 2.33,
            "roe_4q": 11.99,
            "gross_profit": 295238,
            "gross_margin": 12.09,
            "gross_margin_4q_avg": 11.51,
            "net_income": 102789,
            "revenue": 2441780,
            "common_shares": 3113859,
            "book_valuer_per_share": 13.89,
            "book_valuer_per_share_4q_avg": 14.59,
            "equity": 4324545,
            "current_ratio": 279.73,
            "debt_ratio": 28.44,
            "inventory_turnover_ratio": 10.89,
            "account_receivable_turnover_ratio": null,
            "reinvestment_rate": 18.34,
            "research_to_sale_ratio": null,
            "price_fair": 59.55,
            "eps_avg_yearly": 1.7,
            "eps_latest_yearly": 1.32,
            "eps_growth_yearly": 454.76
        },
        "20083": {
            "year_quarter": 20083,
            "year": 2008,
            "quarter": 3,
            "eps": 0.12,
            "eps_growth_year": -80.65,
            "eps_4q": 1.25,
            "eps_4q_growth_year": -33.4,
            "roe": 0.86,
            "roe_4q": 8.59,
            "gross_profit": 240948,
            "gross_margin": 9.88,
            "gross_margin_4q_avg": 11.1,
            "net_income": 37535,
            "revenue": 2437622,
            "common_shares": 3255666,
            "book_valuer_per_share": 13.62,
            "book_valuer_per_share_4q_avg": 14.3,
            "equity": 4434408,
            "current_ratio": 215.04,
            "debt_ratio": 38.22,
            "inventory_turnover_ratio": 14.8,
            "account_receivable_turnover_ratio": null,
            "reinvestment_rate": 21.53,
            "research_to_sale_ratio": null,
            "price_fair": 56.88,
            "eps_avg_yearly": 1.63,
            "eps_latest_yearly": 0.48,
            "eps_growth_yearly": 410.43
        },
        "20084": {
            "year_quarter": 20084,
            "year": 2008,
            "quarter": 4,
            "eps": 0.4,
            "eps_growth_year": -18.37,
            "eps_4q": 1.14,
            "eps_4q_growth_year": -50.35,
            "roe": 2.84,
            "roe_4q": 8.16,
            "gross_profit": 325453,
            "gross_margin": 11.77,
            "gross_margin_4q_avg": 11.02,
            "net_income": 128128,
            "revenue": 2764542,
            "common_shares": 3265257,
            "book_valuer_per_share": 14.04,
            "book_valuer_per_share_4q_avg": 14.01,
            "equity": 4584235,
            "current_ratio": 223.68,
            "debt_ratio": 36.04,
            "inventory_turnover_ratio": 25.61,
            "account_receivable_turnover_ratio": 2.56,
            "reinvestment_rate": 7.24,
            "research_to_sale_ratio": null,
            "price_fair": 57.58,
            "eps_avg_yearly": 1.65,
            "eps_latest_yearly": 1.6,
            "eps_growth_yearly": 483.5
        },
        "20091": {
            "year_quarter": 20091,
            "year": 2009,
            "quarter": 1,
            "eps": 0.35,
            "eps_growth_year": 9.38,
            "eps_4q": 1.18,
            "eps_4q_growth_year": -40.53,
            "roe": 2.44,
            "roe_4q": 8.469999999999999,
            "gross_profit": 280780,
            "gross_margin": 9.99,
            "gross_margin_4q_avg": 10.93,
            "net_income": 113641,
            "revenue": 2810533,
            "common_shares": 3265257,
            "book_valuer_per_share": 14.52,
            "book_valuer_per_share_4q_avg": 14.02,
            "equity": 4742057,
            "current_ratio": 221.03,
            "debt_ratio": 36.43,
            "inventory_turnover_ratio": 42.74,
            "account_receivable_turnover_ratio": 1.2,
            "reinvestment_rate": 14.74,
            "research_to_sale_ratio": null,
            "price_fair": 57.4,
            "eps_avg_yearly": 1.64,
            "eps_latest_yearly": 1.4,
            "eps_growth_yearly": 476.47
        },
        "20092": {
            "year_quarter": 20092,
            "year": 2009,
            "quarter": 2,
            "eps": 0.47,
            "eps_growth_year": 42.42,
            "eps_4q": 1.34,
            "eps_4q_growth_year": -23.2,
            "roe": 3.17,
            "roe_4q": 9.309999999999999,
            "gross_profit": 423552,
            "gross_margin": 13.4,
            "gross_margin_4q_avg": 11.26,
            "net_income": 150908,
            "revenue": 3160078,
            "common_shares": 3265257,
            "book_valuer_per_share": 14.6,
            "book_valuer_per_share_4q_avg": 14.2,
            "equity": 4767603,
            "current_ratio": 225.79,
            "debt_ratio": 39.93,
            "inventory_turnover_ratio": 11.12,
            "account_receivable_turnover_ratio": 1.35,
            "reinvestment_rate": -10.94,
            "research_to_sale_ratio": null,
            "price_fair": 55.91,
            "eps_avg_yearly": 1.6,
            "eps_latest_yearly": 1.88,
            "eps_growth_yearly": 466.8
        },
        "20093": {
            "year_quarter": 20093,
            "year": 2009,
            "quarter": 3,
            "eps": 1.05,
            "eps_growth_year": 775,
            "eps_4q": 2.27,
            "eps_4q_growth_year": 81.46,
            "roe": 6.94,
            "roe_4q": 15.389999999999999,
            "gross_profit": 369726,
            "gross_margin": 13.09,
            "gross_margin_4q_avg": 12.06,
            "net_income": 338842,
            "revenue": 2825364,
            "common_shares": 3308204,
            "book_valuer_per_share": 15.13,
            "book_valuer_per_share_4q_avg": 14.57,
            "equity": 5004397,
            "current_ratio": 252.88,
            "debt_ratio": 35.85,
            "inventory_turnover_ratio": 5.13,
            "account_receivable_turnover_ratio": 1.44,
            "reinvestment_rate": -9.85,
            "research_to_sale_ratio": null,
            "price_fair": 60.99,
            "eps_avg_yearly": 1.74,
            "eps_latest_yearly": 4.2,
            "eps_growth_yearly": 504.29
        },
        "20094": {
            "year_quarter": 20094,
            "year": 2009,
            "quarter": 4,
            "eps": 0.19,
            "eps_growth_year": -52.5,
            "eps_4q": 2.05,
            "eps_4q_growth_year": 78.93,
            "roe": 1.24,
            "roe_4q": 13.79,
            "gross_profit": 293199,
            "gross_margin": 9.1,
            "gross_margin_4q_avg": 11.4,
            "net_income": 62419,
            "revenue": 3223320,
            "common_shares": 3312674,
            "book_valuer_per_share": 15.59,
            "book_valuer_per_share_4q_avg": 14.96,
            "equity": 5066395,
            "current_ratio": 255.94,
            "debt_ratio": 35.5,
            "inventory_turnover_ratio": 7.03,
            "account_receivable_turnover_ratio": 3.54,
            "reinvestment_rate": -17.33,
            "research_to_sale_ratio": null,
            "price_fair": 61.25,
            "eps_avg_yearly": 1.75,
            "eps_latest_yearly": 0.76,
            "eps_growth_yearly": 500.31
        },
        "20101": {
            "year_quarter": 20101,
            "year": 2010,
            "quarter": 1,
            "eps": 0.33,
            "eps_growth_year": -5.71,
            "eps_4q": 2.03,
            "eps_4q_growth_year": 72.12,
            "roe": 2.07,
            "roe_4q": 13.42,
            "gross_profit": 306509,
            "gross_margin": 8.45,
            "gross_margin_4q_avg": 11.01,
            "net_income": 106194,
            "revenue": 3626370,
            "common_shares": 3312674,
            "book_valuer_per_share": 15.91,
            "book_valuer_per_share_4q_avg": 15.31,
            "equity": 5170929,
            "current_ratio": 237.27,
            "debt_ratio": 38.7,
            "inventory_turnover_ratio": 7.24,
            "account_receivable_turnover_ratio": 1.74,
            "reinvestment_rate": 5.63,
            "research_to_sale_ratio": 2.83,
            "price_fair": 58.98,
            "eps_avg_yearly": 1.69,
            "eps_latest_yearly": 1.32,
            "eps_growth_yearly": 451.54
        },
        "20102": {
            "year_quarter": 20102,
            "year": 2010,
            "quarter": 2,
            "eps": 0.18,
            "eps_growth_year": -62.18,
            "eps_4q": 1.74,
            "eps_4q_growth_year": 29.78,
            "roe": 1.17,
            "roe_4q": 11.42,
            "gross_profit": 299644,
            "gross_margin": 9.87,
            "gross_margin_4q_avg": 10.13,
            "net_income": 57778,
            "revenue": 3036618,
            "common_shares": 3312674,
            "book_valuer_per_share": 14.58,
            "book_valuer_per_share_4q_avg": 15.3,
            "equity": 4740674,
            "current_ratio": 210.13,
            "debt_ratio": 43.92,
            "inventory_turnover_ratio": 5.1,
            "account_receivable_turnover_ratio": 1.3,
            "reinvestment_rate": 25.46,
            "research_to_sale_ratio": 3.45,
            "price_fair": 57.58,
            "eps_avg_yearly": 1.65,
            "eps_latest_yearly": 0.72,
            "eps_growth_yearly": 450.77
        },
        "20103": {
            "year_quarter": 20103,
            "year": 2010,
            "quarter": 3,
            "eps": 0.35,
            "eps_growth_year": -66.37,
            "eps_4q": 1.05,
            "eps_4q_growth_year": -53.71,
            "roe": 2.4,
            "roe_4q": 6.88,
            "gross_profit": 252302,
            "gross_margin": 9.41,
            "gross_margin_4q_avg": 9.21,
            "net_income": 114832,
            "revenue": 2681684,
            "common_shares": 3312674,
            "book_valuer_per_share": 14.9,
            "book_valuer_per_share_4q_avg": 15.25,
            "equity": 4845031,
            "current_ratio": 275.07,
            "debt_ratio": 33.02,
            "inventory_turnover_ratio": 4.89,
            "account_receivable_turnover_ratio": 1.34,
            "reinvestment_rate": 26.32,
            "research_to_sale_ratio": 3.94,
            "price_fair": 57.05,
            "eps_avg_yearly": 1.63,
            "eps_latest_yearly": 1.4,
            "eps_growth_yearly": 469.23
        },
        "20104": {
            "year_quarter": 20104,
            "year": 2010,
            "quarter": 4,
            "eps": 0.28,
            "eps_growth_year": 45.57,
            "eps_4q": 1.13,
            "eps_4q_growth_year": -44.64,
            "roe": 1.85,
            "roe_4q": 7.49,
            "gross_profit": 301467,
            "gross_margin": 9.37,
            "gross_margin_4q_avg": 9.28,
            "net_income": 89935,
            "revenue": 3216243,
            "common_shares": 3313994,
            "book_valuer_per_share": 15.08,
            "book_valuer_per_share_4q_avg": 15.12,
            "equity": 4902827,
            "current_ratio": 265.82,
            "debt_ratio": 34.2,
            "inventory_turnover_ratio": 6.18,
            "account_receivable_turnover_ratio": 1.74,
            "reinvestment_rate": 4.19,
            "research_to_sale_ratio": 4.25,
            "price_fair": 59.15,
            "eps_avg_yearly": 1.69,
            "eps_latest_yearly": 1.12,
            "eps_growth_yearly": 486.79
        },
        "20111": {
            "year_quarter": 20111,
            "year": 2011,
            "quarter": 1,
            "eps": 0.45,
            "eps_growth_year": 36.36,
            "eps_4q": 1.25,
            "eps_4q_growth_year": -38.05,
            "roe": 2.93,
            "roe_4q": 8.35,
            "gross_profit": 354873,
            "gross_margin": 10.84,
            "gross_margin_4q_avg": 9.87,
            "net_income": 145992,
            "revenue": 3272399,
            "common_shares": 3251714,
            "book_valuer_per_share": 15.54,
            "book_valuer_per_share_4q_avg": 15.03,
            "equity": 5059803,
            "current_ratio": 230.56,
            "debt_ratio": 39.84,
            "inventory_turnover_ratio": 5.63,
            "account_receivable_turnover_ratio": 1.5,
            "reinvestment_rate": 29.56,
            "research_to_sale_ratio": 3.55,
            "price_fair": 56.88,
            "eps_avg_yearly": 1.63,
            "eps_latest_yearly": 1.8,
            "eps_growth_yearly": 83.22
        },
        "20112": {
            "year_quarter": 20112,
            "year": 2011,
            "quarter": 2,
            "eps": 0.55,
            "eps_growth_year": 210.74,
            "eps_4q": 1.63,
            "eps_4q_growth_year": -6.28,
            "roe": 3.58,
            "roe_4q": 10.76,
            "gross_profit": 385970,
            "gross_margin": 9.91,
            "gross_margin_4q_avg": 9.88,
            "net_income": 179839,
            "revenue": 3895624,
            "common_shares": 3255814,
            "book_valuer_per_share": 15.36,
            "book_valuer_per_share_4q_avg": 15.22,
            "equity": 5000788,
            "current_ratio": 221.25,
            "debt_ratio": 41.72,
            "inventory_turnover_ratio": 5.25,
            "account_receivable_turnover_ratio": 1.64,
            "reinvestment_rate": 26.59,
            "research_to_sale_ratio": 2.76,
            "price_fair": 56.7,
            "eps_avg_yearly": 1.62,
            "eps_latest_yearly": 2.2,
            "eps_growth_yearly": 93.71
        },
        "20113": {
            "year_quarter": 20113,
            "year": 2011,
            "quarter": 3,
            "eps": 0.71,
            "eps_growth_year": 102.37,
            "eps_4q": 1.99,
            "eps_4q_growth_year": 89.8,
            "roe": 4.53,
            "roe_4q": 12.889999999999999,
            "gross_profit": 472449,
            "gross_margin": 13.3,
            "gross_margin_4q_avg": 10.86,
            "net_income": 232683,
            "revenue": 3552589,
            "common_shares": 3255814,
            "book_valuer_per_share": 16.22,
            "book_valuer_per_share_4q_avg": 15.55,
            "equity": 5282454,
            "current_ratio": 229.52,
            "debt_ratio": 40.55,
            "inventory_turnover_ratio": 3.41,
            "account_receivable_turnover_ratio": 1.52,
            "reinvestment_rate": 35.26,
            "research_to_sale_ratio": 2.89,
            "price_fair": 57.49,
            "eps_avg_yearly": 1.64,
            "eps_latest_yearly": 2.84,
            "eps_growth_yearly": 98.79
        },
        "20114": {
            "year_quarter": 20114,
            "year": 2011,
            "quarter": 4,
            "eps": 0.3,
            "eps_growth_year": 7.85,
            "eps_4q": 2.01,
            "eps_4q_growth_year": 77.58,
            "roe": 1.82,
            "roe_4q": 12.86,
            "gross_profit": 356854,
            "gross_margin": 11.92,
            "gross_margin_4q_avg": 11.49,
            "net_income": 97113,
            "revenue": 2993040,
            "common_shares": 3255814,
            "book_valuer_per_share": 16.53,
            "book_valuer_per_share_4q_avg": 15.91,
            "equity": 5381080,
            "current_ratio": 233.11,
            "debt_ratio": 40.04,
            "inventory_turnover_ratio": 2.34,
            "account_receivable_turnover_ratio": 1.22,
            "reinvestment_rate": 15.48,
            "research_to_sale_ratio": 3.97,
            "price_fair": 55.83,
            "eps_avg_yearly": 1.6,
            "eps_latest_yearly": 1.2,
            "eps_growth_yearly": 89.59
        },
        "20121": {
            "year_quarter": 20121,
            "year": 2012,
            "quarter": 1,
            "eps": 0.07,
            "eps_growth_year": -84.44,
            "eps_4q": 1.64,
            "eps_4q_growth_year": 30.52,
            "roe": 0.44,
            "roe_4q": 10.370000000000001,
            "gross_profit": 116322,
            "gross_margin": 4.69,
            "gross_margin_4q_avg": 9.96,
            "net_income": 23591,
            "revenue": 2480080,
            "common_shares": 3255814,
            "book_valuer_per_share": 16.55,
            "book_valuer_per_share_4q_avg": 16.17,
            "equity": 5388423,
            "current_ratio": 255.11,
            "debt_ratio": 36.43,
            "inventory_turnover_ratio": 2.23,
            "account_receivable_turnover_ratio": 1.15,
            "reinvestment_rate": 16.72,
            "research_to_sale_ratio": 3.53,
            "price_fair": 53.64,
            "eps_avg_yearly": 1.53,
            "eps_latest_yearly": 0.28,
            "eps_growth_yearly": 79.1
        },
        "20122": {
            "year_quarter": 20122,
            "year": 2012,
            "quarter": 2,
            "eps": 0.04,
            "eps_growth_year": -93.49,
            "eps_4q": 1.12,
            "eps_4q_growth_year": -31.19,
            "roe": 0.23,
            "roe_4q": 7.0200000000000005,
            "gross_profit": 227337,
            "gross_margin": 10.47,
            "gross_margin_4q_avg": 10.1,
            "net_income": 11705,
            "revenue": 2170420,
            "common_shares": 3255814,
            "book_valuer_per_share": 15.3,
            "book_valuer_per_share_4q_avg": 16.15,
            "equity": 4981786,
            "current_ratio": 242.51,
            "debt_ratio": 38.21,
            "inventory_turnover_ratio": 2.07,
            "account_receivable_turnover_ratio": 1.31,
            "reinvestment_rate": 14.91,
            "research_to_sale_ratio": 4.67,
            "price_fair": 51.1,
            "eps_avg_yearly": 1.46,
            "eps_latest_yearly": 0.16,
            "eps_growth_yearly": 67.6
        },
        "20123": {
            "year_quarter": 20123,
            "year": 2012,
            "quarter": 3,
            "eps": 0.07,
            "eps_growth_year": -90.75,
            "eps_4q": 0.47,
            "eps_4q_growth_year": -76.26,
            "roe": 0.43,
            "roe_4q": 2.92,
            "gross_profit": 208343,
            "gross_margin": 8.48,
            "gross_margin_4q_avg": 8.89,
            "net_income": 21532,
            "revenue": 2457330,
            "common_shares": 3255814,
            "book_valuer_per_share": 15.34,
            "book_valuer_per_share_4q_avg": 15.93,
            "equity": 4995158,
            "current_ratio": 198.05,
            "debt_ratio": 36.26,
            "inventory_turnover_ratio": 2.11,
            "account_receivable_turnover_ratio": 1.5,
            "reinvestment_rate": 99.93,
            "research_to_sale_ratio": 3.77,
            "price_fair": 50.66,
            "eps_avg_yearly": 1.45,
            "eps_latest_yearly": 0.28,
            "eps_growth_yearly": 102.26
        },
        "20124": {
            "year_quarter": 20124,
            "year": 2012,
            "quarter": 4,
            "eps": 0.04,
            "eps_growth_year": -86.68,
            "eps_4q": 0.21,
            "eps_4q_growth_year": -89.36,
            "roe": 0.26,
            "roe_4q": 1.3599999999999999,
            "gross_profit": 140128,
            "gross_margin": 5.37,
            "gross_margin_4q_avg": 7.25,
            "net_income": 12938,
            "revenue": 2611642,
            "common_shares": 3255814,
            "book_valuer_per_share": 15.38,
            "book_valuer_per_share_4q_avg": 15.64,
            "equity": 5007673,
            "current_ratio": 216.79,
            "debt_ratio": 32.24,
            "inventory_turnover_ratio": 1.93,
            "account_receivable_turnover_ratio": 1.59,
            "reinvestment_rate": 104.73,
            "research_to_sale_ratio": 3.8,
            "price_fair": 47.51,
            "eps_avg_yearly": 1.36,
            "eps_latest_yearly": 0.16,
            "eps_growth_yearly": 33.21
        },
        "20131": {
            "year_quarter": 20131,
            "year": 2013,
            "quarter": 1,
            "eps": 0.18,
            "eps_growth_year": 157.14,
            "eps_4q": 0.32,
            "eps_4q_growth_year": -80.33,
            "roe": 1.17,
            "roe_4q": 2.09,
            "gross_profit": 187259,
            "gross_margin": 8.69,
            "gross_margin_4q_avg": 8.25,
            "net_income": 58733,
            "revenue": 2154596,
            "common_shares": 3255814,
            "book_valuer_per_share": 15.55,
            "book_valuer_per_share_4q_avg": 15.39,
            "equity": 5063819,
            "current_ratio": 205.55,
            "debt_ratio": 34.03,
            "inventory_turnover_ratio": 1.14,
            "account_receivable_turnover_ratio": 1.5,
            "reinvestment_rate": 70.06,
            "research_to_sale_ratio": 4.33,
            "price_fair": 46.03,
            "eps_avg_yearly": 1.32,
            "eps_latest_yearly": 0.72,
            "eps_growth_yearly": 123.84
        },
        "20132": {
            "year_quarter": 20132,
            "year": 2013,
            "quarter": 2,
            "eps": 0.21,
            "eps_growth_year": 484.13,
            "eps_4q": 0.49,
            "eps_4q_growth_year": -55.91,
            "roe": 1.34,
            "roe_4q": 3.1999999999999997,
            "gross_profit": 218046,
            "gross_margin": 6.44,
            "gross_margin_4q_avg": 7.25,
            "net_income": 67783,
            "revenue": 3387928,
            "common_shares": 3255814,
            "book_valuer_per_share": 15.64,
            "book_valuer_per_share_4q_avg": 15.48,
            "equity": 5090639,
            "current_ratio": 178.01,
            "debt_ratio": 41.19,
            "inventory_turnover_ratio": 1.42,
            "account_receivable_turnover_ratio": 1.83,
            "reinvestment_rate": 103.1,
            "research_to_sale_ratio": 3.34,
            "price_fair": 43.75,
            "eps_avg_yearly": 1.25,
            "eps_latest_yearly": 0.84,
            "eps_growth_yearly": 119.44
        },
        "20133": {
            "year_quarter": 20133,
            "year": 2013,
            "quarter": 3,
            "eps": 0.1,
            "eps_growth_year": 51.21,
            "eps_4q": 0.53,
            "eps_4q_growth_year": 12.26,
            "roe": 0.65,
            "roe_4q": 3.42,
            "gross_profit": 281742,
            "gross_margin": 7.46,
            "gross_margin_4q_avg": 6.99,
            "net_income": 33363,
            "revenue": 3776288,
            "common_shares": 3255814,
            "book_valuer_per_share": 15.72,
            "book_valuer_per_share_4q_avg": 15.57,
            "equity": 5118255,
            "current_ratio": 193.02,
            "debt_ratio": 36.97,
            "inventory_turnover_ratio": 1.63,
            "account_receivable_turnover_ratio": 1.63,
            "reinvestment_rate": 128.7,
            "research_to_sale_ratio": 3.02,
            "price_fair": 35.44,
            "eps_avg_yearly": 1.01,
            "eps_latest_yearly": 0.4,
            "eps_growth_yearly": 75.49
        },
        "20134": {
            "year_quarter": 20134,
            "year": 2013,
            "quarter": 4,
            "eps": -0.01,
            "eps_growth_year": -113.16,
            "eps_4q": 0.49,
            "eps_4q_growth_year": 126.72,
            "roe": -0.03,
            "roe_4q": 3.13,
            "gross_profit": 128719,
            "gross_margin": 3.58,
            "gross_margin_4q_avg": 6.54,
            "net_income": -1703,
            "revenue": 3592047,
            "common_shares": 3255814,
            "book_valuer_per_share": 15.76,
            "book_valuer_per_share_4q_avg": 15.67,
            "equity": 5132327,
            "current_ratio": 185.25,
            "debt_ratio": 39.74,
            "inventory_turnover_ratio": 1.65,
            "account_receivable_turnover_ratio": 2,
            "reinvestment_rate": 98.99,
            "research_to_sale_ratio": 2.27,
            "price_fair": 36.03,
            "eps_avg_yearly": 1.03,
            "eps_latest_yearly": 0.4,
            "eps_growth_yearly": 102.36
        },
        "20141": {
            "year_quarter": 20141,
            "year": 2014,
            "quarter": 1,
            "eps": 0.06,
            "eps_growth_year": -66.67,
            "eps_4q": 0.37,
            "eps_4q_growth_year": 14.02,
            "roe": 0.39,
            "roe_4q": 2.35,
            "gross_profit": 218295,
            "gross_margin": 5.7,
            "gross_margin_4q_avg": 5.8,
            "net_income": 20172,
            "revenue": 3826762,
            "common_shares": 3255814,
            "book_valuer_per_share": 15.83,
            "book_valuer_per_share_4q_avg": 15.74,
            "equity": 5154385,
            "current_ratio": 183.13,
            "debt_ratio": 40.6,
            "inventory_turnover_ratio": 1.5,
            "account_receivable_turnover_ratio": 3.12,
            "reinvestment_rate": 102.66,
            "research_to_sale_ratio": 2.37,
            "price_fair": 35.3,
            "eps_avg_yearly": 1.01,
            "eps_latest_yearly": 0.4,
            "eps_growth_yearly": 88.62
        },
        "20142": {
            "year_quarter": 20142,
            "year": 2014,
            "quarter": 2,
            "eps": 0.35,
            "eps_growth_year": 66.67,
            "eps_4q": 0.51,
            "eps_4q_growth_year": 3.85,
            "roe": 2.2,
            "roe_4q": 3.2100000000000004,
            "gross_profit": 412464,
            "gross_margin": 8.58,
            "gross_margin_4q_avg": 6.33,
            "net_income": 115350,
            "revenue": 4809573,
            "common_shares": 3255814,
            "book_valuer_per_share": 16.45,
            "book_valuer_per_share_4q_avg": 15.94,
            "equity": 5355775,
            "current_ratio": 177.18,
            "debt_ratio": 42.09,
            "inventory_turnover_ratio": 1.95,
            "account_receivable_turnover_ratio": 4.09,
            "reinvestment_rate": 93.27,
            "research_to_sale_ratio": 2.05,
            "price_fair": 37,
            "eps_avg_yearly": 1.06,
            "eps_latest_yearly": 1.4,
            "eps_growth_yearly": 239.7
        },
        "20143": {
            "year_quarter": 20143,
            "year": 2014,
            "quarter": 3,
            "eps": 0.31,
            "eps_growth_year": 210,
            "eps_4q": 0.73,
            "eps_4q_growth_year": 36.65,
            "roe": 1.9,
            "roe_4q": 4.459999999999999,
            "gross_profit": 245414,
            "gross_margin": 6.29,
            "gross_margin_4q_avg": 6.04,
            "net_income": 102327,
            "revenue": 3901128,
            "common_shares": 3255814,
            "book_valuer_per_share": 16.61,
            "book_valuer_per_share_4q_avg": 16.16,
            "equity": 5406817,
            "current_ratio": 183.16,
            "debt_ratio": 41.49,
            "inventory_turnover_ratio": 1.83,
            "account_receivable_turnover_ratio": 3,
            "reinvestment_rate": 79.74,
            "research_to_sale_ratio": 2.45,
            "price_fair": 36.6,
            "eps_avg_yearly": 1.05,
            "eps_latest_yearly": 1.24,
            "eps_growth_yearly": 209.45
        },
        "20144": {
            "year_quarter": 20144,
            "year": 2014,
            "quarter": 4,
            "eps": 0.31,
            "eps_growth_year": null,
            "eps_4q": 1.04,
            "eps_4q_growth_year": 113.21,
            "roe": 1.9,
            "roe_4q": 6.39,
            "gross_profit": 316686,
            "gross_margin": 8.94,
            "gross_margin_4q_avg": 7.38,
            "net_income": 103534,
            "revenue": 3541533,
            "common_shares": 3295814,
            "book_valuer_per_share": 16.62,
            "book_valuer_per_share_4q_avg": 16.38,
            "equity": 5477203,
            "current_ratio": 185.21,
            "debt_ratio": 42.1,
            "inventory_turnover_ratio": 1.42,
            "account_receivable_turnover_ratio": 2.46,
            "reinvestment_rate": 72.58,
            "research_to_sale_ratio": 3.57,
            "price_fair": 36.9,
            "eps_avg_yearly": 1.05,
            "eps_latest_yearly": 1.24,
            "eps_growth_yearly": 215.17
        },
        "20151": {
            "year_quarter": 20151,
            "year": 2015,
            "quarter": 1,
            "eps": 0.4,
            "eps_growth_year": 566.67,
            "eps_4q": 1.37,
            "eps_4q_growth_year": 271.71,
            "roe": 2.33,
            "roe_4q": 8.330000000000002,
            "gross_profit": 355014,
            "gross_margin": 8.26,
            "gross_margin_4q_avg": 8.02,
            "net_income": 128869,
            "revenue": 4296842,
            "common_shares": 3295814,
            "book_valuer_per_share": 16.97,
            "book_valuer_per_share_4q_avg": 16.66,
            "equity": 5594120,
            "current_ratio": 190.43,
            "debt_ratio": 41.1,
            "inventory_turnover_ratio": 1.57,
            "account_receivable_turnover_ratio": 2.64,
            "reinvestment_rate": 69.06,
            "research_to_sale_ratio": 2.27,
            "price_fair": 36.4,
            "eps_avg_yearly": 1.04,
            "eps_latest_yearly": 1.6,
            "eps_growth_yearly": 206.12
        },
        "20152": {
            "year_quarter": 20152,
            "year": 2015,
            "quarter": 2,
            "eps": 0.23,
            "eps_growth_year": -34.29,
            "eps_4q": 1.25,
            "eps_4q_growth_year": 142.92,
            "roe": 1.38,
            "roe_4q": 7.51,
            "gross_profit": 407284,
            "gross_margin": 8.79,
            "gross_margin_4q_avg": 8.07,
            "net_income": 76228,
            "revenue": 4632292,
            "common_shares": 3294564,
            "book_valuer_per_share": 16.53,
            "book_valuer_per_share_4q_avg": 16.68,
            "equity": 5445369,
            "current_ratio": 196.57,
            "debt_ratio": 39.61,
            "inventory_turnover_ratio": 2.18,
            "account_receivable_turnover_ratio": 2.79,
            "reinvestment_rate": 66.71,
            "research_to_sale_ratio": 2.2,
            "price_fair": 33.2,
            "eps_avg_yearly": 0.95,
            "eps_latest_yearly": 0.92,
            "eps_growth_yearly": 187.62
        },
        "20153": {
            "year_quarter": 20153,
            "year": 2015,
            "quarter": 3,
            "eps": 0.38,
            "eps_growth_year": 22.58,
            "eps_4q": 1.31,
            "eps_4q_growth_year": 80.8,
            "roe": 2.23,
            "roe_4q": 7.84,
            "gross_profit": 270492,
            "gross_margin": 9.9,
            "gross_margin_4q_avg": 8.97,
            "net_income": 123315,
            "revenue": 2732740,
            "common_shares": 3293914,
            "book_valuer_per_share": 17.07,
            "book_valuer_per_share_4q_avg": 16.8,
            "equity": 5622518,
            "current_ratio": 202.25,
            "debt_ratio": 36.61,
            "inventory_turnover_ratio": 1.8,
            "account_receivable_turnover_ratio": 1.97,
            "reinvestment_rate": 96.95,
            "research_to_sale_ratio": 4.2,
            "price_fair": 29.9,
            "eps_avg_yearly": 0.85,
            "eps_latest_yearly": 1.52,
            "eps_growth_yearly": 197.95
        },
        "20154": {
            "year_quarter": 20154,
            "year": 2015,
            "quarter": 4,
            "eps": 0.4,
            "eps_growth_year": 26.39,
            "eps_4q": 1.4,
            "eps_4q_growth_year": 34.7,
            "roe": 2.3,
            "roe_4q": 8.239999999999998,
            "gross_profit": 285435,
            "gross_margin": 10.39,
            "gross_margin_4q_avg": 9.34,
            "net_income": 130631,
            "revenue": 2746844,
            "common_shares": 3290114,
            "book_valuer_per_share": 17.47,
            "book_valuer_per_share_4q_avg": 17.01,
            "equity": 5748756,
            "current_ratio": 220.5,
            "debt_ratio": 33.71,
            "inventory_turnover_ratio": 1.84,
            "account_receivable_turnover_ratio": 2.78,
            "reinvestment_rate": 92.12,
            "research_to_sale_ratio": 3.73,
            "price_fair": 30.9,
            "eps_avg_yearly": 0.88,
            "eps_latest_yearly": 1.6,
            "eps_growth_yearly": 215.95
        },
        "20161": {
            "year_quarter": 20161,
            "year": 2016,
            "quarter": 1,
            "eps": 0.33,
            "eps_growth_year": -17.5,
            "eps_4q": 1.33,
            "eps_4q_growth_year": -2.72,
            "roe": 1.84,
            "roe_4q": 7.749999999999999,
            "gross_profit": 306140,
            "gross_margin": 10.14,
            "gross_margin_4q_avg": 9.81,
            "net_income": 106899,
            "revenue": 3018293,
            "common_shares": 3290114,
            "book_valuer_per_share": 17.75,
            "book_valuer_per_share_4q_avg": 17.21,
            "equity": 5839922,
            "current_ratio": 218.79,
            "debt_ratio": 34.22,
            "inventory_turnover_ratio": 1.89,
            "account_receivable_turnover_ratio": 2.94,
            "reinvestment_rate": 85.26,
            "research_to_sale_ratio": 3.12,
            "price_fair": 33.5,
            "eps_avg_yearly": 0.96,
            "eps_latest_yearly": 1.32,
            "eps_growth_yearly": 232.85
        },
        "20162": {
            "year_quarter": 20162,
            "year": 2016,
            "quarter": 2,
            "eps": 0.24,
            "eps_growth_year": 4.35,
            "eps_4q": 1.34,
            "eps_4q_growth_year": 7.32,
            "roe": 1.39,
            "roe_4q": 7.76,
            "gross_profit": 227873,
            "gross_margin": 8.86,
            "gross_margin_4q_avg": 9.82,
            "net_income": 79594,
            "revenue": 2570851,
            "common_shares": 3290114,
            "book_valuer_per_share": 16.98,
            "book_valuer_per_share_4q_avg": 17.32,
            "equity": 5585544,
            "current_ratio": 234.2,
            "debt_ratio": 31.46,
            "inventory_turnover_ratio": 1.82,
            "account_receivable_turnover_ratio": 2.5,
            "reinvestment_rate": 80.73,
            "research_to_sale_ratio": 3.43,
            "price_fair": 35.5,
            "eps_avg_yearly": 1.01,
            "eps_latest_yearly": 0.96,
            "eps_growth_yearly": 237.31
        },
        "20163": {
            "year_quarter": 20163,
            "year": 2016,
            "quarter": 3,
            "eps": 0.14,
            "eps_growth_year": -63.16,
            "eps_4q": 1.1,
            "eps_4q_growth_year": -15.82,
            "roe": 0.82,
            "roe_4q": 6.35,
            "gross_profit": 203718,
            "gross_margin": 9.15,
            "gross_margin_4q_avg": 9.64,
            "net_income": 45895,
            "revenue": 2227321,
            "common_shares": 3288454,
            "book_valuer_per_share": 17.17,
            "book_valuer_per_share_4q_avg": 17.34,
            "equity": 5647306,
            "current_ratio": 214.98,
            "debt_ratio": 34.86,
            "inventory_turnover_ratio": 1.89,
            "account_receivable_turnover_ratio": 1.97,
            "reinvestment_rate": -52.63,
            "research_to_sale_ratio": 4.03,
            "price_fair": 36.2,
            "eps_avg_yearly": 1.03,
            "eps_latest_yearly": 0.56,
            "eps_growth_yearly": 203.97
        },
        "20164": {
            "year_quarter": 20164,
            "year": 2016,
            "quarter": 4,
            "eps": 0.31,
            "eps_growth_year": -22.22,
            "eps_4q": 1.02,
            "eps_4q_growth_year": -27.22,
            "roe": 1.79,
            "roe_4q": 5.84,
            "gross_profit": 94232,
            "gross_margin": 3.91,
            "gross_margin_4q_avg": 8.02,
            "net_income": 101551,
            "revenue": 2411167,
            "common_shares": 3288454,
            "book_valuer_per_share": 17.41,
            "book_valuer_per_share_4q_avg": 17.33,
            "equity": 5723865,
            "current_ratio": 220.86,
            "debt_ratio": 33.49,
            "inventory_turnover_ratio": 2.1,
            "account_receivable_turnover_ratio": 1.28,
            "reinvestment_rate": -44.6,
            "research_to_sale_ratio": 4.2,
            "price_fair": 38.9,
            "eps_avg_yearly": 1.11,
            "eps_latest_yearly": 1.24,
            "eps_growth_yearly": 250.91
        },
        "20171": {
            "year_quarter": 20171,
            "year": 2017,
            "quarter": 1,
            "eps": 0.06,
            "eps_growth_year": -81.82,
            "eps_4q": 0.75,
            "eps_4q_growth_year": -43.55,
            "roe": 0.34,
            "roe_4q": 4.34,
            "gross_profit": 195881,
            "gross_margin": 8.45,
            "gross_margin_4q_avg": 7.59,
            "net_income": 19554,
            "revenue": 2316854,
            "common_shares": 3288454,
            "book_valuer_per_share": 17.33,
            "book_valuer_per_share_4q_avg": 17.22,
            "equity": 5697610,
            "current_ratio": 235.73,
            "debt_ratio": 31.06,
            "inventory_turnover_ratio": 1.75,
            "account_receivable_turnover_ratio": 1.08,
            "reinvestment_rate": 4.12,
            "research_to_sale_ratio": 3.69,
            "price_fair": 37.7,
            "eps_avg_yearly": 1.08,
            "eps_latest_yearly": 0.24,
            "eps_growth_yearly": 127.87
        },
        "20172": {
            "year_quarter": 20172,
            "year": 2017,
            "quarter": 2,
            "eps": 0.1,
            "eps_growth_year": -58.33,
            "eps_4q": 0.61,
            "eps_4q_growth_year": -54.26,
            "roe": 0.62,
            "roe_4q": 3.57,
            "gross_profit": 95874,
            "gross_margin": 5.28,
            "gross_margin_4q_avg": 6.7,
            "net_income": 34368,
            "revenue": 1814838,
            "common_shares": 3288454,
            "book_valuer_per_share": 16.62,
            "book_valuer_per_share_4q_avg": 17.13,
            "equity": 5467036,
            "current_ratio": 233.11,
            "debt_ratio": 30.84,
            "inventory_turnover_ratio": 1.31,
            "account_receivable_turnover_ratio": 1.03,
            "reinvestment_rate": 4.2,
            "research_to_sale_ratio": 5.25,
            "price_fair": 36.6,
            "eps_avg_yearly": 1.05,
            "eps_latest_yearly": 0.4,
            "eps_growth_yearly": 142.16
        },
        "20173": {
            "year_quarter": 20173,
            "year": 2017,
            "quarter": 3,
            "eps": 0.13,
            "eps_growth_year": -7.14,
            "eps_4q": 0.6,
            "eps_4q_growth_year": -45.48,
            "roe": 0.77,
            "roe_4q": 3.5200000000000005,
            "gross_profit": 175538,
            "gross_margin": 7.45,
            "gross_margin_4q_avg": 6.27,
            "net_income": 42383,
            "revenue": 2355309,
            "common_shares": 3287514,
            "book_valuer_per_share": 16.81,
            "book_valuer_per_share_4q_avg": 17.04,
            "equity": 5526653,
            "current_ratio": 202.03,
            "debt_ratio": 36.7,
            "inventory_turnover_ratio": 1.52,
            "account_receivable_turnover_ratio": 1.15,
            "reinvestment_rate": 3.58,
            "research_to_sale_ratio": 3.7,
            "price_fair": 36.9,
            "eps_avg_yearly": 1.05,
            "eps_latest_yearly": 0.52,
            "eps_growth_yearly": 165.69
        },
        "20174": {
            "year_quarter": 20174,
            "year": 2017,
            "quarter": 4,
            "eps": 0.14,
            "eps_growth_year": -55.37,
            "eps_4q": 0.43,
            "eps_4q_growth_year": -57.58,
            "roe": 0.82,
            "roe_4q": 2.55,
            "gross_profit": 191442,
            "gross_margin": 6.96,
            "gross_margin_4q_avg": 7.04,
            "net_income": 45313,
            "revenue": 2750857,
            "common_shares": 3287514,
            "book_valuer_per_share": 16.91,
            "book_valuer_per_share_4q_avg": 16.92,
            "equity": 5559062,
            "current_ratio": 237.69,
            "debt_ratio": 30.35,
            "inventory_turnover_ratio": 2.01,
            "account_receivable_turnover_ratio": 1.04,
            "reinvestment_rate": 7.05,
            "research_to_sale_ratio": 3.06,
            "price_fair": 35.75,
            "eps_avg_yearly": 1.02,
            "eps_latest_yearly": 0.56,
            "eps_growth_yearly": 156.7
        },
        "20181": {
            "year_quarter": 20181,
            "year": 2018,
            "quarter": 1,
            "eps": 0.04,
            "eps_growth_year": -33.33,
            "eps_4q": 0.41,
            "eps_4q_growth_year": -45.74,
            "roe": 0.21,
            "roe_4q": 2.42,
            "gross_profit": 131537,
            "gross_margin": 6.58,
            "gross_margin_4q_avg": 6.57,
            "net_income": 11697,
            "revenue": 2000221,
            "common_shares": 3287514,
            "book_valuer_per_share": 17,
            "book_valuer_per_share_4q_avg": 16.84,
            "equity": 5588923,
            "current_ratio": 226.84,
            "debt_ratio": 32.29,
            "inventory_turnover_ratio": 1.55,
            "account_receivable_turnover_ratio": 0.85,
            "reinvestment_rate": -0.51,
            "research_to_sale_ratio": 3.24,
            "price_fair": 33.86,
            "eps_avg_yearly": 0.97,
            "eps_latest_yearly": 0.16,
            "eps_growth_yearly": 129.05
        },
        "20182": {
            "year_quarter": 20182,
            "year": 2018,
            "quarter": 2,
            "eps": 0.21,
            "eps_growth_year": 110,
            "eps_4q": 0.51,
            "eps_4q_growth_year": -16.14,
            "roe": 1.25,
            "roe_4q": 3.05,
            "gross_profit": 135728,
            "gross_margin": 5.67,
            "gross_margin_4q_avg": 6.67,
            "net_income": 69352,
            "revenue": 2394507,
            "common_shares": 3286054,
            "book_valuer_per_share": 16.89,
            "book_valuer_per_share_4q_avg": 16.9,
            "equity": 5548974,
            "current_ratio": 248.32,
            "debt_ratio": 29.2,
            "inventory_turnover_ratio": 1.92,
            "account_receivable_turnover_ratio": 1.09,
            "reinvestment_rate": -18.64,
            "research_to_sale_ratio": 3.13,
            "price_fair": 32.64,
            "eps_avg_yearly": 0.93,
            "eps_latest_yearly": 0.84,
            "eps_growth_yearly": 114.46
        },
        "20183": {
            "year_quarter": 20183,
            "year": 2018,
            "quarter": 3,
            "eps": 0.13,
            "eps_growth_year": 0,
            "eps_4q": 0.52,
            "eps_4q_growth_year": -14.19,
            "roe": 0.78,
            "roe_4q": 3.06,
            "gross_profit": 144539,
            "gross_margin": 7.28,
            "gross_margin_4q_avg": 6.62,
            "net_income": 43345,
            "revenue": 1985721,
            "common_shares": 3286054,
            "book_valuer_per_share": 16.89,
            "book_valuer_per_share_4q_avg": 16.92,
            "equity": 5549761,
            "current_ratio": 249.57,
            "debt_ratio": 29.32,
            "inventory_turnover_ratio": 1.58,
            "account_receivable_turnover_ratio": 0.85,
            "reinvestment_rate": -9.44,
            "research_to_sale_ratio": 3.63,
            "price_fair": 31.06,
            "eps_avg_yearly": 0.89,
            "eps_latest_yearly": 0.52,
            "eps_growth_yearly": 107.8
        },
        "20184": {
            "year_quarter": 20184,
            "year": 2018,
            "quarter": 4,
            "eps": 0.13,
            "eps_growth_year": -6.82,
            "eps_4q": 0.51,
            "eps_4q_growth_year": 17.69,
            "roe": 0.76,
            "roe_4q": 3,
            "gross_profit": 138266,
            "gross_margin": 6.23,
            "gross_margin_4q_avg": 6.44,
            "net_income": 42206,
            "revenue": 2218509,
            "common_shares": 3286054,
            "book_valuer_per_share": 16.97,
            "book_valuer_per_share_4q_avg": 16.94,
            "equity": 5576309,
            "current_ratio": 263.72,
            "debt_ratio": 27.92,
            "inventory_turnover_ratio": 1.74,
            "account_receivable_turnover_ratio": 0.93,
            "reinvestment_rate": -1.51,
            "research_to_sale_ratio": 3.24,
            "price_fair": 29.49,
            "eps_avg_yearly": 0.84,
            "eps_latest_yearly": 0.52,
            "eps_growth_yearly": 107.8
        },
        "20191": {
            "year_quarter": 20191,
            "year": 2019,
            "quarter": 1,
            "eps": 0.07,
            "eps_growth_year": 75,
            "eps_4q": 0.54,
            "eps_4q_growth_year": 33.2,
            "roe": 0.41,
            "roe_4q": 3.2,
            "gross_profit": 108113,
            "gross_margin": 7.15,
            "gross_margin_4q_avg": 6.58,
            "net_income": 23185,
            "revenue": 1511075,
            "common_shares": 3286054,
            "book_valuer_per_share": 17.06,
            "book_valuer_per_share_4q_avg": 16.95,
            "equity": 5604650,
            "current_ratio": 340.63,
            "debt_ratio": 27.72,
            "inventory_turnover_ratio": 1.59,
            "account_receivable_turnover_ratio": 0.7,
            "reinvestment_rate": 1.04,
            "research_to_sale_ratio": 4.59,
            "price_fair": 26.6,
            "eps_avg_yearly": 0.76,
            "eps_latest_yearly": 0.28,
            "eps_growth_yearly": 89
        },
        "20192": {
            "year_quarter": 20192,
            "year": 2019,
            "quarter": 2,
            "eps": 0.06,
            "eps_growth_year": -71.43,
            "eps_4q": 0.39,
            "eps_4q_growth_year": -24.24,
            "roe": 0.34,
            "roe_4q": 2.29,
            "gross_profit": 114531,
            "gross_margin": 8.52,
            "gross_margin_4q_avg": 7.3,
            "net_income": 19113,
            "revenue": 1344312,
            "common_shares": 3286054,
            "book_valuer_per_share": 16.7,
            "book_valuer_per_share_4q_avg": 16.91,
            "equity": 5487206,
            "current_ratio": 304.75,
            "debt_ratio": 29.74,
            "inventory_turnover_ratio": 1.58,
            "account_receivable_turnover_ratio": 0.89,
            "reinvestment_rate": 17.48,
            "research_to_sale_ratio": 5.21,
            "price_fair": 25.11,
            "eps_avg_yearly": 0.72,
            "eps_latest_yearly": 0.24,
            "eps_growth_yearly": 96.06
        },
        "20193": {
            "year_quarter": 20193,
            "year": 2019,
            "quarter": 3,
            "eps": 0.01,
            "eps_growth_year": -92.31,
            "eps_4q": 0.27,
            "eps_4q_growth_year": -47.56,
            "roe": 0.08,
            "roe_4q": 1.59,
            "gross_profit": 127656,
            "gross_margin": 8.61,
            "gross_margin_4q_avg": 7.63,
            "net_income": 4496,
            "revenue": 1482554,
            "common_shares": 3286054,
            "book_valuer_per_share": 16.63,
            "book_valuer_per_share_4q_avg": 16.84,
            "equity": 5464445,
            "current_ratio": 291.86,
            "debt_ratio": 30.38,
            "inventory_turnover_ratio": 1.64,
            "account_receivable_turnover_ratio": 1.06,
            "reinvestment_rate": -27.94,
            "research_to_sale_ratio": 5.25,
            "price_fair": 21.88,
            "eps_avg_yearly": 0.63,
            "eps_latest_yearly": 0.04,
            "eps_growth_yearly": 58.92
        },
        "20194": {
            "year_quarter": 20194,
            "year": 2019,
            "quarter": 4,
            "eps": 0.01,
            "eps_growth_year": -89.2,
            "eps_4q": 0.16,
            "eps_4q_growth_year": -69.18,
            "roe": 0.08,
            "roe_4q": 0.9099999999999999,
            "gross_profit": 114903,
            "gross_margin": 8.39,
            "gross_margin_4q_avg": 8.17,
            "net_income": 4558,
            "revenue": 1370022,
            "common_shares": 3286054,
            "book_valuer_per_share": 16.6,
            "book_valuer_per_share_4q_avg": 16.75,
            "equity": 5455611,
            "current_ratio": 273.57,
            "debt_ratio": 31.56,
            "inventory_turnover_ratio": 1.68,
            "account_receivable_turnover_ratio": 0.92,
            "reinvestment_rate": -33.23,
            "research_to_sale_ratio": 4.46,
            "price_fair": 18.46,
            "eps_avg_yearly": 0.53,
            "eps_latest_yearly": 0.04,
            "eps_growth_yearly": 57.6
        },
        "20201": {
            "year_quarter": 20201,
            "year": 2020,
            "quarter": 1,
            "eps": -0.05,
            "eps_growth_year": -171.43,
            "eps_4q": 0.04,
            "eps_4q_growth_year": -93.26,
            "roe": -0.3,
            "roe_4q": 0.20000000000000007,
            "gross_profit": 58474,
            "gross_margin": 6.29,
            "gross_margin_4q_avg": 7.95,
            "net_income": -16170,
            "revenue": 929408,
            "common_shares": 3286054,
            "book_valuer_per_share": 16.47,
            "book_valuer_per_share_4q_avg": 16.6,
            "equity": 5411073,
            "current_ratio": 294.28,
            "debt_ratio": 29.61,
            "inventory_turnover_ratio": 1.32,
            "account_receivable_turnover_ratio": 0.75,
            "reinvestment_rate": -38.68,
            "research_to_sale_ratio": 7.21,
            "price_fair": 16.61,
            "eps_avg_yearly": 0.47,
            "eps_latest_yearly": 0.04,
            "eps_growth_yearly": 66.11
        },
        "20202": {
            "year_quarter": 20202,
            "year": 2020,
            "quarter": 2,
            "eps": 0.05,
            "eps_growth_year": -16.67,
            "eps_4q": 0.02,
            "eps_4q_growth_year": -93.85,
            "roe": 0.28,
            "roe_4q": 0.14000000000000004,
            "gross_profit": 82413,
            "gross_margin": 6.6,
            "gross_margin_4q_avg": 7.47,
            "net_income": 14975,
            "revenue": 1249557,
            "common_shares": 3286054,
            "book_valuer_per_share": 16.28,
            "book_valuer_per_share_4q_avg": 16.5,
            "equity": 5349830,
            "current_ratio": 286.81,
            "debt_ratio": 30.05,
            "inventory_turnover_ratio": 1.86,
            "account_receivable_turnover_ratio": 1.15,
            "reinvestment_rate": -42.03,
            "research_to_sale_ratio": 5.56,
            "price_fair": 15.4,
            "eps_avg_yearly": 0.44,
            "eps_latest_yearly": 0.04,
            "eps_growth_yearly": 78.62
        },
        "20203": {
            "year_quarter": 20203,
            "year": 2020,
            "quarter": 3,
            "eps": -0.02,
            "eps_growth_year": -300,
            "eps_4q": -0.01,
            "eps_4q_growth_year": -103.7,
            "roe": -0.12,
            "roe_4q": -0.059999999999999956,
            "gross_profit": 94029,
            "gross_margin": 7.39,
            "gross_margin_4q_avg": 7.17,
            "net_income": -6654,
            "revenue": 1273009,
            "common_shares": 3286054,
            "book_valuer_per_share": 16.29,
            "book_valuer_per_share_4q_avg": 16.41,
            "equity": 5352089,
            "current_ratio": 247.02,
            "debt_ratio": 33.82,
            "inventory_turnover_ratio": 1.95,
            "account_receivable_turnover_ratio": 1.04,
            "reinvestment_rate": -54.9,
            "research_to_sale_ratio": 5.38,
            "price_fair": 15.08,
            "eps_avg_yearly": 0.43,
            "eps_latest_yearly": 0.04,
            "eps_growth_yearly": 97.49
        },
        "20204": {
            "year_quarter": 20204,
            "year": 2020,
            "quarter": 4,
            "eps": 0.1,
            "eps_growth_year": 589.41,
            "eps_4q": 0.07,
            "eps_4q_growth_year": -54.09,
            "roe": 0.58,
            "roe_4q": 0.44,
            "gross_profit": 136819,
            "gross_margin": 9.9,
            "gross_margin_4q_avg": 7.55,
            "net_income": 31424,
            "revenue": 1382177,
            "common_shares": 3286054,
            "book_valuer_per_share": 16.41,
            "book_valuer_per_share_4q_avg": 16.36,
            "equity": 5393762,
            "current_ratio": 257.38,
            "debt_ratio": 32.78,
            "inventory_turnover_ratio": 2.16,
            "account_receivable_turnover_ratio": 1.07,
            "reinvestment_rate": -79.13,
            "research_to_sale_ratio": 4.85,
            "price_fair": 12.72,
            "eps_avg_yearly": 0.36,
            "eps_latest_yearly": 0.04,
            "eps_growth_yearly": 65.14
        },
        "20211": {
            "year_quarter": 20211,
            "year": 2021,
            "quarter": 1,
            "eps": -0.05,
            "eps_growth_year": null,
            "eps_4q": 0.07,
            "eps_4q_growth_year": 95.36,
            "roe": -0.3,
            "roe_4q": 0.44,
            "gross_profit": 80651,
            "gross_margin": 7.66,
            "gross_margin_4q_avg": 7.89,
            "net_income": -16308,
            "revenue": 1053210,
            "common_shares": 3286054,
            "book_valuer_per_share": 16.4,
            "book_valuer_per_share_4q_avg": 16.35,
            "equity": 5388613,
            "current_ratio": 281.89,
            "debt_ratio": 30.44,
            "inventory_turnover_ratio": 1.81,
            "account_receivable_turnover_ratio": 0.87,
            "reinvestment_rate": -93.94,
            "research_to_sale_ratio": 5.42,
            "price_fair": 13.11,
            "eps_avg_yearly": 0.37,
            "eps_latest_yearly": 0.04,
            "eps_growth_yearly": 100.39
        },
        "20212": {
            "year_quarter": 20212,
            "year": 2021,
            "quarter": 2,
            "eps": 0.03,
            "eps_growth_year": -40,
            "eps_4q": 0.06,
            "eps_4q_growth_year": 151.07,
            "roe": 0.21,
            "roe_4q": 0.37,
            "gross_profit": 33065,
            "gross_margin": 3.48,
            "gross_margin_4q_avg": 7.11,
            "net_income": 11269,
            "revenue": 949420,
            "common_shares": 3286054,
            "book_valuer_per_share": 16.7,
            "book_valuer_per_share_4q_avg": 16.45,
            "equity": 5488014,
            "current_ratio": 296.02,
            "debt_ratio": 28.92,
            "inventory_turnover_ratio": 1.61,
            "account_receivable_turnover_ratio": 0.94,
            "reinvestment_rate": -119.08,
            "research_to_sale_ratio": 7.28,
            "price_fair": 13.02,
            "eps_avg_yearly": 0.37,
            "eps_latest_yearly": 0.04,
            "eps_growth_yearly": 83.76
        },
        "20213": {
            "year_quarter": 20213,
            "year": 2021,
            "quarter": 3,
            "eps": 0.17,
            "eps_growth_year": null,
            "eps_4q": 0.25,
            "eps_4q_growth_year": null,
            "roe": 0.99,
            "roe_4q": 1.48,
            "gross_profit": 5853,
            "gross_margin": 0.64,
            "gross_margin_4q_avg": 5.42,
            "net_income": 54448,
            "revenue": 912676,
            "common_shares": 3286054,
            "book_valuer_per_share": 16.82,
            "book_valuer_per_share_4q_avg": 16.58,
            "equity": 5527268,
            "current_ratio": 296.6,
            "debt_ratio": 29.34,
            "inventory_turnover_ratio": 1.39,
            "account_receivable_turnover_ratio": 0.99,
            "reinvestment_rate": -139.78,
            "research_to_sale_ratio": 7.57,
            "price_fair": 13.58,
            "eps_avg_yearly": 0.39,
            "eps_latest_yearly": 0.68,
            "eps_growth_yearly": 258.42
        },
        "20214": {
            "year_quarter": 20214,
            "year": 2021,
            "quarter": 4,
            "eps": -0.08,
            "eps_growth_year": -179.61,
            "eps_4q": 0.07,
            "eps_4q_growth_year": 3.47,
            "roe": -0.46,
            "roe_4q": 0.44,
            "gross_profit": -10308,
            "gross_margin": -1,
            "gross_margin_4q_avg": 2.7,
            "net_income": -25016,
            "revenue": 1031490,
            "common_shares": 3286054,
            "book_valuer_per_share": 16.57,
            "book_valuer_per_share_4q_avg": 16.62,
            "equity": 5446279,
            "current_ratio": 317.23,
            "debt_ratio": 28.2,
            "inventory_turnover_ratio": 1.65,
            "account_receivable_turnover_ratio": 1.04,
            "reinvestment_rate": -186.16,
            "research_to_sale_ratio": 6.98,
            "price_fair": 12.91,
            "eps_avg_yearly": 0.37,
            "eps_latest_yearly": 0.68,
            "eps_growth_yearly": 283.72
        },
        "20221": {
            "year_quarter": 20221,
            "year": 2022,
            "quarter": 1,
            "eps": -0.29,
            "eps_growth_year": null,
            "eps_4q": -0.16,
            "eps_4q_growth_year": -330.67,
            "roe": -1.75,
            "roe_4q": -1.01,
            "gross_profit": -12396,
            "gross_margin": -1.59,
            "gross_margin_4q_avg": 0.38,
            "net_income": -94764,
            "revenue": 780139,
            "common_shares": 3286054,
            "book_valuer_per_share": 16.34,
            "book_valuer_per_share_4q_avg": 16.61,
            "equity": 5369733,
            "current_ratio": 284.89,
            "debt_ratio": 30.3,
            "inventory_turnover_ratio": 1.1,
            "account_receivable_turnover_ratio": 0.83,
            "reinvestment_rate": -166.49,
            "research_to_sale_ratio": 7.43,
            "price_fair": 13.83,
            "eps_avg_yearly": 0.4,
            "eps_latest_yearly": 0.68,
            "eps_growth_yearly": 354.9
        },
        "20222": {
            "year_quarter": 20222,
            "year": 2022,
            "quarter": 2,
            "eps": -0.31,
            "eps_growth_year": -1133.33,
            "eps_4q": -0.51,
            "eps_4q_growth_year": -943.38,
            "roe": -1.91,
            "roe_4q": -3.13,
            "gross_profit": 47644,
            "gross_margin": 4.05,
            "gross_margin_4q_avg": 0.53,
            "net_income": -101077,
            "revenue": 1176088,
            "common_shares": 3286054,
            "book_valuer_per_share": 15.94,
            "book_valuer_per_share_4q_avg": 16.42,
            "equity": 5237773,
            "current_ratio": 235.63,
            "debt_ratio": 35.68,
            "inventory_turnover_ratio": 1.09,
            "account_receivable_turnover_ratio": 1.25,
            "reinvestment_rate": null,
            "research_to_sale_ratio": 5.17,
            "price_fair": 11.6,
            "eps_avg_yearly": 0.33,
            "eps_latest_yearly": 0.68,
            "eps_growth_yearly": 162.74
        },
        "20223": {
            "year_quarter": 20223,
            "year": 2022,
            "quarter": 3,
            "eps": 0.16,
            "eps_growth_year": -5.88,
            "eps_4q": -0.51,
            "eps_4q_growth_year": -307.89,
            "roe": 0.99,
            "roe_4q": -3.13,
            "gross_profit": 108376,
            "gross_margin": 5.7,
            "gross_margin_4q_avg": 1.79,
            "net_income": 52245,
            "revenue": 1900628,
            "common_shares": 3297154,
            "book_valuer_per_share": 16.03,
            "book_valuer_per_share_4q_avg": 16.22,
            "equity": 5284263,
            "current_ratio": 217.57,
            "debt_ratio": 38.63,
            "inventory_turnover_ratio": 1.25,
            "account_receivable_turnover_ratio": 1.26,
            "reinvestment_rate": null,
            "research_to_sale_ratio": 3.85,
            "price_fair": 10.5,
            "eps_avg_yearly": 0.3,
            "eps_latest_yearly": 0.68,
            "eps_growth_yearly": 215.26
        },
        "20224": {
            "year_quarter": 20224,
            "year": 2022,
            "quarter": 4,
            "eps": -0.68,
            "eps_growth_year": null,
            "eps_4q": -1.11,
            "eps_4q_growth_year": -1595.86,
            "roe": -4.31,
            "roe_4q": -6.9799999999999995,
            "gross_profit": 143235,
            "gross_margin": 7.55,
            "gross_margin_4q_avg": 3.93,
            "net_income": -223078,
            "revenue": 1896487,
            "common_shares": 3302154,
            "book_valuer_per_share": 15.34,
            "book_valuer_per_share_4q_avg": 15.91,
            "equity": 5064867,
            "current_ratio": 263.68,
            "debt_ratio": 32.57,
            "inventory_turnover_ratio": 1.24,
            "account_receivable_turnover_ratio": 0.97,
            "reinvestment_rate": null,
            "research_to_sale_ratio": 4.41,
            "price_fair": 8.96,
            "eps_avg_yearly": 0.26,
            "eps_latest_yearly": 0.68,
            "eps_growth_yearly": 258.32
        },
        "20231": {
            "year_quarter": 20231,
            "year": 2023,
            "quarter": 1,
            "eps": -0.37,
            "eps_growth_year": null,
            "eps_4q": -1.2,
            "eps_4q_growth_year": null,
            "roe": -2.45,
            "roe_4q": -7.68,
            "gross_profit": 5019,
            "gross_margin": 0.58,
            "gross_margin_4q_avg": 4.47,
            "net_income": -122855,
            "revenue": 862064,
            "common_shares": 3302154,
            "book_valuer_per_share": 15.06,
            "book_valuer_per_share_4q_avg": 15.59,
            "equity": 4973469,
            "current_ratio": 276.47,
            "debt_ratio": 30.77,
            "inventory_turnover_ratio": 0.67,
            "account_receivable_turnover_ratio": 0.58,
            "reinvestment_rate": null,
            "research_to_sale_ratio": 8.63,
            "price_fair": 8.75,
            "eps_avg_yearly": 0.25,
            "eps_latest_yearly": 0.68,
            "eps_growth_yearly": 369.05
        }
    },
    "months": {
        "2003-07": {
            "month": "2003-07",
            "price": "64.62",
            "revenue": 930194
        },
        "2003-08": {
            "month": "2003-08",
            "price": "52.65",
            "revenue": 713633
        },
        "2003-09": {
            "month": "2003-09",
            "price": "42.35",
            "revenue": 810007
        },
        "2003-10": {
            "month": "2003-10",
            "price": "40.14",
            "revenue": 1139176
        },
        "2003-11": {
            "month": "2003-11",
            "price": "46.54",
            "revenue": 858506
        },
        "2003-12": {
            "month": "2003-12",
            "price": "48.98",
            "revenue": 757671
        },
        "2004-01": {
            "month": "2004-01",
            "price": "49.06",
            "revenue": 524846
        },
        "2004-02": {
            "month": "2004-02",
            "price": "51.02",
            "revenue": 1045458
        },
        "2004-03": {
            "month": "2004-03",
            "price": "49.96",
            "revenue": 995641
        },
        "2004-04": {
            "month": "2004-04",
            "price": "48.89",
            "revenue": 822852
        },
        "2004-05": {
            "month": "2004-05",
            "price": "37.47",
            "revenue": 668136
        },
        "2004-06": {
            "month": "2004-06",
            "price": "33.43",
            "revenue": 1172962
        },
        "2004-07": {
            "month": "2004-07",
            "price": "27.68",
            "revenue": 1212663
        },
        "2004-08": {
            "month": "2004-08",
            "price": "24.76",
            "revenue": 936731
        },
        "2004-09": {
            "month": "2004-09",
            "price": "21.50",
            "revenue": 1275569
        },
        "2004-10": {
            "month": "2004-10",
            "price": "21.38",
            "revenue": 1180260
        },
        "2004-11": {
            "month": "2004-11",
            "price": "19.84",
            "revenue": 1207329
        },
        "2004-12": {
            "month": "2004-12",
            "price": "21.45",
            "revenue": 1144556
        },
        "2005-01": {
            "month": "2005-01",
            "price": "19.42",
            "revenue": 1046223
        },
        "2005-02": {
            "month": "2005-02",
            "price": "22.76",
            "revenue": 959983
        },
        "2005-03": {
            "month": "2005-03",
            "price": "28.53",
            "revenue": 1331994
        },
        "2005-04": {
            "month": "2005-04",
            "price": "25.16",
            "revenue": 1381946
        },
        "2005-05": {
            "month": "2005-05",
            "price": "22.62",
            "revenue": 1344916
        },
        "2005-06": {
            "month": "2005-06",
            "price": "24.42",
            "revenue": 1115022
        },
        "2005-07": {
            "month": "2005-07",
            "price": "25.64",
            "revenue": 1312724
        },
        "2005-08": {
            "month": "2005-08",
            "price": "21.48",
            "revenue": 992880
        },
        "2005-09": {
            "month": "2005-09",
            "price": "19.85",
            "revenue": 1159407
        },
        "2005-10": {
            "month": "2005-10",
            "price": "16.67",
            "revenue": 1044269
        },
        "2005-11": {
            "month": "2005-11",
            "price": "17.91",
            "revenue": 952394
        },
        "2005-12": {
            "month": "2005-12",
            "price": "30.22",
            "revenue": 922796
        },
        "2006-01": {
            "month": "2006-01",
            "price": "45.07",
            "revenue": 904668
        },
        "2006-02": {
            "month": "2006-02",
            "price": "46.97",
            "revenue": 803164
        },
        "2006-03": {
            "month": "2006-03",
            "price": "40.18",
            "revenue": 1000670
        },
        "2006-04": {
            "month": "2006-04",
            "price": "41.29",
            "revenue": 849215
        },
        "2006-05": {
            "month": "2006-05",
            "price": "42.29",
            "revenue": 1133492
        },
        "2006-06": {
            "month": "2006-06",
            "price": "40.26",
            "revenue": 1389579
        },
        "2006-07": {
            "month": "2006-07",
            "price": "40.86",
            "revenue": 917193
        },
        "2006-08": {
            "month": "2006-08",
            "price": "37.44",
            "revenue": 783106
        },
        "2006-09": {
            "month": "2006-09",
            "price": "40.08",
            "revenue": 919932
        },
        "2006-10": {
            "month": "2006-10",
            "price": "48.11",
            "revenue": 734920
        },
        "2006-11": {
            "month": "2006-11",
            "price": "52.79",
            "revenue": 833301
        },
        "2006-12": {
            "month": "2006-12",
            "price": "66.53",
            "revenue": 1023065
        },
        "2007-01": {
            "month": "2007-01",
            "price": "66.75",
            "revenue": 871305
        },
        "2007-02": {
            "month": "2007-02",
            "price": "66.31",
            "revenue": 728865
        },
        "2007-03": {
            "month": "2007-03",
            "price": "79.35",
            "revenue": 938015
        },
        "2007-04": {
            "month": "2007-04",
            "price": "72.42",
            "revenue": 913969
        },
        "2007-05": {
            "month": "2007-05",
            "price": "75.13",
            "revenue": 895037
        },
        "2007-06": {
            "month": "2007-06",
            "price": "87.08",
            "revenue": 958365
        },
        "2007-07": {
            "month": "2007-07",
            "price": "105.43",
            "revenue": 951652
        },
        "2007-08": {
            "month": "2007-08",
            "price": "95.78",
            "revenue": 1163502
        },
        "2007-09": {
            "month": "2007-09",
            "price": "109.64",
            "revenue": 1032616
        },
        "2007-10": {
            "month": "2007-10",
            "price": "98.79",
            "revenue": 1000880
        },
        "2007-11": {
            "month": "2007-11",
            "price": "68.88",
            "revenue": 1016372
        },
        "2007-12": {
            "month": "2007-12",
            "price": "64.07",
            "revenue": 1050532
        },
        "2008-01": {
            "month": "2008-01",
            "price": "45.14",
            "revenue": 976230
        },
        "2008-02": {
            "month": "2008-02",
            "price": "42.96",
            "revenue": 761275
        },
        "2008-03": {
            "month": "2008-03",
            "price": "50.01",
            "revenue": 966823
        },
        "2008-04": {
            "month": "2008-04",
            "price": "56.50",
            "revenue": 939049
        },
        "2008-05": {
            "month": "2008-05",
            "price": "54.05",
            "revenue": 769269
        },
        "2008-06": {
            "month": "2008-06",
            "price": "47.91",
            "revenue": 741517
        },
        "2008-07": {
            "month": "2008-07",
            "price": "41.98",
            "revenue": 767401
        },
        "2008-08": {
            "month": "2008-08",
            "price": "46.77",
            "revenue": 806095
        },
        "2008-09": {
            "month": "2008-09",
            "price": "35.91",
            "revenue": 864449
        },
        "2008-10": {
            "month": "2008-10",
            "price": "24.07",
            "revenue": 856345
        },
        "2008-11": {
            "month": "2008-11",
            "price": "17.34",
            "revenue": 1018582
        },
        "2008-12": {
            "month": "2008-12",
            "price": "19.03",
            "revenue": 893928
        },
        "2009-01": {
            "month": "2009-01",
            "price": "23.61",
            "revenue": 737058
        },
        "2009-02": {
            "month": "2009-02",
            "price": "24.02",
            "revenue": 899549
        },
        "2009-03": {
            "month": "2009-03",
            "price": "26.12",
            "revenue": 1178362
        },
        "2009-04": {
            "month": "2009-04",
            "price": "31.49",
            "revenue": 1188649
        },
        "2009-05": {
            "month": "2009-05",
            "price": "42.57",
            "revenue": 1055431
        },
        "2009-06": {
            "month": "2009-06",
            "price": "43.36",
            "revenue": 915618
        },
        "2009-07": {
            "month": "2009-07",
            "price": "43.56",
            "revenue": 974796
        },
        "2009-08": {
            "month": "2009-08",
            "price": "38.26",
            "revenue": 934862
        },
        "2009-09": {
            "month": "2009-09",
            "price": "40.94",
            "revenue": 918017
        },
        "2009-10": {
            "month": "2009-10",
            "price": "44.71",
            "revenue": 1137928
        },
        "2009-11": {
            "month": "2009-11",
            "price": "46.73",
            "revenue": 942953
        },
        "2009-12": {
            "month": "2009-12",
            "price": "48.66",
            "revenue": 1134253
        },
        "2010-01": {
            "month": "2010-01",
            "price": "47.67",
            "revenue": 1025085
        },
        "2010-02": {
            "month": "2010-02",
            "price": "43.03",
            "revenue": 1128581
        },
        "2010-03": {
            "month": "2010-03",
            "price": "43.95",
            "revenue": 1471935
        },
        "2010-04": {
            "month": "2010-04",
            "price": "43.94",
            "revenue": 1059003
        },
        "2010-05": {
            "month": "2010-05",
            "price": "36.86",
            "revenue": 920349
        },
        "2010-06": {
            "month": "2010-06",
            "price": "34.73",
            "revenue": 1065738
        },
        "2010-07": {
            "month": "2010-07",
            "price": "35.06",
            "revenue": 893995
        },
        "2010-08": {
            "month": "2010-08",
            "price": "36.86",
            "revenue": 829641
        },
        "2010-09": {
            "month": "2010-09",
            "price": "37.10",
            "revenue": 937979
        },
        "2010-10": {
            "month": "2010-10",
            "price": "41.71",
            "revenue": 1007325
        },
        "2010-11": {
            "month": "2010-11",
            "price": "39.32",
            "revenue": 1123831
        },
        "2010-12": {
            "month": "2010-12",
            "price": "42.07",
            "revenue": 1094693
        },
        "2011-01": {
            "month": "2011-01",
            "price": "40.00",
            "revenue": 974969
        },
        "2011-02": {
            "month": "2011-02",
            "price": "35.61",
            "revenue": 812930
        },
        "2011-03": {
            "month": "2011-03",
            "price": "30.37",
            "revenue": 1482582
        },
        "2011-04": {
            "month": "2011-04",
            "price": "30.04",
            "revenue": 1494554
        },
        "2011-05": {
            "month": "2011-05",
            "price": "32.00",
            "revenue": 1353964
        },
        "2011-06": {
            "month": "2011-06",
            "price": "34.60",
            "revenue": 1038966
        },
        "2011-07": {
            "month": "2011-07",
            "price": "32.87",
            "revenue": 1137264
        },
        "2011-08": {
            "month": "2011-08",
            "price": "32.16",
            "revenue": 1081929
        },
        "2011-09": {
            "month": "2011-09",
            "price": "31.50",
            "revenue": 926462
        },
        "2011-10": {
            "month": "2011-10",
            "price": "30.08",
            "revenue": 851342
        },
        "2011-11": {
            "month": "2011-11",
            "price": "31.65",
            "revenue": 1032627
        },
        "2011-12": {
            "month": "2011-12",
            "price": "27.24",
            "revenue": 817170
        },
        "2012-01": {
            "month": "2012-01",
            "price": "27.14",
            "revenue": 608721
        },
        "2012-02": {
            "month": "2012-02",
            "price": "31.86",
            "revenue": 789833
        },
        "2012-03": {
            "month": "2012-03",
            "price": "30.56",
            "revenue": 1028413
        },
        "2012-04": {
            "month": "2012-04",
            "price": "26.12",
            "revenue": 860903
        },
        "2012-05": {
            "month": "2012-05",
            "price": "24.09",
            "revenue": 827036
        },
        "2012-06": {
            "month": "2012-06",
            "price": "22.61",
            "revenue": 580909
        },
        "2012-07": {
            "month": "2012-07",
            "price": "21.55",
            "revenue": 572714
        },
        "2012-08": {
            "month": "2012-08",
            "price": "21.82",
            "revenue": 885840
        },
        "2012-09": {
            "month": "2012-09",
            "price": "22.88",
            "revenue": 955749
        },
        "2012-10": {
            "month": "2012-10",
            "price": "22.75",
            "revenue": 786547
        },
        "2012-11": {
            "month": "2012-11",
            "price": "21.27",
            "revenue": 789721
        },
        "2012-12": {
            "month": "2012-12",
            "price": "25.10",
            "revenue": 1023740
        },
        "2013-01": {
            "month": "2013-01",
            "price": "24.95",
            "revenue": 833482
        },
        "2013-02": {
            "month": "2013-02",
            "price": "25.12",
            "revenue": 656298
        },
        "2013-03": {
            "month": "2013-03",
            "price": "24.78",
            "revenue": 674432
        },
        "2013-04": {
            "month": "2013-04",
            "price": "22.56",
            "revenue": 848869
        },
        "2013-05": {
            "month": "2013-05",
            "price": "23.50",
            "revenue": 1278319
        },
        "2013-06": {
            "month": "2013-06",
            "price": "24.25",
            "revenue": 1254490
        },
        "2013-07": {
            "month": "2013-07",
            "price": "28.89",
            "revenue": 1410560
        },
        "2013-08": {
            "month": "2013-08",
            "price": "34.20",
            "revenue": 1141090
        },
        "2013-09": {
            "month": "2013-09",
            "price": "34.17",
            "revenue": 1227306
        },
        "2013-10": {
            "month": "2013-10",
            "price": "33.36",
            "revenue": 1063963
        },
        "2013-11": {
            "month": "2013-11",
            "price": "31.50",
            "revenue": 1313296
        },
        "2013-12": {
            "month": "2013-12",
            "price": "31.54",
            "revenue": 1228373
        },
        "2014-01": {
            "month": "2014-01",
            "price": "33.30",
            "revenue": 1715958
        },
        "2014-02": {
            "month": "2014-02",
            "price": "33.69",
            "revenue": 995743
        },
        "2014-03": {
            "month": "2014-03",
            "price": "33.70",
            "revenue": 1117455
        },
        "2014-04": {
            "month": "2014-04",
            "price": "31.91",
            "revenue": 1829466
        },
        "2014-05": {
            "month": "2014-05",
            "price": "30.23",
            "revenue": 1461493
        },
        "2014-06": {
            "month": "2014-06",
            "price": "31.41",
            "revenue": 1516320
        },
        "2014-07": {
            "month": "2014-07",
            "price": "31.16",
            "revenue": 1466963
        },
        "2014-08": {
            "month": "2014-08",
            "price": "28.00",
            "revenue": 1213426
        },
        "2014-09": {
            "month": "2014-09",
            "price": "27.03",
            "revenue": 1231809
        },
        "2014-10": {
            "month": "2014-10",
            "price": "24.42",
            "revenue": 1227441
        },
        "2014-11": {
            "month": "2014-11",
            "price": "24.04",
            "revenue": 1099496
        },
        "2014-12": {
            "month": "2014-12",
            "price": "24.98",
            "revenue": 1213199
        },
        "2015-01": {
            "month": "2015-01",
            "price": "25.12",
            "revenue": 1534715
        },
        "2015-02": {
            "month": "2015-02",
            "price": "23.58",
            "revenue": 1159565
        },
        "2015-03": {
            "month": "2015-03",
            "price": "23.74",
            "revenue": 1607661
        },
        "2015-04": {
            "month": "2015-04",
            "price": "24.14",
            "revenue": 1514773
        },
        "2015-05": {
            "month": "2015-05",
            "price": "23.11",
            "revenue": 1531146
        },
        "2015-06": {
            "month": "2015-06",
            "price": "21.57",
            "revenue": 1588507
        },
        "2015-07": {
            "month": "2015-07",
            "price": "19.45",
            "revenue": 1116555
        },
        "2015-08": {
            "month": "2015-08",
            "price": "15.64",
            "revenue": 764682
        },
        "2015-09": {
            "month": "2015-09",
            "price": "15.06",
            "revenue": 853713
        },
        "2015-10": {
            "month": "2015-10",
            "price": "16.71",
            "revenue": 1016845
        },
        "2015-11": {
            "month": "2015-11",
            "price": "16.83",
            "revenue": 950050
        },
        "2015-12": {
            "month": "2015-12",
            "price": "15.79",
            "revenue": 823330
        },
        "2016-01": {
            "month": "2016-01",
            "price": "18.25",
            "revenue": 950094
        },
        "2016-02": {
            "month": "2016-02",
            "price": "20.80",
            "revenue": 1003416
        },
        "2016-03": {
            "month": "2016-03",
            "price": "20.71",
            "revenue": 1065665
        },
        "2016-04": {
            "month": "2016-04",
            "price": "18.48",
            "revenue": 1005480
        },
        "2016-05": {
            "month": "2016-05",
            "price": "16.71",
            "revenue": 804409
        },
        "2016-06": {
            "month": "2016-06",
            "price": "18.32",
            "revenue": 757795
        },
        "2016-07": {
            "month": "2016-07",
            "price": "19.83",
            "revenue": 717483
        },
        "2016-08": {
            "month": "2016-08",
            "price": "19.96",
            "revenue": 772063
        },
        "2016-09": {
            "month": "2016-09",
            "price": "19.98",
            "revenue": 749402
        },
        "2016-10": {
            "month": "2016-10",
            "price": "19.55",
            "revenue": 732894
        },
        "2016-11": {
            "month": "2016-11",
            "price": "17.81",
            "revenue": 853163
        },
        "2016-12": {
            "month": "2016-12",
            "price": "19.04",
            "revenue": 821980
        },
        "2017-01": {
            "month": "2017-01",
            "price": "19.14",
            "revenue": 744682
        },
        "2017-02": {
            "month": "2017-02",
            "price": "19.74",
            "revenue": 660610
        },
        "2017-03": {
            "month": "2017-03",
            "price": "20.51",
            "revenue": 910389
        },
        "2017-04": {
            "month": "2017-04",
            "price": "19.75",
            "revenue": 655388
        },
        "2017-05": {
            "month": "2017-05",
            "price": "19.84",
            "revenue": 511543
        },
        "2017-06": {
            "month": "2017-06",
            "price": "20.20",
            "revenue": 647527
        },
        "2017-07": {
            "month": "2017-07",
            "price": "20.15",
            "revenue": 558528
        },
        "2017-08": {
            "month": "2017-08",
            "price": "18.91",
            "revenue": 837370
        },
        "2017-09": {
            "month": "2017-09",
            "price": "19.04",
            "revenue": 957748
        },
        "2017-10": {
            "month": "2017-10",
            "price": "18.61",
            "revenue": 891966
        },
        "2017-11": {
            "month": "2017-11",
            "price": "18.57",
            "revenue": 915613
        },
        "2017-12": {
            "month": "2017-12",
            "price": "17.98",
            "revenue": 948322
        },
        "2018-01": {
            "month": "2018-01",
            "price": "19.89",
            "revenue": 759454
        },
        "2018-02": {
            "month": "2018-02",
            "price": "18.91",
            "revenue": 507273
        },
        "2018-03": {
            "month": "2018-03",
            "price": "18.99",
            "revenue": 732353
        },
        "2018-04": {
            "month": "2018-04",
            "price": "17.92",
            "revenue": 724149
        },
        "2018-05": {
            "month": "2018-05",
            "price": "18.32",
            "revenue": 857827
        },
        "2018-06": {
            "month": "2018-06",
            "price": "18.80",
            "revenue": 811711
        },
        "2018-07": {
            "month": "2018-07",
            "price": "17.83",
            "revenue": 692356
        },
        "2018-08": {
            "month": "2018-08",
            "price": "17.10",
            "revenue": 605354
        },
        "2018-09": {
            "month": "2018-09",
            "price": "15.58",
            "revenue": 688175
        },
        "2018-10": {
            "month": "2018-10",
            "price": "13.31",
            "revenue": 752639
        },
        "2018-11": {
            "month": "2018-11",
            "price": "13.35",
            "revenue": 746820
        },
        "2018-12": {
            "month": "2018-12",
            "price": "15.91",
            "revenue": 715327
        },
        "2019-01": {
            "month": "2019-01",
            "price": "15.06",
            "revenue": 683699
        },
        "2019-02": {
            "month": "2019-02",
            "price": "15.70",
            "revenue": 410325
        },
        "2019-03": {
            "month": "2019-03",
            "price": "15.81",
            "revenue": 415487
        },
        "2019-04": {
            "month": "2019-04",
            "price": "16.86",
            "revenue": 424979
        },
        "2019-05": {
            "month": "2019-05",
            "price": "15.01",
            "revenue": 426217
        },
        "2019-06": {
            "month": "2019-06",
            "price": "14.97",
            "revenue": 498325
        },
        "2019-07": {
            "month": "2019-07",
            "price": "15.66",
            "revenue": 472095
        },
        "2019-08": {
            "month": "2019-08",
            "price": "14.92",
            "revenue": 505104
        },
        "2019-09": {
            "month": "2019-09",
            "price": "16.41",
            "revenue": 510172
        },
        "2019-10": {
            "month": "2019-10",
            "price": "18.12",
            "revenue": 520186
        },
        "2019-11": {
            "month": "2019-11",
            "price": "18.33",
            "revenue": 401651
        },
        "2019-12": {
            "month": "2019-12",
            "price": "18.17",
            "revenue": 437656
        },
        "2020-01": {
            "month": "2020-01",
            "price": "17.31",
            "revenue": 347337
        },
        "2020-02": {
            "month": "2020-02",
            "price": "15.56",
            "revenue": 201057
        },
        "2020-03": {
            "month": "2020-03",
            "price": "12.94",
            "revenue": 380294
        },
        "2020-04": {
            "month": "2020-04",
            "price": "13.48",
            "revenue": 464153
        },
        "2020-05": {
            "month": "2020-05",
            "price": "14.77",
            "revenue": 370677
        },
        "2020-06": {
            "month": "2020-06",
            "price": "14.70",
            "revenue": 413697
        },
        "2020-07": {
            "month": "2020-07",
            "price": "15.52",
            "revenue": 409267
        },
        "2020-08": {
            "month": "2020-08",
            "price": "14.96",
            "revenue": 443638
        },
        "2020-09": {
            "month": "2020-09",
            "price": "15.01",
            "revenue": 415999
        },
        "2020-10": {
            "month": "2020-10",
            "price": "14.26",
            "revenue": 434918
        },
        "2020-11": {
            "month": "2020-11",
            "price": "14.78",
            "revenue": 483750
        },
        "2020-12": {
            "month": "2020-12",
            "price": "16.94",
            "revenue": 462264
        },
        "2021-01": {
            "month": "2021-01",
            "price": "19.25",
            "revenue": 445333
        },
        "2021-02": {
            "month": "2021-02",
            "price": "19.25",
            "revenue": 264177
        },
        "2021-03": {
            "month": "2021-03",
            "price": "20.51",
            "revenue": 347656
        },
        "2021-04": {
            "month": "2021-04",
            "price": "20.94",
            "revenue": 309978
        },
        "2021-05": {
            "month": "2021-05",
            "price": "17.07",
            "revenue": 314181
        },
        "2021-06": {
            "month": "2021-06",
            "price": "18.69",
            "revenue": 322901
        },
        "2021-07": {
            "month": "2021-07",
            "price": "19.72",
            "revenue": 258336
        },
        "2021-08": {
            "month": "2021-08",
            "price": "18.29",
            "revenue": 300929
        },
        "2021-09": {
            "month": "2021-09",
            "price": "18.29",
            "revenue": 353157
        },
        "2021-10": {
            "month": "2021-10",
            "price": "20.40",
            "revenue": 371282
        },
        "2021-11": {
            "month": "2021-11",
            "price": "30.60",
            "revenue": 350540
        },
        "2021-12": {
            "month": "2021-12",
            "price": "31.00",
            "revenue": 308559
        },
        "2022-01": {
            "month": "2022-01",
            "price": "27.87",
            "revenue": 313816
        },
        "2022-02": {
            "month": "2022-02",
            "price": "26.00",
            "revenue": 220260
        },
        "2022-03": {
            "month": "2022-03",
            "price": "25.64",
            "revenue": 243776
        },
        "2022-04": {
            "month": "2022-04",
            "price": "24.36",
            "revenue": 201156
        },
        "2022-05": {
            "month": "2022-05",
            "price": "22.36",
            "revenue": 352742
        },
        "2022-06": {
            "month": "2022-06",
            "price": "24.32",
            "revenue": 623169
        },
        "2022-07": {
            "month": "2022-07",
            "price": "28.18",
            "revenue": 606135
        },
        "2022-08": {
            "month": "2022-08",
            "price": "29.27",
            "revenue": 638623
        },
        "2022-09": {
            "month": "2022-09",
            "price": "26.97",
            "revenue": 658152
        },
        "2022-10": {
            "month": "2022-10",
            "price": "23.24",
            "revenue": 643546
        },
        "2022-11": {
            "month": "2022-11",
            "price": "23.18",
            "revenue": 710601
        },
        "2022-12": {
            "month": "2022-12",
            "price": "24.42",
            "revenue": 543158
        },
        "2023-01": {
            "month": "2023-01",
            "price": "23.54",
            "revenue": 251874
        },
        "2023-02": {
            "month": "2023-02",
            "price": "24.32",
            "revenue": 328981
        },
        "2023-03": {
            "month": "2023-03",
            "price": "23.76",
            "revenue": 282886
        },
        "2023-04": {
            "month": "2023-04",
            "price": "23.21",
            "revenue": 277476
        }
    }
}
