{
    "summary": {
        "stock_name": "泰偉",
        "stock_id": "3064",
        "category": "文化創意",
        "main_business": "資料儲存及處理設備製造業<br>資訊軟體服務業<br>電子零組件製造業",
        "website_url": "http://www.astrocorp.com.tw",
        "ceo": "林佑翔",
        "pe_ratio": -14,
        "report_year_from": 2002,
        "report_year_to": 2023,
        "age": 22,
        "eps_negative_percentage": 62,
        "eps_growth_avg": {
            "last_all": -44.85,
            "last_2y": null,
            "last_4y": null,
            "last_8y": null,
            "last_12y": -84.52,
            "last_16y": -88.15,
            "last_20y": null,
            "at_2006_last_3y": null,
            "at_2007_last_3y": 2.55,
            "at_2008_last_3y": -47.45,
            "at_2009_last_3y": -66.66,
            "at_2010_last_3y": -90.57,
            "at_2011_last_3y": -100,
            "at_2012_last_3y": -84.52,
            "at_2013_last_3y": -89.68,
            "at_2014_last_3y": -84.52,
            "at_2015_last_3y": -84.52,
            "at_2016_last_3y": -100,
            "at_2017_last_3y": null,
            "at_2018_last_3y": null,
            "at_2019_last_3y": null,
            "at_2020_last_3y": null,
            "at_2021_last_3y": null,
            "at_2022_last_3y": null,
            "at_2023_last_3y": null,
            "at_2024_last_3y": null,
            "at_2006_last_all": 27.31,
            "at_2007_last_all": 2.55,
            "at_2008_last_all": -17.96,
            "at_2009_last_all": -17.96,
            "at_2010_last_all": -31.63,
            "at_2011_last_all": -31.63,
            "at_2012_last_all": -36.98,
            "at_2013_last_all": -44.85,
            "at_2014_last_all": -44.85,
            "at_2015_last_all": -44.85,
            "at_2016_last_all": -44.85,
            "at_2017_last_all": -44.85,
            "at_2018_last_all": -44.85,
            "at_2019_last_all": -44.85,
            "at_2020_last_all": -44.85,
            "at_2021_last_all": -44.85,
            "at_2022_last_all": -44.85,
            "at_2023_last_all": -44.85,
            "at_2024_last_all": -44.85
        },
        "latest_eps": -0.77,
        "latest_price": 10.65,
        "latest_roe": -29.48,
        "latest_gross_margin": 91.43,
        "latest_equity": 111156,
        "latest_revenue": 28936,
        "latest_gross_profit": 26457,
        "latest_net_income": 2230,
        "latest_debt_ratio": 70.82,
        "latest_current_ratio": 50.67,
        "latest_account_receivable_turnover_ratio": 1.15,
        "latest_inventory_turnover_ratio": 1.01,
        "latest_reinvestment_rate": null,
        "latest_research_to_sale_ratio": 51.7
    },
    "eps_dividends": {
        "2001": {
            "cash": 0,
            "stock": 0,
            "eps": 0
        },
        "2002": {
            "cash": 0,
            "stock": 0,
            "eps": 0
        },
        "2003": {
            "cash": 0,
            "stock": 0.16,
            "eps": 1.04
        },
        "2004": {
            "cash": 0.4,
            "stock": 0.4,
            "eps": 5.01
        },
        "2005": {
            "cash": 1.14,
            "stock": 3,
            "eps": 5.52
        },
        "2006": {
            "cash": 0.16,
            "stock": 4,
            "eps": 3.96
        },
        "2007": {
            "cash": 0.03,
            "stock": 2.8,
            "eps": 1.12
        },
        "2008": {
            "cash": 0.16,
            "stock": 0.61,
            "eps": -1.36
        },
        "2009": {
            "cash": 0,
            "stock": 0,
            "eps": 0.39
        },
        "2010": {
            "cash": 0,
            "stock": 0,
            "eps": -3.48
        },
        "2011": {
            "cash": 0,
            "stock": 0,
            "eps": 1.55
        },
        "2012": {
            "cash": 0,
            "stock": 1,
            "eps": 0.48
        },
        "2013": {
            "cash": 0.1,
            "stock": 0,
            "eps": -0.45
        },
        "2014": {
            "cash": 0,
            "stock": 0,
            "eps": -2.65
        },
        "2015": {
            "cash": 0,
            "stock": 0,
            "eps": -3.75
        },
        "2016": {
            "cash": 0,
            "stock": 0,
            "eps": -2.19
        },
        "2017": {
            "cash": 0,
            "stock": 0,
            "eps": -1.17
        },
        "2018": {
            "cash": 0,
            "stock": 0,
            "eps": -2.04
        },
        "2019": {
            "cash": 0,
            "stock": 0,
            "eps": -3.76
        },
        "2020": {
            "cash": 0,
            "stock": 0,
            "eps": -0.26
        },
        "2021": {
            "cash": 0,
            "stock": 0,
            "eps": -0.75
        },
        "2022": {
            "cash": 0,
            "stock": 0,
            "eps": -3.78
        },
        "2023": {
            "cash": 0,
            "stock": 0,
            "eps": -0.04
        }
    },
    "dividends": {
        "2003-05-15": {
            "cash": 0,
            "stock": 0.16
        },
        "2004-04-16": {
            "cash": 0.4,
            "stock": 0.4
        },
        "2005-03-22": {
            "cash": 1.14,
            "stock": 3
        },
        "2006-04-21": {
            "cash": 0.16,
            "stock": 4
        },
        "2007-04-26": {
            "cash": 0.03,
            "stock": 2.8
        },
        "2008-03-24": {
            "cash": 0.16,
            "stock": 0.61
        },
        "2012-03-19": {
            "cash": 0,
            "stock": 1
        },
        "2013-06-19": {
            "cash": 0.1,
            "stock": 0
        }
    },
    "prices": {
        "200101": "無",
        "200102": "無",
        "200103": "無",
        "200104": "無",
        "200105": "無",
        "200106": "無",
        "200107": "無",
        "200108": "無",
        "200109": "無",
        "200110": "無",
        "200111": "無",
        "200112": "無",
        "200201": "無",
        "200202": "無",
        "200203": "無",
        "200204": "無",
        "200205": "無",
        "200206": "無",
        "200207": "無",
        "200208": "無",
        "200209": "無",
        "200210": "無",
        "200211": "無",
        "200212": "無",
        "200301": "無",
        "200302": "無",
        "200303": "無",
        "200304": "無",
        "200305": "無",
        "200306": "無",
        "200307": "無",
        "200308": "無",
        "200309": "無",
        "200310": "無",
        "200311": "無",
        "200312": "24.98",
        "200401": "22.89",
        "200402": "18.94",
        "200403": "21.78",
        "200404": "30.76",
        "200405": "35.78",
        "200406": "26.75",
        "200407": "23.30",
        "200408": "21.68",
        "200409": "16.69",
        "200410": "19.88",
        "200411": "29.10",
        "200412": "46.26",
        "200501": "78.05",
        "200502": "128.65",
        "200503": "138.20",
        "200504": "124.20",
        "200505": "122.55",
        "200506": "133.11",
        "200507": "145.08",
        "200508": "127.84",
        "200509": "119.19",
        "200510": "80.52",
        "200511": "61.03",
        "200512": "66.90",
        "200601": "65.01",
        "200602": "57.41",
        "200603": "44.97",
        "200604": "53.16",
        "200605": "48.95",
        "200606": "46.64",
        "200607": "48.78",
        "200608": "52.32",
        "200609": "59.55",
        "200610": "67.96",
        "200611": "67.13",
        "200612": "73.66",
        "200701": "97.09",
        "200702": "108.17",
        "200703": "116.39",
        "200704": "119.30",
        "200705": "143.89",
        "200706": "183.52",
        "200707": "286.48",
        "200708": "302.22",
        "200709": "254.94",
        "200710": "227.73",
        "200711": "154.07",
        "200712": "136.05",
        "200801": "115.08",
        "200802": "84.20",
        "200803": "134.57",
        "200804": "179.74",
        "200805": "153.74",
        "200806": "107.91",
        "200807": "76.53",
        "200808": "71.72",
        "200809": "58.60",
        "200810": "53.19",
        "200811": "42.15",
        "200812": "38.70",
        "200901": "45.69",
        "200902": "45.51",
        "200903": "54.77",
        "200904": "66.35",
        "200905": "64.29",
        "200906": "55.82",
        "200907": "67.14",
        "200908": "63.14",
        "200909": "73.06",
        "200910": "69.50",
        "200911": "69.68",
        "200912": "72.84",
        "201001": "75.22",
        "201002": "67.06",
        "201003": "68.09",
        "201004": "63.37",
        "201005": "49.47",
        "201006": "46.72",
        "201007": "55.11",
        "201008": "51.22",
        "201009": "48.64",
        "201010": "48.17",
        "201011": "50.78",
        "201012": "65.77",
        "201101": "59.38",
        "201102": "55.41",
        "201103": "62.66",
        "201104": "69.18",
        "201105": "64.16",
        "201106": "64.39",
        "201107": "62.59",
        "201108": "53.49",
        "201109": "49.59",
        "201110": "49.32",
        "201111": "48.17",
        "201112": "37.96",
        "201201": "38.69",
        "201202": "51.44",
        "201203": "54.14",
        "201204": "51.20",
        "201205": "45.58",
        "201206": "37.23",
        "201207": "41.25",
        "201208": "38.16",
        "201209": "38.23",
        "201210": "34.46",
        "201211": "31.18",
        "201212": "33.11",
        "201301": "36.03",
        "201302": "37.68",
        "201303": "36.63",
        "201304": "38.32",
        "201305": "38.72",
        "201306": "37.03",
        "201307": "35.98",
        "201308": "37.54",
        "201309": "38.16",
        "201310": "44.62",
        "201311": "41.24",
        "201312": "43.64",
        "201401": "45.02",
        "201402": "44.67",
        "201403": "44.56",
        "201404": "43.20",
        "201405": "39.70",
        "201406": "39.21",
        "201407": "39.05",
        "201408": "37.61",
        "201409": "37.32",
        "201410": "32.03",
        "201411": "30.79",
        "201412": "30.87",
        "201501": "31.27",
        "201502": "30.54",
        "201503": "29.95",
        "201504": "28.02",
        "201505": "27.35",
        "201506": "30.45",
        "201507": "30.28",
        "201508": "22.17",
        "201509": "21.55",
        "201510": "23.00",
        "201511": "20.83",
        "201512": "19.70",
        "201601": "18.54",
        "201602": "30.07",
        "201603": "51.71",
        "201604": "41.41",
        "201605": "33.20",
        "201606": "38.24",
        "201607": "37.00",
        "201608": "36.89",
        "201609": "34.78",
        "201610": "29.19",
        "201611": "26.87",
        "201612": "28.22",
        "201701": "26.46",
        "201702": "23.86",
        "201703": "20.56",
        "201704": "25.36",
        "201705": "20.44",
        "201706": "17.90",
        "201707": "15.90",
        "201708": "15.65",
        "201709": "15.18",
        "201710": "14.51",
        "201711": "12.14",
        "201712": "12.61",
        "201801": "13.16",
        "201802": "12.30",
        "201803": "13.89",
        "201804": "19.95",
        "201805": "20.90",
        "201806": "21.24",
        "201807": "20.61",
        "201808": "19.42",
        "201809": "15.76",
        "201810": "18.22",
        "201811": "22.88",
        "201812": "27.51",
        "201901": "31.47",
        "201902": "30.38",
        "201903": "29.22",
        "201904": "21.98",
        "201905": "16.12",
        "201906": "14.80",
        "201907": "16.84",
        "201908": "17.96",
        "201909": "17.13",
        "201910": "15.45",
        "201911": "15.49",
        "201912": "13.33",
        "202001": "13.56",
        "202002": "12.66",
        "202003": "12.61",
        "202004": "15.02",
        "202005": "13.89",
        "202006": "17.62",
        "202007": "20.02",
        "202008": "16.45",
        "202009": "13.01",
        "202010": "36.26",
        "202011": "36.01",
        "202012": "30.13",
        "202101": "28.86",
        "202102": "25.01",
        "202103": "23.23",
        "202104": "28.30",
        "202105": "26.13",
        "202106": "25.08",
        "202107": "21.32",
        "202108": "16.82",
        "202109": "15.16",
        "202110": "15.22",
        "202111": "14.11",
        "202112": "15.52",
        "202201": "16.76",
        "202202": "14.74",
        "202203": "13.73",
        "202204": "13.93",
        "202205": "11.62",
        "202206": "11.28",
        "202207": "11.23",
        "202208": "11.91",
        "202209": "12.54",
        "202210": "11.24",
        "202211": "11.11",
        "202212": "11.89",
        "202301": "13.67",
        "202302": "14.13",
        "202303": "14.46",
        "202304": "13.23",
        "202305": "13.51",
        "202306": "14.29",
        "202307": "14.86",
        "202308": "14.28",
        "202309": "13.52",
        "202310": "11.25",
        "202311": "11.75",
        "202312": "11.62"
    },
    "quarters": {
        "20011": {
            "year_quarter": 20011,
            "year": 2001,
            "quarter": 1,
            "eps": null,
            "eps_growth_year": null,
            "eps_4q": null,
            "eps_4q_growth_year": null,
            "roe": null,
            "roe_4q": 0,
            "gross_profit": null,
            "gross_margin": null,
            "gross_margin_4q_avg": 0,
            "net_income": null,
            "net_income_4q": null,
            "revenue": null,
            "revenue_4q": null,
            "common_shares": null,
            "book_valuer_per_share": null,
            "book_valuer_per_share_4q_avg": 0,
            "equity": null,
            "current_ratio": null,
            "debt_ratio": null,
            "inventory_turnover_ratio": null,
            "account_receivable_turnover_ratio": null,
            "reinvestment_rate": null,
            "research_to_sale_ratio": null,
            "price_fair": 0,
            "eps_avg_yearly": 0,
            "eps_latest_yearly": 0,
            "eps_growth_yearly": 0
        },
        "20012": {
            "year_quarter": 20012,
            "year": 2001,
            "quarter": 2,
            "eps": null,
            "eps_growth_year": null,
            "eps_4q": null,
            "eps_4q_growth_year": null,
            "roe": null,
            "roe_4q": 0,
            "gross_profit": null,
            "gross_margin": null,
            "gross_margin_4q_avg": 0,
            "net_income": null,
            "net_income_4q": null,
            "revenue": null,
            "revenue_4q": null,
            "common_shares": null,
            "book_valuer_per_share": null,
            "book_valuer_per_share_4q_avg": 0,
            "equity": null,
            "current_ratio": null,
            "debt_ratio": null,
            "inventory_turnover_ratio": null,
            "account_receivable_turnover_ratio": null,
            "reinvestment_rate": null,
            "research_to_sale_ratio": null,
            "price_fair": 0,
            "eps_avg_yearly": 0,
            "eps_latest_yearly": 0,
            "eps_growth_yearly": 0
        },
        "20013": {
            "year_quarter": 20013,
            "year": 2001,
            "quarter": 3,
            "eps": null,
            "eps_growth_year": null,
            "eps_4q": null,
            "eps_4q_growth_year": null,
            "roe": null,
            "roe_4q": 0,
            "gross_profit": null,
            "gross_margin": null,
            "gross_margin_4q_avg": 0,
            "net_income": null,
            "net_income_4q": null,
            "revenue": null,
            "revenue_4q": null,
            "common_shares": null,
            "book_valuer_per_share": null,
            "book_valuer_per_share_4q_avg": 0,
            "equity": null,
            "current_ratio": null,
            "debt_ratio": null,
            "inventory_turnover_ratio": null,
            "account_receivable_turnover_ratio": null,
            "reinvestment_rate": null,
            "research_to_sale_ratio": null,
            "price_fair": 0,
            "eps_avg_yearly": 0,
            "eps_latest_yearly": 0,
            "eps_growth_yearly": 0
        },
        "20014": {
            "year_quarter": 20014,
            "year": 2001,
            "quarter": 4,
            "eps": null,
            "eps_growth_year": null,
            "eps_4q": null,
            "eps_4q_growth_year": null,
            "roe": null,
            "roe_4q": 0,
            "gross_profit": null,
            "gross_margin": null,
            "gross_margin_4q_avg": 0,
            "net_income": null,
            "net_income_4q": null,
            "revenue": null,
            "revenue_4q": null,
            "common_shares": 110000,
            "book_valuer_per_share": 10.54,
            "book_valuer_per_share_4q_avg": 2.64,
            "equity": 115906,
            "current_ratio": 608.39,
            "debt_ratio": 30.4,
            "inventory_turnover_ratio": null,
            "account_receivable_turnover_ratio": null,
            "reinvestment_rate": null,
            "research_to_sale_ratio": null,
            "price_fair": 0,
            "eps_avg_yearly": 0,
            "eps_latest_yearly": 0,
            "eps_growth_yearly": 0
        },
        "20021": {
            "year_quarter": 20021,
            "year": 2002,
            "quarter": 1,
            "eps": null,
            "eps_growth_year": null,
            "eps_4q": null,
            "eps_4q_growth_year": null,
            "roe": null,
            "roe_4q": 0,
            "gross_profit": null,
            "gross_margin": null,
            "gross_margin_4q_avg": 0,
            "net_income": null,
            "net_income_4q": null,
            "revenue": null,
            "revenue_4q": null,
            "common_shares": null,
            "book_valuer_per_share": null,
            "book_valuer_per_share_4q_avg": 2.64,
            "equity": null,
            "current_ratio": null,
            "debt_ratio": null,
            "inventory_turnover_ratio": null,
            "account_receivable_turnover_ratio": null,
            "reinvestment_rate": null,
            "research_to_sale_ratio": null,
            "price_fair": 0,
            "eps_avg_yearly": 0,
            "eps_latest_yearly": 0,
            "eps_growth_yearly": 0
        },
        "20022": {
            "year_quarter": 20022,
            "year": 2002,
            "quarter": 2,
            "eps": null,
            "eps_growth_year": null,
            "eps_4q": null,
            "eps_4q_growth_year": null,
            "roe": null,
            "roe_4q": 0,
            "gross_profit": null,
            "gross_margin": null,
            "gross_margin_4q_avg": 0,
            "net_income": null,
            "net_income_4q": null,
            "revenue": null,
            "revenue_4q": null,
            "common_shares": null,
            "book_valuer_per_share": null,
            "book_valuer_per_share_4q_avg": 2.64,
            "equity": null,
            "current_ratio": null,
            "debt_ratio": null,
            "inventory_turnover_ratio": null,
            "account_receivable_turnover_ratio": null,
            "reinvestment_rate": null,
            "research_to_sale_ratio": null,
            "price_fair": 0,
            "eps_avg_yearly": 0,
            "eps_latest_yearly": 0,
            "eps_growth_yearly": 0
        },
        "20023": {
            "year_quarter": 20023,
            "year": 2002,
            "quarter": 3,
            "eps": null,
            "eps_growth_year": null,
            "eps_4q": null,
            "eps_4q_growth_year": null,
            "roe": null,
            "roe_4q": 0,
            "gross_profit": null,
            "gross_margin": null,
            "gross_margin_4q_avg": 0,
            "net_income": null,
            "net_income_4q": null,
            "revenue": null,
            "revenue_4q": null,
            "common_shares": null,
            "book_valuer_per_share": null,
            "book_valuer_per_share_4q_avg": 2.64,
            "equity": null,
            "current_ratio": null,
            "debt_ratio": null,
            "inventory_turnover_ratio": null,
            "account_receivable_turnover_ratio": null,
            "reinvestment_rate": null,
            "research_to_sale_ratio": null,
            "price_fair": 0,
            "eps_avg_yearly": 0,
            "eps_latest_yearly": 0,
            "eps_growth_yearly": 0
        },
        "20024": {
            "year_quarter": 20024,
            "year": 2002,
            "quarter": 4,
            "eps": null,
            "eps_growth_year": null,
            "eps_4q": null,
            "eps_4q_growth_year": null,
            "roe": null,
            "roe_4q": 0,
            "gross_profit": null,
            "gross_margin": null,
            "gross_margin_4q_avg": 0,
            "net_income": null,
            "net_income_4q": null,
            "revenue": null,
            "revenue_4q": null,
            "common_shares": 150000,
            "book_valuer_per_share": 11.19,
            "book_valuer_per_share_4q_avg": 2.8,
            "equity": 167924,
            "current_ratio": 1026,
            "debt_ratio": 22.77,
            "inventory_turnover_ratio": null,
            "account_receivable_turnover_ratio": null,
            "reinvestment_rate": null,
            "research_to_sale_ratio": null,
            "price_fair": 0,
            "eps_avg_yearly": 0,
            "eps_latest_yearly": 0,
            "eps_growth_yearly": 0
        },
        "20031": {
            "year_quarter": 20031,
            "year": 2003,
            "quarter": 1,
            "eps": null,
            "eps_growth_year": null,
            "eps_4q": null,
            "eps_4q_growth_year": null,
            "roe": null,
            "roe_4q": 0,
            "gross_profit": null,
            "gross_margin": null,
            "gross_margin_4q_avg": 0,
            "net_income": null,
            "net_income_4q": null,
            "revenue": null,
            "revenue_4q": null,
            "common_shares": null,
            "book_valuer_per_share": null,
            "book_valuer_per_share_4q_avg": 2.8,
            "equity": null,
            "current_ratio": null,
            "debt_ratio": null,
            "inventory_turnover_ratio": null,
            "account_receivable_turnover_ratio": null,
            "reinvestment_rate": null,
            "research_to_sale_ratio": null,
            "price_fair": 0,
            "eps_avg_yearly": 0,
            "eps_latest_yearly": 0,
            "eps_growth_yearly": 0
        },
        "20032": {
            "year_quarter": 20032,
            "year": 2003,
            "quarter": 2,
            "eps": null,
            "eps_growth_year": null,
            "eps_4q": null,
            "eps_4q_growth_year": null,
            "roe": null,
            "roe_4q": 0,
            "gross_profit": null,
            "gross_margin": null,
            "gross_margin_4q_avg": 0,
            "net_income": null,
            "net_income_4q": null,
            "revenue": null,
            "revenue_4q": null,
            "common_shares": null,
            "book_valuer_per_share": null,
            "book_valuer_per_share_4q_avg": 2.8,
            "equity": null,
            "current_ratio": null,
            "debt_ratio": null,
            "inventory_turnover_ratio": null,
            "account_receivable_turnover_ratio": null,
            "reinvestment_rate": null,
            "research_to_sale_ratio": null,
            "price_fair": 0,
            "eps_avg_yearly": 0,
            "eps_latest_yearly": 0,
            "eps_growth_yearly": 0
        },
        "20033": {
            "year_quarter": 20033,
            "year": 2003,
            "quarter": 3,
            "eps": 0.34,
            "eps_growth_year": null,
            "eps_4q": null,
            "eps_4q_growth_year": null,
            "roe": 2.76,
            "roe_4q": 2.76,
            "gross_profit": 27440,
            "gross_margin": 75.28,
            "gross_margin_4q_avg": 18.82,
            "net_income": 6440,
            "net_income_4q": null,
            "revenue": 36452,
            "revenue_4q": null,
            "common_shares": 223250,
            "book_valuer_per_share": 10.47,
            "book_valuer_per_share_4q_avg": 5.42,
            "equity": 233731,
            "current_ratio": 456.55,
            "debt_ratio": 18.19,
            "inventory_turnover_ratio": 0.22,
            "account_receivable_turnover_ratio": null,
            "reinvestment_rate": null,
            "research_to_sale_ratio": null,
            "price_fair": 0,
            "eps_avg_yearly": 0,
            "eps_latest_yearly": 0,
            "eps_growth_yearly": 0
        },
        "20034": {
            "year_quarter": 20034,
            "year": 2003,
            "quarter": 4,
            "eps": 0.7,
            "eps_growth_year": null,
            "eps_4q": null,
            "eps_4q_growth_year": null,
            "roe": 5.72,
            "roe_4q": 8.48,
            "gross_profit": 34238,
            "gross_margin": 76.35,
            "gross_margin_4q_avg": 37.91,
            "net_income": 13753,
            "net_income_4q": null,
            "revenue": 44846,
            "revenue_4q": null,
            "common_shares": 223250,
            "book_valuer_per_share": 11.05,
            "book_valuer_per_share_4q_avg": 5.38,
            "equity": 246800,
            "current_ratio": 935.2,
            "debt_ratio": 9.13,
            "inventory_turnover_ratio": 0.27,
            "account_receivable_turnover_ratio": null,
            "reinvestment_rate": null,
            "research_to_sale_ratio": null,
            "price_fair": 98,
            "eps_avg_yearly": 2.8,
            "eps_latest_yearly": 2.8,
            "eps_growth_yearly": 423.53
        },
        "20041": {
            "year_quarter": 20041,
            "year": 2004,
            "quarter": 1,
            "eps": 0.61,
            "eps_growth_year": null,
            "eps_4q": null,
            "eps_4q_growth_year": null,
            "roe": 5.37,
            "roe_4q": 13.85,
            "gross_profit": 32171,
            "gross_margin": 73.19,
            "gross_margin_4q_avg": 56.21,
            "net_income": 13610,
            "net_income_4q": null,
            "revenue": 43956,
            "revenue_4q": null,
            "common_shares": 223250,
            "book_valuer_per_share": 11.64,
            "book_valuer_per_share_4q_avg": 8.29,
            "equity": 259861,
            "current_ratio": 875.99,
            "debt_ratio": 9.79,
            "inventory_turnover_ratio": 0.29,
            "account_receivable_turnover_ratio": null,
            "reinvestment_rate": null,
            "research_to_sale_ratio": null,
            "price_fair": 91.7,
            "eps_avg_yearly": 2.62,
            "eps_latest_yearly": 2.44,
            "eps_growth_yearly": 186.05
        },
        "20042": {
            "year_quarter": 20042,
            "year": 2004,
            "quarter": 2,
            "eps": 0.33,
            "eps_growth_year": null,
            "eps_4q": 1.86,
            "eps_4q_growth_year": null,
            "roe": 2.82,
            "roe_4q": 16.67,
            "gross_profit": 46616,
            "gross_margin": 72.54,
            "gross_margin_4q_avg": 74.34,
            "net_income": 7313,
            "net_income_4q": null,
            "revenue": 64261,
            "revenue_4q": null,
            "common_shares": 223250,
            "book_valuer_per_share": 11.55,
            "book_valuer_per_share_4q_avg": 11.18,
            "equity": 257898,
            "current_ratio": 249.82,
            "debt_ratio": 26.47,
            "inventory_turnover_ratio": 0.42,
            "account_receivable_turnover_ratio": null,
            "reinvestment_rate": null,
            "research_to_sale_ratio": null,
            "price_fair": 76.53,
            "eps_avg_yearly": 2.19,
            "eps_latest_yearly": 1.32,
            "eps_growth_yearly": 62.83
        },
        "20043": {
            "year_quarter": 20043,
            "year": 2004,
            "quarter": 3,
            "eps": 1.55,
            "eps_growth_year": 355.88,
            "eps_4q": 3.05,
            "eps_4q_growth_year": null,
            "roe": 13,
            "roe_4q": 26.91,
            "gross_profit": 65778,
            "gross_margin": 77.02,
            "gross_margin_4q_avg": 74.78,
            "net_income": 35872,
            "net_income_4q": null,
            "revenue": 85402,
            "revenue_4q": null,
            "common_shares": 232180,
            "book_valuer_per_share": 12.65,
            "book_valuer_per_share_4q_avg": 11.72,
            "equity": 293783,
            "current_ratio": 282.84,
            "debt_ratio": 24.59,
            "inventory_turnover_ratio": 0.44,
            "account_receivable_turnover_ratio": null,
            "reinvestment_rate": null,
            "research_to_sale_ratio": null,
            "price_fair": 111.65,
            "eps_avg_yearly": 3.19,
            "eps_latest_yearly": 6.2,
            "eps_growth_yearly": 416.82
        },
        "20044": {
            "year_quarter": 20044,
            "year": 2004,
            "quarter": 4,
            "eps": 2.52,
            "eps_growth_year": 260,
            "eps_4q": 4.96,
            "eps_4q_growth_year": null,
            "roe": 18.14,
            "roe_4q": 39.33,
            "gross_profit": 109116,
            "gross_margin": 74.68,
            "gross_margin_4q_avg": 74.36,
            "net_income": 58614,
            "net_income_4q": null,
            "revenue": 146117,
            "revenue_4q": null,
            "common_shares": 232180,
            "book_valuer_per_share": 15.18,
            "book_valuer_per_share_4q_avg": 12.76,
            "equity": 352403,
            "current_ratio": 269.35,
            "debt_ratio": 28.05,
            "inventory_turnover_ratio": 0.68,
            "account_receivable_turnover_ratio": null,
            "reinvestment_rate": null,
            "research_to_sale_ratio": null,
            "price_fair": 159.88,
            "eps_avg_yearly": 4.57,
            "eps_latest_yearly": 10.08,
            "eps_growth_yearly": 383.52
        },
        "20051": {
            "year_quarter": 20051,
            "year": 2005,
            "quarter": 1,
            "eps": 2.45,
            "eps_growth_year": 301.64,
            "eps_4q": 6.83,
            "eps_4q_growth_year": null,
            "roe": 14.94,
            "roe_4q": 48.9,
            "gross_profit": 100353,
            "gross_margin": 70.07,
            "gross_margin_4q_avg": 73.58,
            "net_income": 56904,
            "net_income_4q": null,
            "revenue": 143224,
            "revenue_4q": null,
            "common_shares": 232180,
            "book_valuer_per_share": 17.63,
            "book_valuer_per_share_4q_avg": 14.25,
            "equity": 409306,
            "current_ratio": 345.6,
            "debt_ratio": 22.69,
            "inventory_turnover_ratio": 0.69,
            "account_receivable_turnover_ratio": null,
            "reinvestment_rate": null,
            "research_to_sale_ratio": null,
            "price_fair": 190.4,
            "eps_avg_yearly": 5.44,
            "eps_latest_yearly": 9.8,
            "eps_growth_yearly": 317.75
        },
        "20052": {
            "year_quarter": 20052,
            "year": 2005,
            "quarter": 2,
            "eps": 1.6,
            "eps_growth_year": 384.85,
            "eps_4q": 6.59,
            "eps_4q_growth_year": 254.95,
            "roe": 11.64,
            "roe_4q": 57.72,
            "gross_profit": 86932,
            "gross_margin": 72.54,
            "gross_margin_4q_avg": 73.58,
            "net_income": 48585,
            "net_income_4q": null,
            "revenue": 119839,
            "revenue_4q": null,
            "common_shares": 303332,
            "book_valuer_per_share": 14.03,
            "book_valuer_per_share_4q_avg": 14.87,
            "equity": 425686,
            "current_ratio": 349.63,
            "debt_ratio": 22.72,
            "inventory_turnover_ratio": 0.54,
            "account_receivable_turnover_ratio": null,
            "reinvestment_rate": null,
            "research_to_sale_ratio": null,
            "price_fair": 195.2,
            "eps_avg_yearly": 5.58,
            "eps_latest_yearly": 6.4,
            "eps_growth_yearly": 252.53
        },
        "20053": {
            "year_quarter": 20053,
            "year": 2005,
            "quarter": 3,
            "eps": 0.78,
            "eps_growth_year": -49.68,
            "eps_4q": 6.17,
            "eps_4q_growth_year": 102.28,
            "roe": 5.43,
            "roe_4q": 50.15,
            "gross_profit": 45567,
            "gross_margin": 73.79,
            "gross_margin_4q_avg": 72.77,
            "net_income": 23765,
            "net_income_4q": null,
            "revenue": 61753,
            "revenue_4q": null,
            "common_shares": 303332,
            "book_valuer_per_share": 14.82,
            "book_valuer_per_share_4q_avg": 15.42,
            "equity": 449451,
            "current_ratio": 546.93,
            "debt_ratio": 14.43,
            "inventory_turnover_ratio": 0.24,
            "account_receivable_turnover_ratio": null,
            "reinvestment_rate": null,
            "research_to_sale_ratio": null,
            "price_fair": 184.45,
            "eps_avg_yearly": 5.27,
            "eps_latest_yearly": 3.12,
            "eps_growth_yearly": 195.34
        },
        "20054": {
            "year_quarter": 20054,
            "year": 2005,
            "quarter": 4,
            "eps": 0.69,
            "eps_growth_year": -72.62,
            "eps_4q": 4.95,
            "eps_4q_growth_year": -0.24,
            "roe": 4.55,
            "roe_4q": 36.56,
            "gross_profit": 52086,
            "gross_margin": 75.46,
            "gross_margin_4q_avg": 72.97,
            "net_income": 20935,
            "net_income_4q": null,
            "revenue": 69023,
            "revenue_4q": null,
            "common_shares": 303332,
            "book_valuer_per_share": 15.51,
            "book_valuer_per_share_4q_avg": 15.5,
            "equity": 470386,
            "current_ratio": 129.02,
            "debt_ratio": 35.55,
            "inventory_turnover_ratio": 0.24,
            "account_receivable_turnover_ratio": null,
            "reinvestment_rate": null,
            "research_to_sale_ratio": null,
            "price_fair": 174.69,
            "eps_avg_yearly": 4.99,
            "eps_latest_yearly": 2.76,
            "eps_growth_yearly": 168.51
        },
        "20061": {
            "year_quarter": 20061,
            "year": 2006,
            "quarter": 1,
            "eps": 0.26,
            "eps_growth_year": -89.39,
            "eps_4q": 3.37,
            "eps_4q_growth_year": -50.72,
            "roe": 1.65,
            "roe_4q": 23.27,
            "gross_profit": 51124,
            "gross_margin": 75.3,
            "gross_margin_4q_avg": 74.27,
            "net_income": 7806,
            "net_income_4q": null,
            "revenue": 67894,
            "revenue_4q": null,
            "common_shares": 303332,
            "book_valuer_per_share": 15.76,
            "book_valuer_per_share_4q_avg": 15.03,
            "equity": 478192,
            "current_ratio": 132.45,
            "debt_ratio": 35.44,
            "inventory_turnover_ratio": 0.24,
            "account_receivable_turnover_ratio": null,
            "reinvestment_rate": null,
            "research_to_sale_ratio": null,
            "price_fair": 160.86,
            "eps_avg_yearly": 4.6,
            "eps_latest_yearly": 1.04,
            "eps_growth_yearly": 126.73
        },
        "20062": {
            "year_quarter": 20062,
            "year": 2006,
            "quarter": 2,
            "eps": 1.42,
            "eps_growth_year": -11.25,
            "eps_4q": 3.15,
            "eps_4q_growth_year": -52.23,
            "roe": 8.71,
            "roe_4q": 20.34,
            "gross_profit": 61190,
            "gross_margin": 76.87,
            "gross_margin_4q_avg": 75.36,
            "net_income": 43191,
            "net_income_4q": null,
            "revenue": 79597,
            "revenue_4q": null,
            "common_shares": 303332,
            "book_valuer_per_share": 16.93,
            "book_valuer_per_share_4q_avg": 15.76,
            "equity": 513598,
            "current_ratio": 149.67,
            "debt_ratio": 30.24,
            "inventory_turnover_ratio": 0.27,
            "account_receivable_turnover_ratio": null,
            "reinvestment_rate": null,
            "research_to_sale_ratio": null,
            "price_fair": 164.31,
            "eps_avg_yearly": 4.69,
            "eps_latest_yearly": 5.68,
            "eps_growth_yearly": 277.45
        },
        "20063": {
            "year_quarter": 20063,
            "year": 2006,
            "quarter": 3,
            "eps": 0.68,
            "eps_growth_year": -12.82,
            "eps_4q": 2.36,
            "eps_4q_growth_year": -61.72,
            "roe": 5.51,
            "roe_4q": 20.42,
            "gross_profit": 65647,
            "gross_margin": 75.35,
            "gross_margin_4q_avg": 75.75,
            "net_income": 29110,
            "net_income_4q": null,
            "revenue": 87128,
            "revenue_4q": null,
            "common_shares": 430504,
            "book_valuer_per_share": 12.61,
            "book_valuer_per_share_4q_avg": 15.2,
            "equity": 542708,
            "current_ratio": 155.85,
            "debt_ratio": 30.65,
            "inventory_turnover_ratio": 0.31,
            "account_receivable_turnover_ratio": null,
            "reinvestment_rate": null,
            "research_to_sale_ratio": null,
            "price_fair": 158.55,
            "eps_avg_yearly": 4.53,
            "eps_latest_yearly": 2.72,
            "eps_growth_yearly": 236.95
        },
        "20064": {
            "year_quarter": 20064,
            "year": 2006,
            "quarter": 4,
            "eps": 1.6,
            "eps_growth_year": 131.88,
            "eps_4q": 3.46,
            "eps_4q_growth_year": -30.05,
            "roe": 11.92,
            "roe_4q": 27.79,
            "gross_profit": 93050,
            "gross_margin": 78.23,
            "gross_margin_4q_avg": 76.44,
            "net_income": 68815,
            "net_income_4q": null,
            "revenue": 118949,
            "revenue_4q": null,
            "common_shares": 430504,
            "book_valuer_per_share": 14.2,
            "book_valuer_per_share_4q_avg": 14.88,
            "equity": 611522,
            "current_ratio": 197.12,
            "debt_ratio": 26.52,
            "inventory_turnover_ratio": 0.36,
            "account_receivable_turnover_ratio": null,
            "reinvestment_rate": null,
            "research_to_sale_ratio": null,
            "price_fair": 163.58,
            "eps_avg_yearly": 4.67,
            "eps_latest_yearly": 6.4,
            "eps_growth_yearly": 260.36
        },
        "20071": {
            "year_quarter": 20071,
            "year": 2007,
            "quarter": 1,
            "eps": 0.21,
            "eps_growth_year": -19.23,
            "eps_4q": 3.49,
            "eps_4q_growth_year": 3.65,
            "roe": 1.47,
            "roe_4q": 27.61,
            "gross_profit": 54543,
            "gross_margin": 75.88,
            "gross_margin_4q_avg": 76.58,
            "net_income": 9035,
            "net_income_4q": null,
            "revenue": 71878,
            "revenue_4q": null,
            "common_shares": 430504,
            "book_valuer_per_share": 14.41,
            "book_valuer_per_share_4q_avg": 14.54,
            "equity": 620557,
            "current_ratio": 196.47,
            "debt_ratio": 27.01,
            "inventory_turnover_ratio": 0.23,
            "account_receivable_turnover_ratio": null,
            "reinvestment_rate": null,
            "research_to_sale_ratio": null,
            "price_fair": 154,
            "eps_avg_yearly": 4.4,
            "eps_latest_yearly": 0.84,
            "eps_growth_yearly": 216.94
        },
        "20072": {
            "year_quarter": 20072,
            "year": 2007,
            "quarter": 2,
            "eps": 0.45,
            "eps_growth_year": -68.31,
            "eps_4q": 2.37,
            "eps_4q_growth_year": -24.69,
            "roe": 3.98,
            "roe_4q": 22.880000000000003,
            "gross_profit": 90762,
            "gross_margin": 70.08,
            "gross_margin_4q_avg": 74.89,
            "net_income": 25077,
            "net_income_4q": null,
            "revenue": 129519,
            "revenue_4q": null,
            "common_shares": 430504,
            "book_valuer_per_share": 14.89,
            "book_valuer_per_share_4q_avg": 14.03,
            "equity": 641100,
            "current_ratio": 191.33,
            "debt_ratio": 28.48,
            "inventory_turnover_ratio": 0.44,
            "account_receivable_turnover_ratio": null,
            "reinvestment_rate": 70.37,
            "research_to_sale_ratio": null,
            "price_fair": 147.93,
            "eps_avg_yearly": 4.23,
            "eps_latest_yearly": 1.8,
            "eps_growth_yearly": 232.95
        },
        "20073": {
            "year_quarter": 20073,
            "year": 2007,
            "quarter": 3,
            "eps": 0.2,
            "eps_growth_year": -70.59,
            "eps_4q": 2.03,
            "eps_4q_growth_year": -13.88,
            "roe": 1.74,
            "roe_4q": 19.11,
            "gross_profit": 64262,
            "gross_margin": 45.48,
            "gross_margin_4q_avg": 67.42,
            "net_income": 11232,
            "net_income_4q": null,
            "revenue": 141291,
            "revenue_4q": null,
            "common_shares": 559845,
            "book_valuer_per_share": 11.65,
            "book_valuer_per_share_4q_avg": 13.79,
            "equity": 652321,
            "current_ratio": 190.64,
            "debt_ratio": 29.35,
            "inventory_turnover_ratio": 0.57,
            "account_receivable_turnover_ratio": null,
            "reinvestment_rate": 58.84,
            "research_to_sale_ratio": null,
            "price_fair": 140.44,
            "eps_avg_yearly": 4.01,
            "eps_latest_yearly": 0.8,
            "eps_growth_yearly": 204.5
        },
        "20074": {
            "year_quarter": 20074,
            "year": 2007,
            "quarter": 4,
            "eps": 0.26,
            "eps_growth_year": -83.75,
            "eps_4q": 1.07,
            "eps_4q_growth_year": -69.18,
            "roe": 2.21,
            "roe_4q": 9.4,
            "gross_profit": 61393,
            "gross_margin": 45.91,
            "gross_margin_4q_avg": 59.34,
            "net_income": 14603,
            "net_income_4q": null,
            "revenue": 133711,
            "revenue_4q": null,
            "common_shares": 559845,
            "book_valuer_per_share": 11.91,
            "book_valuer_per_share_4q_avg": 13.22,
            "equity": 666920,
            "current_ratio": 165.15,
            "debt_ratio": 32.42,
            "inventory_turnover_ratio": 0.51,
            "account_receivable_turnover_ratio": null,
            "reinvestment_rate": 58.76,
            "research_to_sale_ratio": null,
            "price_fair": 136.59,
            "eps_avg_yearly": 3.9,
            "eps_latest_yearly": 1.04,
            "eps_growth_yearly": 185.53
        },
        "20081": {
            "year_quarter": 20081,
            "year": 2008,
            "quarter": 1,
            "eps": -0.49,
            "eps_growth_year": -333.33,
            "eps_4q": 0.42,
            "eps_4q_growth_year": -87.86,
            "roe": -4.2,
            "roe_4q": 3.7299999999999995,
            "gross_profit": 53456,
            "gross_margin": 60.84,
            "gross_margin_4q_avg": 55.58,
            "net_income": -27308,
            "net_income_4q": null,
            "revenue": 87856,
            "revenue_4q": null,
            "common_shares": 559845,
            "book_valuer_per_share": 11.29,
            "book_valuer_per_share_4q_avg": 12.44,
            "equity": 631989,
            "current_ratio": 132.98,
            "debt_ratio": 35,
            "inventory_turnover_ratio": 0.31,
            "account_receivable_turnover_ratio": null,
            "reinvestment_rate": 79.97,
            "research_to_sale_ratio": null,
            "price_fair": 140,
            "eps_avg_yearly": 4,
            "eps_latest_yearly": 1.04,
            "eps_growth_yearly": 201.33
        },
        "20082": {
            "year_quarter": 20082,
            "year": 2008,
            "quarter": 2,
            "eps": -0.72,
            "eps_growth_year": -260,
            "eps_4q": -0.74,
            "eps_4q_growth_year": -131.22,
            "roe": -4.94,
            "roe_4q": -5.19,
            "gross_profit": 51976,
            "gross_margin": 61.72,
            "gross_margin_4q_avg": 53.49,
            "net_income": -44744,
            "net_income_4q": null,
            "revenue": 84211,
            "revenue_4q": null,
            "common_shares": 624845,
            "book_valuer_per_share": 18.9,
            "book_valuer_per_share_4q_avg": 13.44,
            "equity": 1181155,
            "current_ratio": 688.42,
            "debt_ratio": 8.29,
            "inventory_turnover_ratio": 0.27,
            "account_receivable_turnover_ratio": null,
            "reinvestment_rate": 87.59,
            "research_to_sale_ratio": null,
            "price_fair": 146.7,
            "eps_avg_yearly": 4.19,
            "eps_latest_yearly": 1.04,
            "eps_growth_yearly": 228.83
        },
        "20083": {
            "year_quarter": 20083,
            "year": 2008,
            "quarter": 3,
            "eps": -0.32,
            "eps_growth_year": -260,
            "eps_4q": -1.17,
            "eps_4q_growth_year": -157.41,
            "roe": -1.72,
            "roe_4q": -8.649999999999999,
            "gross_profit": 50027,
            "gross_margin": 63.33,
            "gross_margin_4q_avg": 57.95,
            "net_income": -20118,
            "net_income_4q": null,
            "revenue": 78998,
            "revenue_4q": null,
            "common_shares": 664615,
            "book_valuer_per_share": 17.38,
            "book_valuer_per_share_4q_avg": 14.87,
            "equity": 1155128,
            "current_ratio": 874.61,
            "debt_ratio": 6.26,
            "inventory_turnover_ratio": 0.21,
            "account_receivable_turnover_ratio": null,
            "reinvestment_rate": 108.17,
            "research_to_sale_ratio": null,
            "price_fair": 141.29,
            "eps_avg_yearly": 4.04,
            "eps_latest_yearly": 1.04,
            "eps_growth_yearly": 132.67
        },
        "20084": {
            "year_quarter": 20084,
            "year": 2008,
            "quarter": 4,
            "eps": 0.17,
            "eps_growth_year": -34.62,
            "eps_4q": -1.26,
            "eps_4q_growth_year": -218.46,
            "roe": 0.93,
            "roe_4q": -9.93,
            "gross_profit": 104001,
            "gross_margin": 63.1,
            "gross_margin_4q_avg": 62.25,
            "net_income": 10924,
            "net_income_4q": null,
            "revenue": 164822,
            "revenue_4q": null,
            "common_shares": 664615,
            "book_valuer_per_share": 18.15,
            "book_valuer_per_share_4q_avg": 16.43,
            "equity": 1206528,
            "current_ratio": 845.98,
            "debt_ratio": 6.49,
            "inventory_turnover_ratio": 0.39,
            "account_receivable_turnover_ratio": 10.2,
            "reinvestment_rate": 130.18,
            "research_to_sale_ratio": null,
            "price_fair": 123.67,
            "eps_avg_yearly": 3.53,
            "eps_latest_yearly": 1.04,
            "eps_growth_yearly": 122.87
        },
        "20091": {
            "year_quarter": 20091,
            "year": 2009,
            "quarter": 1,
            "eps": 0.08,
            "eps_growth_year": null,
            "eps_4q": -0.75,
            "eps_4q_growth_year": -278.14,
            "roe": 0.43,
            "roe_4q": -5.300000000000001,
            "gross_profit": 97019,
            "gross_margin": 65.31,
            "gross_margin_4q_avg": 63.37,
            "net_income": 5171,
            "net_income_4q": null,
            "revenue": 148549,
            "revenue_4q": null,
            "common_shares": 664615,
            "book_valuer_per_share": 18.31,
            "book_valuer_per_share_4q_avg": 18.19,
            "equity": 1216941,
            "current_ratio": 793.42,
            "debt_ratio": 6.93,
            "inventory_turnover_ratio": 0.3,
            "account_receivable_turnover_ratio": 3.2,
            "reinvestment_rate": 160.72,
            "research_to_sale_ratio": null,
            "price_fair": 96.02,
            "eps_avg_yearly": 2.74,
            "eps_latest_yearly": 0.32,
            "eps_growth_yearly": 106.15
        },
        "20092": {
            "year_quarter": 20092,
            "year": 2009,
            "quarter": 2,
            "eps": -0.31,
            "eps_growth_year": null,
            "eps_4q": -0.37,
            "eps_4q_growth_year": null,
            "roe": -1.7,
            "roe_4q": -2.06,
            "gross_profit": 51015,
            "gross_margin": 69.72,
            "gross_margin_4q_avg": 65.37,
            "net_income": -20461,
            "net_income_4q": null,
            "revenue": 73170,
            "revenue_4q": null,
            "common_shares": 664615,
            "book_valuer_per_share": 17.84,
            "book_valuer_per_share_4q_avg": 17.92,
            "equity": 1185735,
            "current_ratio": 923.92,
            "debt_ratio": 5.79,
            "inventory_turnover_ratio": 0.12,
            "account_receivable_turnover_ratio": 1.72,
            "reinvestment_rate": 228.8,
            "research_to_sale_ratio": null,
            "price_fair": 84.38,
            "eps_avg_yearly": 2.41,
            "eps_latest_yearly": 0.32,
            "eps_growth_yearly": 128.42
        },
        "20093": {
            "year_quarter": 20093,
            "year": 2009,
            "quarter": 3,
            "eps": 0.27,
            "eps_growth_year": null,
            "eps_4q": 0.2,
            "eps_4q_growth_year": null,
            "roe": 1.5,
            "roe_4q": 1.1600000000000001,
            "gross_profit": 92494,
            "gross_margin": 61.6,
            "gross_margin_4q_avg": 64.93,
            "net_income": 17816,
            "net_income_4q": null,
            "revenue": 150148,
            "revenue_4q": null,
            "common_shares": 664615,
            "book_valuer_per_share": 17.85,
            "book_valuer_per_share_4q_avg": 18.04,
            "equity": 1186427,
            "current_ratio": 357.98,
            "debt_ratio": 16.19,
            "inventory_turnover_ratio": 0.31,
            "account_receivable_turnover_ratio": 2.57,
            "reinvestment_rate": 236.56,
            "research_to_sale_ratio": null,
            "price_fair": 81.9,
            "eps_avg_yearly": 2.34,
            "eps_latest_yearly": 0.32,
            "eps_growth_yearly": 161.76
        },
        "20094": {
            "year_quarter": 20094,
            "year": 2009,
            "quarter": 4,
            "eps": 0.35,
            "eps_growth_year": 105.88,
            "eps_4q": 0.39,
            "eps_4q_growth_year": null,
            "roe": 1.94,
            "roe_4q": 2.17,
            "gross_profit": 110264,
            "gross_margin": 63.9,
            "gross_margin_4q_avg": 65.13,
            "net_income": 23183,
            "net_income_4q": null,
            "revenue": 172570,
            "revenue_4q": null,
            "common_shares": 664615,
            "book_valuer_per_share": 18.15,
            "book_valuer_per_share_4q_avg": 18.04,
            "equity": 1206147,
            "current_ratio": 393.14,
            "debt_ratio": 14.67,
            "inventory_turnover_ratio": 0.36,
            "account_receivable_turnover_ratio": 2.55,
            "reinvestment_rate": 103.83,
            "research_to_sale_ratio": null,
            "price_fair": 77.14,
            "eps_avg_yearly": 2.2,
            "eps_latest_yearly": 1.4,
            "eps_growth_yearly": 178.22
        },
        "20101": {
            "year_quarter": 20101,
            "year": 2010,
            "quarter": 1,
            "eps": -1.23,
            "eps_growth_year": -1637.5,
            "eps_4q": -0.91,
            "eps_4q_growth_year": null,
            "roe": -6.97,
            "roe_4q": -5.2299999999999995,
            "gross_profit": 43036,
            "gross_margin": 54.96,
            "gross_margin_4q_avg": 62.55,
            "net_income": -80960,
            "net_income_4q": null,
            "revenue": 78309,
            "revenue_4q": null,
            "common_shares": 664615,
            "book_valuer_per_share": 16.78,
            "book_valuer_per_share_4q_avg": 17.66,
            "equity": 1115474,
            "current_ratio": 336.61,
            "debt_ratio": 15.9,
            "inventory_turnover_ratio": 0.23,
            "account_receivable_turnover_ratio": 0.64,
            "reinvestment_rate": 271.74,
            "research_to_sale_ratio": 83.38,
            "price_fair": 81.67,
            "eps_avg_yearly": 2.33,
            "eps_latest_yearly": 1.4,
            "eps_growth_yearly": 225.72
        },
        "20102": {
            "year_quarter": 20102,
            "year": 2010,
            "quarter": 2,
            "eps": -1.07,
            "eps_growth_year": null,
            "eps_4q": -1.67,
            "eps_4q_growth_year": null,
            "roe": -6.57,
            "roe_4q": -10.1,
            "gross_profit": 28966,
            "gross_margin": 48.59,
            "gross_margin_4q_avg": 57.26,
            "net_income": -71187,
            "net_income_4q": null,
            "revenue": 59612,
            "revenue_4q": null,
            "common_shares": 664615,
            "book_valuer_per_share": 15.83,
            "book_valuer_per_share_4q_avg": 17.15,
            "equity": 1052248,
            "current_ratio": 215.55,
            "debt_ratio": 25.79,
            "inventory_turnover_ratio": 0.21,
            "account_receivable_turnover_ratio": 0.62,
            "reinvestment_rate": null,
            "research_to_sale_ratio": 70.4,
            "price_fair": 67.03,
            "eps_avg_yearly": 1.92,
            "eps_latest_yearly": 1.4,
            "eps_growth_yearly": 30.86
        },
        "20103": {
            "year_quarter": 20103,
            "year": 2010,
            "quarter": 3,
            "eps": -0.24,
            "eps_growth_year": -190.34,
            "eps_4q": -2.18,
            "eps_4q_growth_year": -1171.63,
            "roe": -1.55,
            "roe_4q": -13.15,
            "gross_profit": 23802,
            "gross_margin": 41.84,
            "gross_margin_4q_avg": 52.32,
            "net_income": -16211,
            "net_income_4q": null,
            "revenue": 56883,
            "revenue_4q": null,
            "common_shares": 664615,
            "book_valuer_per_share": 15.63,
            "book_valuer_per_share_4q_avg": 16.6,
            "equity": 1040145,
            "current_ratio": 220.5,
            "debt_ratio": 24.71,
            "inventory_turnover_ratio": 0.24,
            "account_receivable_turnover_ratio": 0.78,
            "reinvestment_rate": null,
            "research_to_sale_ratio": 69.9,
            "price_fair": 63,
            "eps_avg_yearly": 1.8,
            "eps_latest_yearly": 1.4,
            "eps_growth_yearly": 65.05
        },
        "20104": {
            "year_quarter": 20104,
            "year": 2010,
            "quarter": 4,
            "eps": -0.94,
            "eps_growth_year": -368.63,
            "eps_4q": -3.47,
            "eps_4q_growth_year": -997.92,
            "roe": -6.29,
            "roe_4q": -21.38,
            "gross_profit": 52905,
            "gross_margin": 61.18,
            "gross_margin_4q_avg": 51.64,
            "net_income": -62633,
            "net_income_4q": null,
            "revenue": 86476,
            "revenue_4q": null,
            "common_shares": 664615,
            "book_valuer_per_share": 14.3,
            "book_valuer_per_share_4q_avg": 15.64,
            "equity": 951050,
            "current_ratio": 212.46,
            "debt_ratio": 28.13,
            "inventory_turnover_ratio": 0.25,
            "account_receivable_turnover_ratio": 1.62,
            "reinvestment_rate": null,
            "research_to_sale_ratio": 45.06,
            "price_fair": 3.1,
            "eps_avg_yearly": 1.03,
            "eps_latest_yearly": 1.4,
            "eps_growth_yearly": -14.3
        },
        "20111": {
            "year_quarter": 20111,
            "year": 2011,
            "quarter": 1,
            "eps": -0.82,
            "eps_growth_year": null,
            "eps_4q": -3.06,
            "eps_4q_growth_year": null,
            "roe": -5.81,
            "roe_4q": -20.22,
            "gross_profit": 25114,
            "gross_margin": 46.15,
            "gross_margin_4q_avg": 49.44,
            "net_income": -54177,
            "net_income_4q": null,
            "revenue": 54417,
            "revenue_4q": null,
            "common_shares": 664615,
            "book_valuer_per_share": 13.77,
            "book_valuer_per_share_4q_avg": 14.88,
            "equity": 915313,
            "current_ratio": 205.41,
            "debt_ratio": 28.41,
            "inventory_turnover_ratio": 0.21,
            "account_receivable_turnover_ratio": 1.6,
            "reinvestment_rate": null,
            "research_to_sale_ratio": 99.9,
            "price_fair": 37.52,
            "eps_avg_yearly": 1.07,
            "eps_latest_yearly": 1.4,
            "eps_growth_yearly": 52.33
        },
        "20112": {
            "year_quarter": 20112,
            "year": 2011,
            "quarter": 2,
            "eps": 0.03,
            "eps_growth_year": null,
            "eps_4q": -1.97,
            "eps_4q_growth_year": null,
            "roe": 0.14,
            "roe_4q": -13.510000000000002,
            "gross_profit": 66882,
            "gross_margin": 53.76,
            "gross_margin_4q_avg": 50.73,
            "net_income": 1307,
            "net_income_4q": null,
            "revenue": 124400,
            "revenue_4q": null,
            "common_shares": 664615,
            "book_valuer_per_share": 13.67,
            "book_valuer_per_share_4q_avg": 14.34,
            "equity": 908303,
            "current_ratio": 198.01,
            "debt_ratio": 30.13,
            "inventory_turnover_ratio": 0.38,
            "account_receivable_turnover_ratio": 3.58,
            "reinvestment_rate": null,
            "research_to_sale_ratio": 30.61,
            "price_fair": 2.67,
            "eps_avg_yearly": 0.89,
            "eps_latest_yearly": 1.4,
            "eps_growth_yearly": -48.87
        },
        "20113": {
            "year_quarter": 20113,
            "year": 2011,
            "quarter": 3,
            "eps": 0.99,
            "eps_growth_year": null,
            "eps_4q": -0.74,
            "eps_4q_growth_year": null,
            "roe": 6.93,
            "roe_4q": -5.03,
            "gross_profit": 118254,
            "gross_margin": 60.1,
            "gross_margin_4q_avg": 55.3,
            "net_income": 65313,
            "net_income_4q": null,
            "revenue": 196754,
            "revenue_4q": null,
            "common_shares": 662365,
            "book_valuer_per_share": 14.77,
            "book_valuer_per_share_4q_avg": 14.13,
            "equity": 977703,
            "current_ratio": 219.12,
            "debt_ratio": 28.1,
            "inventory_turnover_ratio": 0.54,
            "account_receivable_turnover_ratio": 4.74,
            "reinvestment_rate": null,
            "research_to_sale_ratio": 18.15,
            "price_fair": 58.8,
            "eps_avg_yearly": 1.68,
            "eps_latest_yearly": 3.96,
            "eps_growth_yearly": 3206.69
        },
        "20114": {
            "year_quarter": 20114,
            "year": 2011,
            "quarter": 4,
            "eps": 1.35,
            "eps_growth_year": null,
            "eps_4q": 1.56,
            "eps_4q_growth_year": null,
            "roe": 8.73,
            "roe_4q": 9.990000000000002,
            "gross_profit": 157528,
            "gross_margin": 69.47,
            "gross_margin_4q_avg": 57.37,
            "net_income": 88676,
            "net_income_4q": null,
            "revenue": 226757,
            "revenue_4q": null,
            "common_shares": 662365,
            "book_valuer_per_share": 15.97,
            "book_valuer_per_share_4q_avg": 14.55,
            "equity": 1053291,
            "current_ratio": 189.94,
            "debt_ratio": 32.82,
            "inventory_turnover_ratio": 0.41,
            "account_receivable_turnover_ratio": 3.71,
            "reinvestment_rate": null,
            "research_to_sale_ratio": 13.99,
            "price_fair": 96.95,
            "eps_avg_yearly": 2.77,
            "eps_latest_yearly": 5.4,
            "eps_growth_yearly": 3213.05
        },
        "20121": {
            "year_quarter": 20121,
            "year": 2012,
            "quarter": 1,
            "eps": 0,
            "eps_growth_year": null,
            "eps_4q": 2.37,
            "eps_4q_growth_year": null,
            "roe": 0,
            "roe_4q": 15.8,
            "gross_profit": 86019,
            "gross_margin": 51.91,
            "gross_margin_4q_avg": 58.81,
            "net_income": 44,
            "net_income_4q": null,
            "revenue": 165715,
            "revenue_4q": null,
            "common_shares": 662365,
            "book_valuer_per_share": 16.02,
            "book_valuer_per_share_4q_avg": 15.11,
            "equity": 1056490,
            "current_ratio": 233.59,
            "debt_ratio": 25.98,
            "inventory_turnover_ratio": 0.43,
            "account_receivable_turnover_ratio": 1.92,
            "reinvestment_rate": null,
            "research_to_sale_ratio": 27.11,
            "price_fair": 96.95,
            "eps_avg_yearly": 2.77,
            "eps_latest_yearly": 5.4,
            "eps_growth_yearly": 3213.05
        },
        "20122": {
            "year_quarter": 20122,
            "year": 2012,
            "quarter": 2,
            "eps": 0,
            "eps_growth_year": -84.88,
            "eps_4q": 2.14,
            "eps_4q_growth_year": null,
            "roe": 0.02,
            "roe_4q": 15.68,
            "gross_profit": 88361,
            "gross_margin": 60.97,
            "gross_margin_4q_avg": 60.61,
            "net_income": 251,
            "net_income_4q": null,
            "revenue": 144917,
            "revenue_4q": null,
            "common_shares": 662365,
            "book_valuer_per_share": 15.99,
            "book_valuer_per_share_4q_avg": 15.69,
            "equity": 1054329,
            "current_ratio": 157.46,
            "debt_ratio": 25.99,
            "inventory_turnover_ratio": 0.32,
            "account_receivable_turnover_ratio": 1.82,
            "reinvestment_rate": null,
            "research_to_sale_ratio": 22.05,
            "price_fair": 96.95,
            "eps_avg_yearly": 2.77,
            "eps_latest_yearly": 5.4,
            "eps_growth_yearly": 3213.05
        },
        "20123": {
            "year_quarter": 20123,
            "year": 2012,
            "quarter": 3,
            "eps": -0.28,
            "eps_growth_year": -128.18,
            "eps_4q": 0.95,
            "eps_4q_growth_year": null,
            "roe": -1.94,
            "roe_4q": 6.8100000000000005,
            "gross_profit": 53208,
            "gross_margin": 43.35,
            "gross_margin_4q_avg": 56.43,
            "net_income": -20359,
            "net_income_4q": null,
            "revenue": 122753,
            "revenue_4q": null,
            "common_shares": 726051,
            "book_valuer_per_share": 14.38,
            "book_valuer_per_share_4q_avg": 15.59,
            "equity": 1043078,
            "current_ratio": 153.14,
            "debt_ratio": 27.61,
            "inventory_turnover_ratio": 0.39,
            "account_receivable_turnover_ratio": 2.01,
            "reinvestment_rate": null,
            "research_to_sale_ratio": 25.27,
            "price_fair": 96.95,
            "eps_avg_yearly": 2.77,
            "eps_latest_yearly": 5.4,
            "eps_growth_yearly": 3213.05
        },
        "20124": {
            "year_quarter": 20124,
            "year": 2012,
            "quarter": 4,
            "eps": 0.76,
            "eps_growth_year": -43.63,
            "eps_4q": 0.48,
            "eps_4q_growth_year": -68.92,
            "roe": 5.13,
            "roe_4q": 3.21,
            "gross_profit": 131847,
            "gross_margin": 54.65,
            "gross_margin_4q_avg": 52.72,
            "net_income": 54694,
            "net_income_4q": null,
            "revenue": 241239,
            "revenue_4q": null,
            "common_shares": 726051,
            "book_valuer_per_share": 15.04,
            "book_valuer_per_share_4q_avg": 15.36,
            "equity": 1087735,
            "current_ratio": 155.12,
            "debt_ratio": 27.82,
            "inventory_turnover_ratio": 0.65,
            "account_receivable_turnover_ratio": 2.21,
            "reinvestment_rate": null,
            "research_to_sale_ratio": 13.48,
            "price_fair": 96.95,
            "eps_avg_yearly": 2.77,
            "eps_latest_yearly": 5.4,
            "eps_growth_yearly": 3213.05
        },
        "20131": {
            "year_quarter": 20131,
            "year": 2013,
            "quarter": 1,
            "eps": -0.86,
            "eps_growth_year": null,
            "eps_4q": -0.38,
            "eps_4q_growth_year": -115.93,
            "roe": -5.88,
            "roe_4q": -2.67,
            "gross_profit": 19256,
            "gross_margin": 27.03,
            "gross_margin_4q_avg": 46.5,
            "net_income": -61984,
            "net_income_4q": null,
            "revenue": 71241,
            "revenue_4q": null,
            "common_shares": 726051,
            "book_valuer_per_share": 14.1,
            "book_valuer_per_share_4q_avg": 14.88,
            "equity": 1019701,
            "current_ratio": 132.91,
            "debt_ratio": 29.38,
            "inventory_turnover_ratio": 0.3,
            "account_receivable_turnover_ratio": 0.57,
            "reinvestment_rate": null,
            "research_to_sale_ratio": 66.52,
            "price_fair": 125.53,
            "eps_avg_yearly": 3.59,
            "eps_latest_yearly": 5.4,
            "eps_growth_yearly": 4354.66
        },
        "20132": {
            "year_quarter": 20132,
            "year": 2013,
            "quarter": 2,
            "eps": 0.86,
            "eps_growth_year": 22525.62,
            "eps_4q": 0.48,
            "eps_4q_growth_year": -77.57,
            "roe": 5.93,
            "roe_4q": 3.2399999999999998,
            "gross_profit": -838,
            "gross_margin": -1.19,
            "gross_margin_4q_avg": 30.96,
            "net_income": 62091,
            "net_income_4q": null,
            "revenue": 70676,
            "revenue_4q": null,
            "common_shares": 726051,
            "book_valuer_per_share": 14.88,
            "book_valuer_per_share_4q_avg": 14.6,
            "equity": 1075898,
            "current_ratio": 186.2,
            "debt_ratio": 25.37,
            "inventory_turnover_ratio": 0.43,
            "account_receivable_turnover_ratio": 1.43,
            "reinvestment_rate": null,
            "research_to_sale_ratio": 45.88,
            "price_fair": 125.53,
            "eps_avg_yearly": 3.59,
            "eps_latest_yearly": 5.4,
            "eps_growth_yearly": 4354.66
        },
        "20133": {
            "year_quarter": 20133,
            "year": 2013,
            "quarter": 3,
            "eps": -0.19,
            "eps_growth_year": null,
            "eps_4q": 0.57,
            "eps_4q_growth_year": -39.98,
            "roe": -1.29,
            "roe_4q": 3.8899999999999997,
            "gross_profit": 39202,
            "gross_margin": 95.38,
            "gross_margin_4q_avg": 43.97,
            "net_income": -13805,
            "net_income_4q": null,
            "revenue": 41103,
            "revenue_4q": null,
            "common_shares": 726051,
            "book_valuer_per_share": 14.64,
            "book_valuer_per_share_4q_avg": 14.67,
            "equity": 1059203,
            "current_ratio": 174.21,
            "debt_ratio": 24.92,
            "inventory_turnover_ratio": 0.01,
            "account_receivable_turnover_ratio": 1.67,
            "reinvestment_rate": null,
            "research_to_sale_ratio": 72.67,
            "price_fair": 125.53,
            "eps_avg_yearly": 3.59,
            "eps_latest_yearly": 5.4,
            "eps_growth_yearly": 4354.66
        },
        "20134": {
            "year_quarter": 20134,
            "year": 2013,
            "quarter": 4,
            "eps": -0.26,
            "eps_growth_year": -134.19,
            "eps_4q": -0.45,
            "eps_4q_growth_year": -192.73,
            "roe": -1.79,
            "roe_4q": -3.0300000000000002,
            "gross_profit": 29541,
            "gross_margin": 48.51,
            "gross_margin_4q_avg": 42.43,
            "net_income": -18906,
            "net_income_4q": null,
            "revenue": 60902,
            "revenue_4q": null,
            "common_shares": 726051,
            "book_valuer_per_share": 14.51,
            "book_valuer_per_share_4q_avg": 14.53,
            "equity": 1053723,
            "current_ratio": 180.89,
            "debt_ratio": 25.94,
            "inventory_turnover_ratio": 0.22,
            "account_receivable_turnover_ratio": 1.82,
            "reinvestment_rate": null,
            "research_to_sale_ratio": 47.16,
            "price_fair": 163.8,
            "eps_avg_yearly": 4.68,
            "eps_latest_yearly": 5.4,
            "eps_growth_yearly": 6472.73
        },
        "20141": {
            "year_quarter": 20141,
            "year": 2014,
            "quarter": 1,
            "eps": -0.47,
            "eps_growth_year": null,
            "eps_4q": -0.05,
            "eps_4q_growth_year": null,
            "roe": -3.22,
            "roe_4q": -0.3700000000000001,
            "gross_profit": 34620,
            "gross_margin": 45.81,
            "gross_margin_4q_avg": 47.13,
            "net_income": -33657,
            "net_income_4q": null,
            "revenue": 75571,
            "revenue_4q": null,
            "common_shares": 726051,
            "book_valuer_per_share": 14.21,
            "book_valuer_per_share_4q_avg": 14.56,
            "equity": 1035967,
            "current_ratio": 177.43,
            "debt_ratio": 26.89,
            "inventory_turnover_ratio": 0.29,
            "account_receivable_turnover_ratio": 2.51,
            "reinvestment_rate": null,
            "research_to_sale_ratio": 57.62,
            "price_fair": 163.8,
            "eps_avg_yearly": 4.68,
            "eps_latest_yearly": 5.4,
            "eps_growth_yearly": 6472.73
        },
        "20142": {
            "year_quarter": 20142,
            "year": 2014,
            "quarter": 2,
            "eps": -0.75,
            "eps_growth_year": -187.21,
            "eps_4q": -1.67,
            "eps_4q_growth_year": -447.74,
            "roe": -5.43,
            "roe_4q": -11.73,
            "gross_profit": 5242,
            "gross_margin": 15.68,
            "gross_margin_4q_avg": 51.35,
            "net_income": -54317,
            "net_income_4q": null,
            "revenue": 33439,
            "revenue_4q": null,
            "common_shares": 726051,
            "book_valuer_per_share": 13.24,
            "book_valuer_per_share_4q_avg": 14.15,
            "equity": 966048,
            "current_ratio": 168.03,
            "debt_ratio": 26.86,
            "inventory_turnover_ratio": 0.21,
            "account_receivable_turnover_ratio": 1.87,
            "reinvestment_rate": null,
            "research_to_sale_ratio": 93.78,
            "price_fair": 163.8,
            "eps_avg_yearly": 4.68,
            "eps_latest_yearly": 5.4,
            "eps_growth_yearly": 6472.73
        },
        "20143": {
            "year_quarter": 20143,
            "year": 2014,
            "quarter": 3,
            "eps": -0.89,
            "eps_growth_year": null,
            "eps_4q": -2.35,
            "eps_4q_growth_year": -512.48,
            "roe": -6.99,
            "roe_4q": -17.43,
            "gross_profit": 1767,
            "gross_margin": 11.3,
            "gross_margin_4q_avg": 30.33,
            "net_income": -65390,
            "net_income_4q": null,
            "revenue": 15643,
            "revenue_4q": null,
            "common_shares": 726051,
            "book_valuer_per_share": 12.32,
            "book_valuer_per_share_4q_avg": 13.57,
            "equity": 904918,
            "current_ratio": 156.79,
            "debt_ratio": 27.8,
            "inventory_turnover_ratio": 0.11,
            "account_receivable_turnover_ratio": 3.47,
            "reinvestment_rate": null,
            "research_to_sale_ratio": 187.31,
            "price_fair": 163.8,
            "eps_avg_yearly": 4.68,
            "eps_latest_yearly": 5.4,
            "eps_growth_yearly": 6472.73
        },
        "20144": {
            "year_quarter": 20144,
            "year": 2014,
            "quarter": 4,
            "eps": -0.54,
            "eps_growth_year": null,
            "eps_4q": -2.65,
            "eps_4q_growth_year": null,
            "roe": -4.27,
            "roe_4q": -19.909999999999997,
            "gross_profit": 11130,
            "gross_margin": 25.76,
            "gross_margin_4q_avg": 24.64,
            "net_income": -38083,
            "net_income_4q": null,
            "revenue": 43204,
            "revenue_4q": null,
            "common_shares": 726051,
            "book_valuer_per_share": 11.89,
            "book_valuer_per_share_4q_avg": 12.92,
            "equity": 876939,
            "current_ratio": 150.98,
            "debt_ratio": 28.32,
            "inventory_turnover_ratio": 0.27,
            "account_receivable_turnover_ratio": 10.78,
            "reinvestment_rate": null,
            "research_to_sale_ratio": 66.06,
            "price_fair": 163.8,
            "eps_avg_yearly": 4.68,
            "eps_latest_yearly": 5.4,
            "eps_growth_yearly": 6472.73
        },
        "20151": {
            "year_quarter": 20151,
            "year": 2015,
            "quarter": 1,
            "eps": -1.7,
            "eps_growth_year": null,
            "eps_4q": -3.85,
            "eps_4q_growth_year": null,
            "roe": -14.53,
            "roe_4q": -31.22,
            "gross_profit": -903,
            "gross_margin": -3.45,
            "gross_margin_4q_avg": 12.32,
            "net_income": -122415,
            "net_income_4q": null,
            "revenue": 26143,
            "revenue_4q": null,
            "common_shares": 726051,
            "book_valuer_per_share": 10.87,
            "book_valuer_per_share_4q_avg": 12.08,
            "equity": 808269,
            "current_ratio": 131.1,
            "debt_ratio": 30.38,
            "inventory_turnover_ratio": 0.25,
            "account_receivable_turnover_ratio": 5.93,
            "reinvestment_rate": null,
            "research_to_sale_ratio": 160.65,
            "price_fair": 163.8,
            "eps_avg_yearly": 4.68,
            "eps_latest_yearly": 5.4,
            "eps_growth_yearly": 6472.73
        },
        "20152": {
            "year_quarter": 20152,
            "year": 2015,
            "quarter": 2,
            "eps": -0.6,
            "eps_growth_year": null,
            "eps_4q": -3.72,
            "eps_4q_growth_year": null,
            "roe": -5.61,
            "roe_4q": -31.4,
            "gross_profit": -13302,
            "gross_margin": -38.57,
            "gross_margin_4q_avg": -1.24,
            "net_income": -43210,
            "net_income_4q": null,
            "revenue": 34489,
            "revenue_4q": null,
            "common_shares": 726051,
            "book_valuer_per_share": 9.89,
            "book_valuer_per_share_4q_avg": 11.24,
            "equity": 731774,
            "current_ratio": 112.92,
            "debt_ratio": 32.52,
            "inventory_turnover_ratio": 0.53,
            "account_receivable_turnover_ratio": 20.07,
            "reinvestment_rate": null,
            "research_to_sale_ratio": 89.03,
            "price_fair": 163.8,
            "eps_avg_yearly": 4.68,
            "eps_latest_yearly": 5.4,
            "eps_growth_yearly": 6472.73
        },
        "20153": {
            "year_quarter": 20153,
            "year": 2015,
            "quarter": 3,
            "eps": -0.58,
            "eps_growth_year": null,
            "eps_4q": -3.41,
            "eps_4q_growth_year": null,
            "roe": -5.97,
            "roe_4q": -30.38,
            "gross_profit": 20615,
            "gross_margin": 50.73,
            "gross_margin_4q_avg": 8.62,
            "net_income": -42681,
            "net_income_4q": null,
            "revenue": 40639,
            "revenue_4q": null,
            "common_shares": 726051,
            "book_valuer_per_share": 9.41,
            "book_valuer_per_share_4q_avg": 10.52,
            "equity": 697385,
            "current_ratio": 105.2,
            "debt_ratio": 33.76,
            "inventory_turnover_ratio": 0.24,
            "account_receivable_turnover_ratio": 68.24,
            "reinvestment_rate": null,
            "research_to_sale_ratio": 88.21,
            "price_fair": 189,
            "eps_avg_yearly": 5.4,
            "eps_latest_yearly": 5.4,
            "eps_growth_yearly": 145.45
        },
        "20154": {
            "year_quarter": 20154,
            "year": 2015,
            "quarter": 4,
            "eps": -0.87,
            "eps_growth_year": null,
            "eps_4q": -3.74,
            "eps_4q_growth_year": null,
            "roe": -9.65,
            "roe_4q": -35.76,
            "gross_profit": -1874,
            "gross_margin": -6.71,
            "gross_margin_4q_avg": 0.5,
            "net_income": -64015,
            "net_income_4q": null,
            "revenue": 27916,
            "revenue_4q": null,
            "common_shares": 721051,
            "book_valuer_per_share": 8.49,
            "book_valuer_per_share_4q_avg": 9.67,
            "equity": 629448,
            "current_ratio": 92.92,
            "debt_ratio": 38.19,
            "inventory_turnover_ratio": 0.34,
            "account_receivable_turnover_ratio": 51.7,
            "reinvestment_rate": null,
            "research_to_sale_ratio": 105.66,
            "price_fair": 0,
            "eps_avg_yearly": 0,
            "eps_latest_yearly": 0,
            "eps_growth_yearly": 0
        },
        "20161": {
            "year_quarter": 20161,
            "year": 2016,
            "quarter": 1,
            "eps": 1.17,
            "eps_growth_year": null,
            "eps_4q": -0.88,
            "eps_4q_growth_year": null,
            "roe": 12.43,
            "roe_4q": -8.8,
            "gross_profit": 133559,
            "gross_margin": 95.44,
            "gross_margin_4q_avg": 25.22,
            "net_income": 83195,
            "net_income_4q": null,
            "revenue": 139946,
            "revenue_4q": null,
            "common_shares": 721051,
            "book_valuer_per_share": 9.62,
            "book_valuer_per_share_4q_avg": 9.35,
            "equity": 709347,
            "current_ratio": 115.37,
            "debt_ratio": 35.34,
            "inventory_turnover_ratio": 0.07,
            "account_receivable_turnover_ratio": 6.88,
            "reinvestment_rate": null,
            "research_to_sale_ratio": 26.83,
            "price_fair": 0,
            "eps_avg_yearly": 0,
            "eps_latest_yearly": 0,
            "eps_growth_yearly": 0
        },
        "20162": {
            "year_quarter": 20162,
            "year": 2016,
            "quarter": 2,
            "eps": -0.92,
            "eps_growth_year": null,
            "eps_4q": -1.2,
            "eps_4q_growth_year": null,
            "roe": -10.07,
            "roe_4q": -13.260000000000002,
            "gross_profit": 6661,
            "gross_margin": 30.7,
            "gross_margin_4q_avg": 42.54,
            "net_income": -67429,
            "net_income_4q": null,
            "revenue": 21699,
            "revenue_4q": null,
            "common_shares": 721051,
            "book_valuer_per_share": 8.54,
            "book_valuer_per_share_4q_avg": 9.02,
            "equity": 630072,
            "current_ratio": 95.97,
            "debt_ratio": 39.41,
            "inventory_turnover_ratio": 0.17,
            "account_receivable_turnover_ratio": 0.85,
            "reinvestment_rate": null,
            "research_to_sale_ratio": 172.16,
            "price_fair": 0,
            "eps_avg_yearly": 0,
            "eps_latest_yearly": 0,
            "eps_growth_yearly": 0
        },
        "20163": {
            "year_quarter": 20163,
            "year": 2016,
            "quarter": 3,
            "eps": -1.18,
            "eps_growth_year": null,
            "eps_4q": -1.8,
            "eps_4q_growth_year": null,
            "roe": -15.09,
            "roe_4q": -22.380000000000003,
            "gross_profit": -4599,
            "gross_margin": -28.4,
            "gross_margin_4q_avg": 22.76,
            "net_income": -87247,
            "net_income_4q": null,
            "revenue": 16191,
            "revenue_4q": null,
            "common_shares": 721051,
            "book_valuer_per_share": 7.14,
            "book_valuer_per_share_4q_avg": 8.45,
            "equity": 526628,
            "current_ratio": 79.58,
            "debt_ratio": 42.29,
            "inventory_turnover_ratio": 0.26,
            "account_receivable_turnover_ratio": 1.5,
            "reinvestment_rate": null,
            "research_to_sale_ratio": 214.13,
            "price_fair": 0,
            "eps_avg_yearly": 0,
            "eps_latest_yearly": 0,
            "eps_growth_yearly": 0
        },
        "20164": {
            "year_quarter": 20164,
            "year": 2016,
            "quarter": 4,
            "eps": -1.26,
            "eps_growth_year": null,
            "eps_4q": -2.19,
            "eps_4q_growth_year": null,
            "roe": -18.78,
            "roe_4q": -31.510000000000005,
            "gross_profit": 268,
            "gross_margin": 1.76,
            "gross_margin_4q_avg": 24.88,
            "net_income": -91042,
            "net_income_4q": null,
            "revenue": 15271,
            "revenue_4q": null,
            "common_shares": 721051,
            "book_valuer_per_share": 5.99,
            "book_valuer_per_share_4q_avg": 7.82,
            "equity": 443174,
            "current_ratio": 114.04,
            "debt_ratio": 56.05,
            "inventory_turnover_ratio": 0.22,
            "account_receivable_turnover_ratio": 1.86,
            "reinvestment_rate": null,
            "research_to_sale_ratio": 249.71,
            "price_fair": 0,
            "eps_avg_yearly": 0,
            "eps_latest_yearly": 0,
            "eps_growth_yearly": 0
        },
        "20171": {
            "year_quarter": 20171,
            "year": 2017,
            "quarter": 1,
            "eps": -1.38,
            "eps_growth_year": -217.95,
            "eps_4q": -4.74,
            "eps_4q_growth_year": null,
            "roe": -26.07,
            "roe_4q": -70.00999999999999,
            "gross_profit": -30609,
            "gross_margin": -508.96,
            "gross_margin_4q_avg": -126.23,
            "net_income": -100434,
            "net_income_4q": null,
            "revenue": 6014,
            "revenue_4q": null,
            "common_shares": 721051,
            "book_valuer_per_share": 4.4,
            "book_valuer_per_share_4q_avg": 6.52,
            "equity": 327237,
            "current_ratio": 82.83,
            "debt_ratio": 63.37,
            "inventory_turnover_ratio": 0.73,
            "account_receivable_turnover_ratio": 1.6,
            "reinvestment_rate": null,
            "research_to_sale_ratio": 861.89,
            "price_fair": 0,
            "eps_avg_yearly": 0,
            "eps_latest_yearly": 0,
            "eps_growth_yearly": 0
        },
        "20172": {
            "year_quarter": 20172,
            "year": 2017,
            "quarter": 2,
            "eps": -0.9,
            "eps_growth_year": null,
            "eps_4q": -4.72,
            "eps_4q_growth_year": null,
            "roe": -22.21,
            "roe_4q": -82.15,
            "gross_profit": -7750,
            "gross_margin": -91.68,
            "gross_margin_4q_avg": -156.82,
            "net_income": -64956,
            "net_income_4q": null,
            "revenue": 8453,
            "revenue_4q": null,
            "common_shares": 721051,
            "book_valuer_per_share": 3.44,
            "book_valuer_per_share_4q_avg": 5.24,
            "equity": 257683,
            "current_ratio": 64.63,
            "debt_ratio": 68.07,
            "inventory_turnover_ratio": 0.54,
            "account_receivable_turnover_ratio": 2.85,
            "reinvestment_rate": null,
            "research_to_sale_ratio": 557.92,
            "price_fair": 0,
            "eps_avg_yearly": 0,
            "eps_latest_yearly": 0,
            "eps_growth_yearly": 0
        },
        "20173": {
            "year_quarter": 20173,
            "year": 2017,
            "quarter": 3,
            "eps": -1.05,
            "eps_growth_year": null,
            "eps_4q": -4.58,
            "eps_4q_growth_year": null,
            "roe": -35.11,
            "roe_4q": -102.17,
            "gross_profit": 6047,
            "gross_margin": 85.62,
            "gross_margin_4q_avg": -128.32,
            "net_income": -76509,
            "net_income_4q": null,
            "revenue": 7063,
            "revenue_4q": null,
            "common_shares": 721051,
            "book_valuer_per_share": 2.34,
            "book_valuer_per_share_4q_avg": 4.04,
            "equity": 178089,
            "current_ratio": 62.69,
            "debt_ratio": 74.57,
            "inventory_turnover_ratio": 0.04,
            "account_receivable_turnover_ratio": 1.94,
            "reinvestment_rate": null,
            "research_to_sale_ratio": 688.73,
            "price_fair": 0,
            "eps_avg_yearly": 0,
            "eps_latest_yearly": 0,
            "eps_growth_yearly": 0
        },
        "20174": {
            "year_quarter": 20174,
            "year": 2017,
            "quarter": 4,
            "eps": 2.16,
            "eps_growth_year": null,
            "eps_4q": -1.17,
            "eps_4q_growth_year": null,
            "roe": 60.7,
            "roe_4q": -22.689999999999998,
            "gross_profit": 27473,
            "gross_margin": 103.24,
            "gross_margin_4q_avg": -102.95,
            "net_income": 153884,
            "net_income_4q": null,
            "revenue": 26611,
            "revenue_4q": null,
            "common_shares": 721051,
            "book_valuer_per_share": 4.45,
            "book_valuer_per_share_4q_avg": 3.66,
            "equity": 328983,
            "current_ratio": 119.65,
            "debt_ratio": 48.6,
            "inventory_turnover_ratio": -0.02,
            "account_receivable_turnover_ratio": 8.33,
            "reinvestment_rate": null,
            "research_to_sale_ratio": 192.16,
            "price_fair": 0,
            "eps_avg_yearly": 0,
            "eps_latest_yearly": 0,
            "eps_growth_yearly": 0
        },
        "20181": {
            "year_quarter": 20181,
            "year": 2018,
            "quarter": 1,
            "eps": -0.89,
            "eps_growth_year": null,
            "eps_4q": -0.68,
            "eps_4q_growth_year": null,
            "roe": -22.06,
            "roe_4q": -18.68,
            "gross_profit": -12783,
            "gross_margin": -122.47,
            "gross_margin_4q_avg": -6.32,
            "net_income": -65182,
            "net_income_4q": null,
            "revenue": 10438,
            "revenue_4q": null,
            "common_shares": 721051,
            "book_valuer_per_share": 3.54,
            "book_valuer_per_share_4q_avg": 3.44,
            "equity": 262051,
            "current_ratio": 89.36,
            "debt_ratio": 54.62,
            "inventory_turnover_ratio": 0.62,
            "account_receivable_turnover_ratio": 2.41,
            "reinvestment_rate": null,
            "research_to_sale_ratio": 699.33,
            "price_fair": 0,
            "eps_avg_yearly": 0,
            "eps_latest_yearly": 0,
            "eps_growth_yearly": 0
        },
        "20182": {
            "year_quarter": 20182,
            "year": 2018,
            "quarter": 2,
            "eps": -1.2,
            "eps_growth_year": null,
            "eps_4q": -0.98,
            "eps_4q_growth_year": null,
            "roe": -38.41,
            "roe_4q": -34.879999999999995,
            "gross_profit": -8112,
            "gross_margin": -90.67,
            "gross_margin_4q_avg": -6.07,
            "net_income": -86756,
            "net_income_4q": null,
            "revenue": 8947,
            "revenue_4q": null,
            "common_shares": 721051,
            "book_valuer_per_share": 2.54,
            "book_valuer_per_share_4q_avg": 3.22,
            "equity": 189730,
            "current_ratio": 62.94,
            "debt_ratio": 63.17,
            "inventory_turnover_ratio": 0.68,
            "account_receivable_turnover_ratio": 1.93,
            "reinvestment_rate": null,
            "research_to_sale_ratio": 673.62,
            "price_fair": 0,
            "eps_avg_yearly": 0,
            "eps_latest_yearly": 0,
            "eps_growth_yearly": 0
        },
        "20183": {
            "year_quarter": 20183,
            "year": 2018,
            "quarter": 3,
            "eps": -0.02,
            "eps_growth_year": null,
            "eps_4q": 0.05,
            "eps_4q_growth_year": null,
            "roe": -1.14,
            "roe_4q": -0.9099999999999966,
            "gross_profit": 36533,
            "gross_margin": 90.98,
            "gross_margin_4q_avg": -4.73,
            "net_income": -2327,
            "net_income_4q": null,
            "revenue": 40157,
            "revenue_4q": null,
            "common_shares": 721051,
            "book_valuer_per_share": 2.5,
            "book_valuer_per_share_4q_avg": 3.26,
            "equity": 218637,
            "current_ratio": 69.16,
            "debt_ratio": 54.64,
            "inventory_turnover_ratio": 0.15,
            "account_receivable_turnover_ratio": 4.07,
            "reinvestment_rate": null,
            "research_to_sale_ratio": 157.35,
            "price_fair": 0,
            "eps_avg_yearly": 0,
            "eps_latest_yearly": 0,
            "eps_growth_yearly": 0
        },
        "20184": {
            "year_quarter": 20184,
            "year": 2018,
            "quarter": 4,
            "eps": 0.07,
            "eps_growth_year": -96.55,
            "eps_4q": -2.03,
            "eps_4q_growth_year": null,
            "roe": 3.01,
            "roe_4q": -58.599999999999994,
            "gross_profit": 76833,
            "gross_margin": 93.87,
            "gross_margin_4q_avg": -7.07,
            "net_income": 6384,
            "net_income_4q": null,
            "revenue": 81847,
            "revenue_4q": null,
            "common_shares": 721051,
            "book_valuer_per_share": 2.26,
            "book_valuer_per_share_4q_avg": 2.71,
            "equity": 204986,
            "current_ratio": 208.43,
            "debt_ratio": 56.53,
            "inventory_turnover_ratio": 0.2,
            "account_receivable_turnover_ratio": 4.18,
            "reinvestment_rate": null,
            "research_to_sale_ratio": 79.08,
            "price_fair": 0,
            "eps_avg_yearly": 0,
            "eps_latest_yearly": 0,
            "eps_growth_yearly": 0
        },
        "20191": {
            "year_quarter": 20191,
            "year": 2019,
            "quarter": 1,
            "eps": -0.73,
            "eps_growth_year": null,
            "eps_4q": -1.72,
            "eps_4q_growth_year": null,
            "roe": -19.43,
            "roe_4q": -55.97,
            "gross_profit": 47799,
            "gross_margin": 76.66,
            "gross_margin_4q_avg": 42.71,
            "net_income": -61861,
            "net_income_4q": null,
            "revenue": 62351,
            "revenue_4q": null,
            "common_shares": 841051,
            "book_valuer_per_share": 4.63,
            "book_valuer_per_share_4q_avg": 2.98,
            "equity": 431764,
            "current_ratio": 343.96,
            "debt_ratio": 42.82,
            "inventory_turnover_ratio": 0.72,
            "account_receivable_turnover_ratio": 3.52,
            "reinvestment_rate": null,
            "research_to_sale_ratio": 145.32,
            "price_fair": 0,
            "eps_avg_yearly": 0,
            "eps_latest_yearly": 0,
            "eps_growth_yearly": 0
        },
        "20192": {
            "year_quarter": 20192,
            "year": 2019,
            "quarter": 2,
            "eps": -0.87,
            "eps_growth_year": null,
            "eps_4q": -1.56,
            "eps_4q_growth_year": null,
            "roe": -18.26,
            "roe_4q": -35.82,
            "gross_profit": 20547,
            "gross_margin": 78.18,
            "gross_margin_4q_avg": 84.92,
            "net_income": -72967,
            "net_income_4q": null,
            "revenue": 26280,
            "revenue_4q": null,
            "common_shares": 841051,
            "book_valuer_per_share": 3.87,
            "book_valuer_per_share_4q_avg": 3.32,
            "equity": 367391,
            "current_ratio": 310.75,
            "debt_ratio": 45.34,
            "inventory_turnover_ratio": 0.28,
            "account_receivable_turnover_ratio": 1.83,
            "reinvestment_rate": null,
            "research_to_sale_ratio": 270.54,
            "price_fair": 0,
            "eps_avg_yearly": 0,
            "eps_latest_yearly": 0,
            "eps_growth_yearly": 0
        },
        "20193": {
            "year_quarter": 20193,
            "year": 2019,
            "quarter": 3,
            "eps": -0.99,
            "eps_growth_year": null,
            "eps_4q": -2.53,
            "eps_4q_growth_year": -5419.13,
            "roe": -27.42,
            "roe_4q": -62.100000000000016,
            "gross_profit": 19948,
            "gross_margin": 74.42,
            "gross_margin_4q_avg": 80.78,
            "net_income": -88526,
            "net_income_4q": null,
            "revenue": 26803,
            "revenue_4q": null,
            "common_shares": 841051,
            "book_valuer_per_share": 2.87,
            "book_valuer_per_share_4q_avg": 3.41,
            "equity": 278379,
            "current_ratio": 194.66,
            "debt_ratio": 52.58,
            "inventory_turnover_ratio": 0.34,
            "account_receivable_turnover_ratio": 1.23,
            "reinvestment_rate": null,
            "research_to_sale_ratio": 327.56,
            "price_fair": 0,
            "eps_avg_yearly": 0,
            "eps_latest_yearly": 0,
            "eps_growth_yearly": 0
        },
        "20194": {
            "year_quarter": 20194,
            "year": 2019,
            "quarter": 4,
            "eps": -1.17,
            "eps_growth_year": -1670.61,
            "eps_4q": -3.76,
            "eps_4q_growth_year": null,
            "roe": -43.86,
            "roe_4q": -108.97,
            "gross_profit": 20213,
            "gross_margin": 63.35,
            "gross_margin_4q_avg": 73.15,
            "net_income": -99899,
            "net_income_4q": null,
            "revenue": 31908,
            "revenue_4q": null,
            "common_shares": 841051,
            "book_valuer_per_share": 1.69,
            "book_valuer_per_share_4q_avg": 3.27,
            "equity": 177169,
            "current_ratio": 45,
            "debt_ratio": 64.15,
            "inventory_turnover_ratio": 0.67,
            "account_receivable_turnover_ratio": 1.92,
            "reinvestment_rate": null,
            "research_to_sale_ratio": 276.64,
            "price_fair": 0,
            "eps_avg_yearly": 0,
            "eps_latest_yearly": 0,
            "eps_growth_yearly": 0
        },
        "20201": {
            "year_quarter": 20201,
            "year": 2020,
            "quarter": 1,
            "eps": -1.06,
            "eps_growth_year": null,
            "eps_4q": -4.08,
            "eps_4q_growth_year": null,
            "roe": -68.57,
            "roe_4q": -158.10999999999999,
            "gross_profit": 35379,
            "gross_margin": 96.74,
            "gross_margin_4q_avg": 78.17,
            "net_income": -90761,
            "net_income_4q": null,
            "revenue": 36570,
            "revenue_4q": null,
            "common_shares": 841051,
            "book_valuer_per_share": 0.65,
            "book_valuer_per_share_4q_avg": 2.27,
            "equity": 87548,
            "current_ratio": 52.83,
            "debt_ratio": 82.79,
            "inventory_turnover_ratio": 0.07,
            "account_receivable_turnover_ratio": 2.94,
            "reinvestment_rate": null,
            "research_to_sale_ratio": 293.26,
            "price_fair": 0,
            "eps_avg_yearly": 0,
            "eps_latest_yearly": 0,
            "eps_growth_yearly": 0
        },
        "20202": {
            "year_quarter": 20202,
            "year": 2020,
            "quarter": 2,
            "eps": 0.1,
            "eps_growth_year": null,
            "eps_4q": -3.12,
            "eps_4q_growth_year": null,
            "roe": 6.73,
            "roe_4q": -133.12,
            "gross_profit": 108227,
            "gross_margin": 98.46,
            "gross_margin_4q_avg": 83.24,
            "net_income": 6052,
            "net_income_4q": null,
            "revenue": 109920,
            "revenue_4q": null,
            "common_shares": 841051,
            "book_valuer_per_share": 0.73,
            "book_valuer_per_share_4q_avg": 1.49,
            "equity": 92370,
            "current_ratio": 85.47,
            "debt_ratio": 83.86,
            "inventory_turnover_ratio": 0.08,
            "account_receivable_turnover_ratio": 3.95,
            "reinvestment_rate": null,
            "research_to_sale_ratio": 83.22,
            "price_fair": 0,
            "eps_avg_yearly": 0,
            "eps_latest_yearly": 0,
            "eps_growth_yearly": 0
        },
        "20203": {
            "year_quarter": 20203,
            "year": 2020,
            "quarter": 3,
            "eps": 0.13,
            "eps_growth_year": null,
            "eps_4q": -6.58,
            "eps_4q_growth_year": null,
            "roe": 1.67,
            "roe_4q": -104.03,
            "gross_profit": 91780,
            "gross_margin": 84.47,
            "gross_margin_4q_avg": 85.76,
            "net_income": 1551,
            "net_income_4q": null,
            "revenue": 108654,
            "revenue_4q": null,
            "common_shares": 267384,
            "book_valuer_per_share": 2.4,
            "book_valuer_per_share_4q_avg": 1.37,
            "equity": 93571,
            "current_ratio": 90.2,
            "debt_ratio": 83.19,
            "inventory_turnover_ratio": 0.8,
            "account_receivable_turnover_ratio": 2.87,
            "reinvestment_rate": null,
            "research_to_sale_ratio": 71.92,
            "price_fair": 18.2,
            "eps_avg_yearly": 0.52,
            "eps_latest_yearly": 0.52,
            "eps_growth_yearly": 120
        },
        "20204": {
            "year_quarter": 20204,
            "year": 2020,
            "quarter": 4,
            "eps": 0.57,
            "eps_growth_year": null,
            "eps_4q": -2.34,
            "eps_4q_growth_year": null,
            "roe": 12.97,
            "roe_4q": -47.19999999999999,
            "gross_profit": 82370,
            "gross_margin": 82.81,
            "gross_margin_4q_avg": 90.62,
            "net_income": 13352,
            "net_income_4q": null,
            "revenue": 99472,
            "revenue_4q": null,
            "common_shares": 267384,
            "book_valuer_per_share": 3.15,
            "book_valuer_per_share_4q_avg": 1.73,
            "equity": 112348,
            "current_ratio": 328.3,
            "debt_ratio": 80.56,
            "inventory_turnover_ratio": 1,
            "account_receivable_turnover_ratio": 2.82,
            "reinvestment_rate": null,
            "research_to_sale_ratio": 48.41,
            "price_fair": 49,
            "eps_avg_yearly": 1.4,
            "eps_latest_yearly": 2.28,
            "eps_growth_yearly": 736.92
        },
        "20211": {
            "year_quarter": 20211,
            "year": 2021,
            "quarter": 1,
            "eps": 0.8,
            "eps_growth_year": null,
            "eps_4q": 1.79,
            "eps_4q_growth_year": null,
            "roe": 16.2,
            "roe_4q": 37.57000000000001,
            "gross_profit": 77119,
            "gross_margin": 78.24,
            "gross_margin_4q_avg": 86,
            "net_income": 19817,
            "net_income_4q": null,
            "revenue": 98572,
            "revenue_4q": null,
            "common_shares": 267384,
            "book_valuer_per_share": 3.96,
            "book_valuer_per_share_4q_avg": 2.56,
            "equity": 132301,
            "current_ratio": 437.32,
            "debt_ratio": 77.27,
            "inventory_turnover_ratio": 1.65,
            "account_receivable_turnover_ratio": 4.2,
            "reinvestment_rate": null,
            "research_to_sale_ratio": 47.23,
            "price_fair": 70,
            "eps_avg_yearly": 2,
            "eps_latest_yearly": 3.2,
            "eps_growth_yearly": 545.08
        },
        "20212": {
            "year_quarter": 20212,
            "year": 2021,
            "quarter": 2,
            "eps": -0.21,
            "eps_growth_year": -310,
            "eps_4q": 1.29,
            "eps_4q_growth_year": null,
            "roe": -5.84,
            "roe_4q": 25,
            "gross_profit": 49500,
            "gross_margin": 77.58,
            "gross_margin_4q_avg": 80.78,
            "net_income": -7503,
            "net_income_4q": null,
            "revenue": 63801,
            "revenue_4q": null,
            "common_shares": 267384,
            "book_valuer_per_share": 3.78,
            "book_valuer_per_share_4q_avg": 3.32,
            "equity": 124603,
            "current_ratio": 546.04,
            "debt_ratio": 77.83,
            "inventory_turnover_ratio": 1.4,
            "account_receivable_turnover_ratio": 3.02,
            "reinvestment_rate": null,
            "research_to_sale_ratio": 56.37,
            "price_fair": 70,
            "eps_avg_yearly": 2,
            "eps_latest_yearly": 3.2,
            "eps_growth_yearly": 545.08
        },
        "20213": {
            "year_quarter": 20213,
            "year": 2021,
            "quarter": 3,
            "eps": -1.35,
            "eps_growth_year": -1138.46,
            "eps_4q": -0.19,
            "eps_4q_growth_year": null,
            "roe": -35.91,
            "roe_4q": -12.58,
            "gross_profit": 20305,
            "gross_margin": 65.94,
            "gross_margin_4q_avg": 76.14,
            "net_income": -37925,
            "net_income_4q": null,
            "revenue": 30792,
            "revenue_4q": null,
            "common_shares": 267384,
            "book_valuer_per_share": 2.43,
            "book_valuer_per_share_4q_avg": 3.33,
            "equity": 86634,
            "current_ratio": 93.69,
            "debt_ratio": 83.61,
            "inventory_turnover_ratio": 1.31,
            "account_receivable_turnover_ratio": 1.32,
            "reinvestment_rate": null,
            "research_to_sale_ratio": 124.84,
            "price_fair": 70,
            "eps_avg_yearly": 2,
            "eps_latest_yearly": 3.2,
            "eps_growth_yearly": 545.08
        },
        "20214": {
            "year_quarter": 20214,
            "year": 2021,
            "quarter": 4,
            "eps": 0.01,
            "eps_growth_year": -98.63,
            "eps_4q": -0.75,
            "eps_4q_growth_year": null,
            "roe": -1.72,
            "roe_4q": -27.27,
            "gross_profit": 35938,
            "gross_margin": 77.8,
            "gross_margin_4q_avg": 74.89,
            "net_income": -1516,
            "net_income_4q": null,
            "revenue": 46192,
            "revenue_4q": null,
            "common_shares": 267384,
            "book_valuer_per_share": 2.6,
            "book_valuer_per_share_4q_avg": 3.19,
            "equity": 89601,
            "current_ratio": 104.27,
            "debt_ratio": 82.84,
            "inventory_turnover_ratio": 1.67,
            "account_receivable_turnover_ratio": 1.64,
            "reinvestment_rate": null,
            "research_to_sale_ratio": 52.2,
            "price_fair": 70,
            "eps_avg_yearly": 2,
            "eps_latest_yearly": 3.2,
            "eps_growth_yearly": 545.08
        },
        "20221": {
            "year_quarter": 20221,
            "year": 2022,
            "quarter": 1,
            "eps": -1.18,
            "eps_growth_year": -247.5,
            "eps_4q": -2.73,
            "eps_4q_growth_year": -252.84,
            "roe": -45.62,
            "roe_4q": -89.09,
            "gross_profit": 11537,
            "gross_margin": 47.41,
            "gross_margin_4q_avg": 67.18,
            "net_income": -33338,
            "net_income_4q": null,
            "revenue": 24334,
            "revenue_4q": null,
            "common_shares": 267384,
            "book_valuer_per_share": 1.43,
            "book_valuer_per_share_4q_avg": 2.56,
            "equity": 56567,
            "current_ratio": 93.06,
            "debt_ratio": 88.91,
            "inventory_turnover_ratio": 2.24,
            "account_receivable_turnover_ratio": 0.64,
            "reinvestment_rate": null,
            "research_to_sale_ratio": 109.2,
            "price_fair": 70,
            "eps_avg_yearly": 2,
            "eps_latest_yearly": 3.2,
            "eps_growth_yearly": 545.08
        },
        "20222": {
            "year_quarter": 20222,
            "year": 2022,
            "quarter": 2,
            "eps": -1.37,
            "eps_growth_year": null,
            "eps_4q": -3.65,
            "eps_4q_growth_year": -383.84,
            "roe": -82.17,
            "roe_4q": -165.42,
            "gross_profit": 6460,
            "gross_margin": 33.28,
            "gross_margin_4q_avg": 56.11,
            "net_income": -38880,
            "net_income_4q": null,
            "revenue": 19414,
            "revenue_4q": null,
            "common_shares": 286615,
            "book_valuer_per_share": 0.75,
            "book_valuer_per_share_4q_avg": 1.8,
            "equity": 38062,
            "current_ratio": 87.75,
            "debt_ratio": 91.95,
            "inventory_turnover_ratio": 2.55,
            "account_receivable_turnover_ratio": 0.54,
            "reinvestment_rate": null,
            "research_to_sale_ratio": 129.01,
            "price_fair": 70,
            "eps_avg_yearly": 2,
            "eps_latest_yearly": 3.2,
            "eps_growth_yearly": 545.08
        },
        "20223": {
            "year_quarter": 20223,
            "year": 2022,
            "quarter": 3,
            "eps": -0.5,
            "eps_growth_year": null,
            "eps_4q": -2.07,
            "eps_4q_growth_year": null,
            "roe": -22.96,
            "roe_4q": -152.47,
            "gross_profit": 6294,
            "gross_margin": 31.77,
            "gross_margin_4q_avg": 47.57,
            "net_income": -23014,
            "net_income_4q": null,
            "revenue": 19813,
            "revenue_4q": null,
            "common_shares": 433715,
            "book_valuer_per_share": 3.4,
            "book_valuer_per_share_4q_avg": 2.05,
            "equity": 162443,
            "current_ratio": 410.01,
            "debt_ratio": 63.7,
            "inventory_turnover_ratio": 3.14,
            "account_receivable_turnover_ratio": 0.64,
            "reinvestment_rate": null,
            "research_to_sale_ratio": 127.32,
            "price_fair": 70,
            "eps_avg_yearly": 2,
            "eps_latest_yearly": 3.2,
            "eps_growth_yearly": 545.08
        },
        "20224": {
            "year_quarter": 20224,
            "year": 2022,
            "quarter": 4,
            "eps": -0.73,
            "eps_growth_year": -9526.94,
            "eps_4q": -2.81,
            "eps_4q_growth_year": null,
            "roe": -22.78,
            "roe_4q": -173.53,
            "gross_profit": 11609,
            "gross_margin": 56.05,
            "gross_margin_4q_avg": 42.13,
            "net_income": -33377,
            "net_income_4q": null,
            "revenue": 20711,
            "revenue_4q": null,
            "common_shares": 433715,
            "book_valuer_per_share": 2.71,
            "book_valuer_per_share_4q_avg": 2.07,
            "equity": 130659,
            "current_ratio": 333.18,
            "debt_ratio": 68.27,
            "inventory_turnover_ratio": 2.46,
            "account_receivable_turnover_ratio": 0.79,
            "reinvestment_rate": null,
            "research_to_sale_ratio": 108.23,
            "price_fair": 70,
            "eps_avg_yearly": 2,
            "eps_latest_yearly": 3.2,
            "eps_growth_yearly": 545.08
        },
        "20231": {
            "year_quarter": 20231,
            "year": 2023,
            "quarter": 1,
            "eps": 0.01,
            "eps_growth_year": null,
            "eps_4q": -2.07,
            "eps_4q_growth_year": null,
            "roe": -1.04,
            "roe_4q": -128.95,
            "gross_profit": 17957,
            "gross_margin": 89.16,
            "gross_margin_4q_avg": 52.57,
            "net_income": -1280,
            "net_income_4q": null,
            "revenue": 20141,
            "revenue_4q": null,
            "common_shares": 433715,
            "book_valuer_per_share": 2.43,
            "book_valuer_per_share_4q_avg": 2.32,
            "equity": 116572,
            "current_ratio": 346.8,
            "debt_ratio": 69.98,
            "inventory_turnover_ratio": 0.67,
            "account_receivable_turnover_ratio": 0.76,
            "reinvestment_rate": null,
            "research_to_sale_ratio": 108.55,
            "price_fair": 70,
            "eps_avg_yearly": 2,
            "eps_latest_yearly": 3.2,
            "eps_growth_yearly": 545.08
        },
        "20232": {
            "year_quarter": 20232,
            "year": 2023,
            "quarter": 2,
            "eps": -0.14,
            "eps_growth_year": null,
            "eps_4q": -1.35,
            "eps_4q_growth_year": null,
            "roe": -7.02,
            "roe_4q": -53.8,
            "gross_profit": 17851,
            "gross_margin": 90.13,
            "gross_margin_4q_avg": 66.78,
            "net_income": -7906,
            "net_income_4q": null,
            "revenue": 19806,
            "revenue_4q": null,
            "common_shares": 433715,
            "book_valuer_per_share": 2.29,
            "book_valuer_per_share_4q_avg": 2.71,
            "equity": 108727,
            "current_ratio": 134.22,
            "debt_ratio": 71.51,
            "inventory_turnover_ratio": 0.72,
            "account_receivable_turnover_ratio": 0.74,
            "reinvestment_rate": null,
            "research_to_sale_ratio": 94.64,
            "price_fair": 70,
            "eps_avg_yearly": 2,
            "eps_latest_yearly": 3.2,
            "eps_growth_yearly": 545.08
        },
        "20233": {
            "year_quarter": 20233,
            "year": 2023,
            "quarter": 3,
            "eps": 0.09,
            "eps_growth_year": null,
            "eps_4q": -0.77,
            "eps_4q_growth_year": null,
            "roe": 2.03,
            "roe_4q": -28.810000000000002,
            "gross_profit": 26457,
            "gross_margin": 91.43,
            "gross_margin_4q_avg": 81.69,
            "net_income": 2230,
            "net_income_4q": null,
            "revenue": 28936,
            "revenue_4q": null,
            "common_shares": 433715,
            "book_valuer_per_share": 2.38,
            "book_valuer_per_share_4q_avg": 2.45,
            "equity": 111156,
            "current_ratio": 50.67,
            "debt_ratio": 70.82,
            "inventory_turnover_ratio": 1.01,
            "account_receivable_turnover_ratio": 1.15,
            "reinvestment_rate": null,
            "research_to_sale_ratio": 51.7,
            "price_fair": 70,
            "eps_avg_yearly": 2,
            "eps_latest_yearly": 3.2,
            "eps_growth_yearly": 545.08
        }
    },
    "months": {
        "2003-12": {
            "month": "2003-12",
            "price": "24.98",
            "revenue": 16413
        },
        "2004-01": {
            "month": "2004-01",
            "price": "22.89",
            "revenue": 6486
        },
        "2004-02": {
            "month": "2004-02",
            "price": "18.94",
            "revenue": 17575
        },
        "2004-03": {
            "month": "2004-03",
            "price": "21.78",
            "revenue": 20124
        },
        "2004-04": {
            "month": "2004-04",
            "price": "30.76",
            "revenue": 18494
        },
        "2004-05": {
            "month": "2004-05",
            "price": "35.78",
            "revenue": 21329
        },
        "2004-06": {
            "month": "2004-06",
            "price": "26.75",
            "revenue": 24661
        },
        "2004-07": {
            "month": "2004-07",
            "price": "23.30",
            "revenue": 22816
        },
        "2004-08": {
            "month": "2004-08",
            "price": "21.68",
            "revenue": 21865
        },
        "2004-09": {
            "month": "2004-09",
            "price": "16.69",
            "revenue": 41144
        },
        "2004-10": {
            "month": "2004-10",
            "price": "19.88",
            "revenue": 47587
        },
        "2004-11": {
            "month": "2004-11",
            "price": "29.10",
            "revenue": 48601
        },
        "2004-12": {
            "month": "2004-12",
            "price": "46.26",
            "revenue": 50024
        },
        "2005-01": {
            "month": "2005-01",
            "price": "78.05",
            "revenue": 50472
        },
        "2005-02": {
            "month": "2005-02",
            "price": "128.65",
            "revenue": 47113
        },
        "2005-03": {
            "month": "2005-03",
            "price": "138.20",
            "revenue": 46638
        },
        "2005-04": {
            "month": "2005-04",
            "price": "124.20",
            "revenue": 42044
        },
        "2005-05": {
            "month": "2005-05",
            "price": "122.55",
            "revenue": 41360
        },
        "2005-06": {
            "month": "2005-06",
            "price": "133.11",
            "revenue": 37560
        },
        "2005-07": {
            "month": "2005-07",
            "price": "145.08",
            "revenue": 20069
        },
        "2005-08": {
            "month": "2005-08",
            "price": "127.84",
            "revenue": 21167
        },
        "2005-09": {
            "month": "2005-09",
            "price": "119.19",
            "revenue": 21583
        },
        "2005-10": {
            "month": "2005-10",
            "price": "80.52",
            "revenue": 22372
        },
        "2005-11": {
            "month": "2005-11",
            "price": "61.03",
            "revenue": 24228
        },
        "2005-12": {
            "month": "2005-12",
            "price": "66.90",
            "revenue": 20736
        },
        "2006-01": {
            "month": "2006-01",
            "price": "65.01",
            "revenue": 23426
        },
        "2006-02": {
            "month": "2006-02",
            "price": "57.41",
            "revenue": 19858
        },
        "2006-03": {
            "month": "2006-03",
            "price": "44.97",
            "revenue": 25032
        },
        "2006-04": {
            "month": "2006-04",
            "price": "53.16",
            "revenue": 23890
        },
        "2006-05": {
            "month": "2006-05",
            "price": "48.95",
            "revenue": 29039
        },
        "2006-06": {
            "month": "2006-06",
            "price": "46.64",
            "revenue": 26969
        },
        "2006-07": {
            "month": "2006-07",
            "price": "48.78",
            "revenue": 17753
        },
        "2006-08": {
            "month": "2006-08",
            "price": "52.32",
            "revenue": 28319
        },
        "2006-09": {
            "month": "2006-09",
            "price": "59.55",
            "revenue": 41808
        },
        "2006-10": {
            "month": "2006-10",
            "price": "67.96",
            "revenue": 38971
        },
        "2006-11": {
            "month": "2006-11",
            "price": "67.13",
            "revenue": 40487
        },
        "2006-12": {
            "month": "2006-12",
            "price": "73.66",
            "revenue": 40016
        },
        "2007-01": {
            "month": "2007-01",
            "price": "97.09",
            "revenue": 18027
        },
        "2007-02": {
            "month": "2007-02",
            "price": "108.17",
            "revenue": 20163
        },
        "2007-03": {
            "month": "2007-03",
            "price": "116.39",
            "revenue": 33772
        },
        "2007-04": {
            "month": "2007-04",
            "price": "119.30",
            "revenue": 37340
        },
        "2007-05": {
            "month": "2007-05",
            "price": "143.89",
            "revenue": 51627
        },
        "2007-06": {
            "month": "2007-06",
            "price": "183.52",
            "revenue": 40929
        },
        "2007-07": {
            "month": "2007-07",
            "price": "286.48",
            "revenue": 59860
        },
        "2007-08": {
            "month": "2007-08",
            "price": "302.22",
            "revenue": 40671
        },
        "2007-09": {
            "month": "2007-09",
            "price": "254.94",
            "revenue": 41283
        },
        "2007-10": {
            "month": "2007-10",
            "price": "227.73",
            "revenue": 25843
        },
        "2007-11": {
            "month": "2007-11",
            "price": "154.07",
            "revenue": 58689
        },
        "2007-12": {
            "month": "2007-12",
            "price": "136.05",
            "revenue": 52273
        },
        "2008-01": {
            "month": "2008-01",
            "price": "115.08",
            "revenue": 37160
        },
        "2008-02": {
            "month": "2008-02",
            "price": "84.20",
            "revenue": 17436
        },
        "2008-03": {
            "month": "2008-03",
            "price": "134.57",
            "revenue": 36576
        },
        "2008-04": {
            "month": "2008-04",
            "price": "179.74",
            "revenue": 24011
        },
        "2008-05": {
            "month": "2008-05",
            "price": "153.74",
            "revenue": 29185
        },
        "2008-06": {
            "month": "2008-06",
            "price": "107.91",
            "revenue": 33872
        },
        "2008-07": {
            "month": "2008-07",
            "price": "76.53",
            "revenue": 24169
        },
        "2008-08": {
            "month": "2008-08",
            "price": "71.72",
            "revenue": 27007
        },
        "2008-09": {
            "month": "2008-09",
            "price": "58.60",
            "revenue": 30491
        },
        "2008-10": {
            "month": "2008-10",
            "price": "53.19",
            "revenue": 84977
        },
        "2008-11": {
            "month": "2008-11",
            "price": "42.15",
            "revenue": 54069
        },
        "2008-12": {
            "month": "2008-12",
            "price": "38.70",
            "revenue": 27881
        },
        "2009-01": {
            "month": "2009-01",
            "price": "45.69",
            "revenue": 31857
        },
        "2009-02": {
            "month": "2009-02",
            "price": "45.51",
            "revenue": 49550
        },
        "2009-03": {
            "month": "2009-03",
            "price": "54.77",
            "revenue": 69725
        },
        "2009-04": {
            "month": "2009-04",
            "price": "66.35",
            "revenue": 20013
        },
        "2009-05": {
            "month": "2009-05",
            "price": "64.29",
            "revenue": 29171
        },
        "2009-06": {
            "month": "2009-06",
            "price": "55.82",
            "revenue": 26345
        },
        "2009-07": {
            "month": "2009-07",
            "price": "67.14",
            "revenue": 25046
        },
        "2009-08": {
            "month": "2009-08",
            "price": "63.14",
            "revenue": 55578
        },
        "2009-09": {
            "month": "2009-09",
            "price": "73.06",
            "revenue": 71312
        },
        "2009-10": {
            "month": "2009-10",
            "price": "69.50",
            "revenue": 16532
        },
        "2009-11": {
            "month": "2009-11",
            "price": "69.68",
            "revenue": 71645
        },
        "2009-12": {
            "month": "2009-12",
            "price": "72.84",
            "revenue": 83479
        },
        "2010-01": {
            "month": "2010-01",
            "price": "75.22",
            "revenue": 50569
        },
        "2010-02": {
            "month": "2010-02",
            "price": "67.06",
            "revenue": 17108
        },
        "2010-03": {
            "month": "2010-03",
            "price": "68.09",
            "revenue": 20672
        },
        "2010-04": {
            "month": "2010-04",
            "price": "63.37",
            "revenue": 25757
        },
        "2010-05": {
            "month": "2010-05",
            "price": "49.47",
            "revenue": 17563
        },
        "2010-06": {
            "month": "2010-06",
            "price": "46.72",
            "revenue": 16415
        },
        "2010-07": {
            "month": "2010-07",
            "price": "55.11",
            "revenue": 16007
        },
        "2010-08": {
            "month": "2010-08",
            "price": "51.22",
            "revenue": 16800
        },
        "2010-09": {
            "month": "2010-09",
            "price": "48.64",
            "revenue": 24331
        },
        "2010-10": {
            "month": "2010-10",
            "price": "48.17",
            "revenue": 26103
        },
        "2010-11": {
            "month": "2010-11",
            "price": "50.78",
            "revenue": 50221
        },
        "2010-12": {
            "month": "2010-12",
            "price": "65.77",
            "revenue": 11735
        },
        "2011-01": {
            "month": "2011-01",
            "price": "59.38",
            "revenue": 16991
        },
        "2011-02": {
            "month": "2011-02",
            "price": "55.41",
            "revenue": 8904
        },
        "2011-03": {
            "month": "2011-03",
            "price": "62.66",
            "revenue": 30107
        },
        "2011-04": {
            "month": "2011-04",
            "price": "69.18",
            "revenue": 28632
        },
        "2011-05": {
            "month": "2011-05",
            "price": "64.16",
            "revenue": 38470
        },
        "2011-06": {
            "month": "2011-06",
            "price": "64.39",
            "revenue": 57808
        },
        "2011-07": {
            "month": "2011-07",
            "price": "62.59",
            "revenue": 49346
        },
        "2011-08": {
            "month": "2011-08",
            "price": "53.49",
            "revenue": 61407
        },
        "2011-09": {
            "month": "2011-09",
            "price": "49.59",
            "revenue": 86444
        },
        "2011-10": {
            "month": "2011-10",
            "price": "49.32",
            "revenue": 94360
        },
        "2011-11": {
            "month": "2011-11",
            "price": "48.17",
            "revenue": 81849
        },
        "2011-12": {
            "month": "2011-12",
            "price": "37.96",
            "revenue": 49048
        },
        "2012-01": {
            "month": "2012-01",
            "price": "38.69",
            "revenue": 14397
        },
        "2012-02": {
            "month": "2012-02",
            "price": "51.44",
            "revenue": 71040
        },
        "2012-03": {
            "month": "2012-03",
            "price": "54.14",
            "revenue": 80565
        },
        "2012-04": {
            "month": "2012-04",
            "price": "51.20",
            "revenue": 34528
        },
        "2012-05": {
            "month": "2012-05",
            "price": "45.58",
            "revenue": 53301
        },
        "2012-06": {
            "month": "2012-06",
            "price": "37.23",
            "revenue": 57565
        },
        "2012-07": {
            "month": "2012-07",
            "price": "41.25",
            "revenue": 31561
        },
        "2012-08": {
            "month": "2012-08",
            "price": "38.16",
            "revenue": 33508
        },
        "2012-09": {
            "month": "2012-09",
            "price": "38.23",
            "revenue": 58042
        },
        "2012-10": {
            "month": "2012-10",
            "price": "34.46",
            "revenue": 83256
        },
        "2012-11": {
            "month": "2012-11",
            "price": "31.18",
            "revenue": 51107
        },
        "2012-12": {
            "month": "2012-12",
            "price": "33.11",
            "revenue": 101968
        },
        "2013-01": {
            "month": "2013-01",
            "price": "36.03",
            "revenue": 28925
        },
        "2013-02": {
            "month": "2013-02",
            "price": "37.68",
            "revenue": 16857
        },
        "2013-03": {
            "month": "2013-03",
            "price": "36.63",
            "revenue": 25458
        },
        "2013-04": {
            "month": "2013-04",
            "price": "38.32",
            "revenue": 32443
        },
        "2013-05": {
            "month": "2013-05",
            "price": "38.72",
            "revenue": 29562
        },
        "2013-06": {
            "month": "2013-06",
            "price": "37.03",
            "revenue": 8934
        },
        "2013-07": {
            "month": "2013-07",
            "price": "35.98",
            "revenue": 12825
        },
        "2013-08": {
            "month": "2013-08",
            "price": "37.54",
            "revenue": 9249
        },
        "2013-09": {
            "month": "2013-09",
            "price": "38.16",
            "revenue": 19028
        },
        "2013-10": {
            "month": "2013-10",
            "price": "44.62",
            "revenue": 19591
        },
        "2013-11": {
            "month": "2013-11",
            "price": "41.24",
            "revenue": 25322
        },
        "2013-12": {
            "month": "2013-12",
            "price": "43.64",
            "revenue": 16053
        },
        "2014-01": {
            "month": "2014-01",
            "price": "45.02",
            "revenue": 14430
        },
        "2014-02": {
            "month": "2014-02",
            "price": "44.67",
            "revenue": 28306
        },
        "2014-03": {
            "month": "2014-03",
            "price": "44.56",
            "revenue": 32835
        },
        "2014-04": {
            "month": "2014-04",
            "price": "43.20",
            "revenue": 13193
        },
        "2014-05": {
            "month": "2014-05",
            "price": "39.70",
            "revenue": 11952
        },
        "2014-06": {
            "month": "2014-06",
            "price": "39.21",
            "revenue": 8294
        },
        "2014-07": {
            "month": "2014-07",
            "price": "39.05",
            "revenue": 6000
        },
        "2014-08": {
            "month": "2014-08",
            "price": "37.61",
            "revenue": 4522
        },
        "2014-09": {
            "month": "2014-09",
            "price": "37.32",
            "revenue": 5120
        },
        "2014-10": {
            "month": "2014-10",
            "price": "32.03",
            "revenue": 7967
        },
        "2014-11": {
            "month": "2014-11",
            "price": "30.79",
            "revenue": 10270
        },
        "2014-12": {
            "month": "2014-12",
            "price": "30.87",
            "revenue": 24751
        },
        "2015-01": {
            "month": "2015-01",
            "price": "31.27",
            "revenue": 6542
        },
        "2015-02": {
            "month": "2015-02",
            "price": "30.54",
            "revenue": 6184
        },
        "2015-03": {
            "month": "2015-03",
            "price": "29.95",
            "revenue": 13411
        },
        "2015-04": {
            "month": "2015-04",
            "price": "28.02",
            "revenue": 15619
        },
        "2015-05": {
            "month": "2015-05",
            "price": "27.35",
            "revenue": 9683
        },
        "2015-06": {
            "month": "2015-06",
            "price": "30.45",
            "revenue": 9300
        },
        "2015-07": {
            "month": "2015-07",
            "price": "30.28",
            "revenue": 4451
        },
        "2015-08": {
            "month": "2015-08",
            "price": "22.17",
            "revenue": 5440
        },
        "2015-09": {
            "month": "2015-09",
            "price": "21.55",
            "revenue": 30560
        },
        "2015-10": {
            "month": "2015-10",
            "price": "23.00",
            "revenue": 13257
        },
        "2015-11": {
            "month": "2015-11",
            "price": "20.83",
            "revenue": 7479
        },
        "2015-12": {
            "month": "2015-12",
            "price": "19.70",
            "revenue": 7652
        },
        "2016-01": {
            "month": "2016-01",
            "price": "18.54",
            "revenue": 86006
        },
        "2016-02": {
            "month": "2016-02",
            "price": "30.07",
            "revenue": 48504
        },
        "2016-03": {
            "month": "2016-03",
            "price": "51.71",
            "revenue": 5389
        },
        "2016-04": {
            "month": "2016-04",
            "price": "41.41",
            "revenue": 4708
        },
        "2016-05": {
            "month": "2016-05",
            "price": "33.20",
            "revenue": 12155
        },
        "2016-06": {
            "month": "2016-06",
            "price": "38.24",
            "revenue": 4790
        },
        "2016-07": {
            "month": "2016-07",
            "price": "37.00",
            "revenue": 7060
        },
        "2016-08": {
            "month": "2016-08",
            "price": "36.89",
            "revenue": 3396
        },
        "2016-09": {
            "month": "2016-09",
            "price": "34.78",
            "revenue": 5696
        },
        "2016-10": {
            "month": "2016-10",
            "price": "29.19",
            "revenue": 10992
        },
        "2016-11": {
            "month": "2016-11",
            "price": "26.87",
            "revenue": 2276
        },
        "2016-12": {
            "month": "2016-12",
            "price": "28.22",
            "revenue": 1979
        },
        "2017-01": {
            "month": "2017-01",
            "price": "26.46",
            "revenue": 1426
        },
        "2017-02": {
            "month": "2017-02",
            "price": "23.86",
            "revenue": 1589
        },
        "2017-03": {
            "month": "2017-03",
            "price": "20.56",
            "revenue": 2997
        },
        "2017-04": {
            "month": "2017-04",
            "price": "25.36",
            "revenue": 2287
        },
        "2017-05": {
            "month": "2017-05",
            "price": "20.44",
            "revenue": 3681
        },
        "2017-06": {
            "month": "2017-06",
            "price": "17.90",
            "revenue": 2497
        },
        "2017-07": {
            "month": "2017-07",
            "price": "15.90",
            "revenue": 2057
        },
        "2017-08": {
            "month": "2017-08",
            "price": "15.65",
            "revenue": 2978
        },
        "2017-09": {
            "month": "2017-09",
            "price": "15.18",
            "revenue": 2035
        },
        "2017-10": {
            "month": "2017-10",
            "price": "14.51",
            "revenue": 9641
        },
        "2017-11": {
            "month": "2017-11",
            "price": "12.14",
            "revenue": 15165
        },
        "2017-12": {
            "month": "2017-12",
            "price": "12.61",
            "revenue": 1689
        },
        "2018-01": {
            "month": "2018-01",
            "price": "13.16",
            "revenue": 3573
        },
        "2018-02": {
            "month": "2018-02",
            "price": "12.30",
            "revenue": 3086
        },
        "2018-03": {
            "month": "2018-03",
            "price": "13.89",
            "revenue": 3781
        },
        "2018-04": {
            "month": "2018-04",
            "price": "19.95",
            "revenue": 3216
        },
        "2018-05": {
            "month": "2018-05",
            "price": "20.90",
            "revenue": 3015
        },
        "2018-06": {
            "month": "2018-06",
            "price": "21.24",
            "revenue": 2714
        },
        "2018-07": {
            "month": "2018-07",
            "price": "20.61",
            "revenue": 14303
        },
        "2018-08": {
            "month": "2018-08",
            "price": "19.42",
            "revenue": 5485
        },
        "2018-09": {
            "month": "2018-09",
            "price": "15.76",
            "revenue": 20366
        },
        "2018-10": {
            "month": "2018-10",
            "price": "18.22",
            "revenue": 25153
        },
        "2018-11": {
            "month": "2018-11",
            "price": "22.88",
            "revenue": 26401
        },
        "2018-12": {
            "month": "2018-12",
            "price": "27.51",
            "revenue": 30310
        },
        "2019-01": {
            "month": "2019-01",
            "price": "31.47",
            "revenue": 25258
        },
        "2019-02": {
            "month": "2019-02",
            "price": "30.38",
            "revenue": 27373
        },
        "2019-03": {
            "month": "2019-03",
            "price": "29.22",
            "revenue": 9721
        },
        "2019-04": {
            "month": "2019-04",
            "price": "21.98",
            "revenue": 10173
        },
        "2019-05": {
            "month": "2019-05",
            "price": "16.12",
            "revenue": 8079
        },
        "2019-06": {
            "month": "2019-06",
            "price": "14.80",
            "revenue": 8027
        },
        "2019-07": {
            "month": "2019-07",
            "price": "16.84",
            "revenue": 7938
        },
        "2019-08": {
            "month": "2019-08",
            "price": "17.96",
            "revenue": 9073
        },
        "2019-09": {
            "month": "2019-09",
            "price": "17.13",
            "revenue": 10055
        },
        "2019-10": {
            "month": "2019-10",
            "price": "15.45",
            "revenue": 10094
        },
        "2019-11": {
            "month": "2019-11",
            "price": "15.49",
            "revenue": 10125
        },
        "2019-12": {
            "month": "2019-12",
            "price": "13.33",
            "revenue": 11498
        },
        "2020-01": {
            "month": "2020-01",
            "price": "13.56",
            "revenue": 6353
        },
        "2020-02": {
            "month": "2020-02",
            "price": "12.66",
            "revenue": 8193
        },
        "2020-03": {
            "month": "2020-03",
            "price": "12.61",
            "revenue": 22024
        },
        "2020-04": {
            "month": "2020-04",
            "price": "15.02",
            "revenue": 38838
        },
        "2020-05": {
            "month": "2020-05",
            "price": "13.89",
            "revenue": 37851
        },
        "2020-06": {
            "month": "2020-06",
            "price": "17.62",
            "revenue": 33231
        },
        "2020-07": {
            "month": "2020-07",
            "price": "20.02",
            "revenue": 34919
        },
        "2020-08": {
            "month": "2020-08",
            "price": "16.45",
            "revenue": 36944
        },
        "2020-09": {
            "month": "2020-09",
            "price": "13.01",
            "revenue": 36791
        },
        "2020-10": {
            "month": "2020-10",
            "price": "36.26",
            "revenue": 33314
        },
        "2020-11": {
            "month": "2020-11",
            "price": "36.01",
            "revenue": 33341
        },
        "2020-12": {
            "month": "2020-12",
            "price": "30.13",
            "revenue": 32820
        },
        "2021-01": {
            "month": "2021-01",
            "price": "28.86",
            "revenue": 29807
        },
        "2021-02": {
            "month": "2021-02",
            "price": "25.01",
            "revenue": 24604
        },
        "2021-03": {
            "month": "2021-03",
            "price": "23.23",
            "revenue": 44162
        },
        "2021-04": {
            "month": "2021-04",
            "price": "28.30",
            "revenue": 24984
        },
        "2021-05": {
            "month": "2021-05",
            "price": "26.13",
            "revenue": 23100
        },
        "2021-06": {
            "month": "2021-06",
            "price": "25.08",
            "revenue": 15717
        },
        "2021-07": {
            "month": "2021-07",
            "price": "21.32",
            "revenue": 10533
        },
        "2021-08": {
            "month": "2021-08",
            "price": "16.82",
            "revenue": 10178
        },
        "2021-09": {
            "month": "2021-09",
            "price": "15.16",
            "revenue": 10082
        },
        "2021-10": {
            "month": "2021-10",
            "price": "15.22",
            "revenue": 10384
        },
        "2021-11": {
            "month": "2021-11",
            "price": "14.11",
            "revenue": 18298
        },
        "2021-12": {
            "month": "2021-12",
            "price": "15.52",
            "revenue": 16111
        },
        "2022-01": {
            "month": "2022-01",
            "price": "16.76",
            "revenue": 10351
        },
        "2022-02": {
            "month": "2022-02",
            "price": "14.74",
            "revenue": 7817
        },
        "2022-03": {
            "month": "2022-03",
            "price": "13.73",
            "revenue": 6167
        },
        "2022-04": {
            "month": "2022-04",
            "price": "13.93",
            "revenue": 6635
        },
        "2022-05": {
            "month": "2022-05",
            "price": "11.62",
            "revenue": 6390
        },
        "2022-06": {
            "month": "2022-06",
            "price": "11.28",
            "revenue": 6389
        },
        "2022-07": {
            "month": "2022-07",
            "price": "11.23",
            "revenue": 6727
        },
        "2022-08": {
            "month": "2022-08",
            "price": "11.91",
            "revenue": 6430
        },
        "2022-09": {
            "month": "2022-09",
            "price": "12.54",
            "revenue": 6657
        },
        "2022-10": {
            "month": "2022-10",
            "price": "11.24",
            "revenue": 6575
        },
        "2022-11": {
            "month": "2022-11",
            "price": "11.11",
            "revenue": 6648
        },
        "2022-12": {
            "month": "2022-12",
            "price": "11.89",
            "revenue": 7488
        },
        "2023-01": {
            "month": "2023-01",
            "price": "13.67",
            "revenue": 6967
        },
        "2023-02": {
            "month": "2023-02",
            "price": "14.13",
            "revenue": 6390
        },
        "2023-03": {
            "month": "2023-03",
            "price": "14.46",
            "revenue": 6784
        },
        "2023-04": {
            "month": "2023-04",
            "price": "13.23",
            "revenue": 6458
        },
        "2023-05": {
            "month": "2023-05",
            "price": "13.51",
            "revenue": 6480
        },
        "2023-06": {
            "month": "2023-06",
            "price": "14.29",
            "revenue": 6868
        },
        "2023-07": {
            "month": "2023-07",
            "price": "14.86",
            "revenue": 6752
        },
        "2023-08": {
            "month": "2023-08",
            "price": "14.28",
            "revenue": 6665
        },
        "2023-09": {
            "month": "2023-09",
            "price": "13.52",
            "revenue": 15520
        },
        "2023-10": {
            "month": "2023-10",
            "price": "11.25",
            "revenue": 6677
        },
        "2023-11": {
            "month": "2023-11",
            "price": "11.75",
            "revenue": 6714
        },
        "2023-12": {
            "month": "2023-12",
            "price": "11.62",
            "revenue": 6321
        }
    }
}
