{
    "summary": {
        "stock_name": "李洲",
        "stock_id": "3066",
        "category": "光電",
        "main_business": "發光二極體指示燈<br>發光二極體顯示器<br>光電零組件",
        "website_url": "http://www.oasistek.com",
        "ceo": "葉銘城",
        "pe_ratio": 16,
        "report_year_from": 2001,
        "report_year_to": 2023,
        "age": 23,
        "eps_negative_percentage": 59,
        "eps_growth_avg": {
            "last_all": 7.42,
            "last_2y": 11.06,
            "last_4y": 33.29,
            "last_8y": 33.29,
            "last_12y": 33.29,
            "last_16y": 6.63,
            "last_20y": null,
            "at_2006_last_3y": null,
            "at_2007_last_3y": -18.79,
            "at_2008_last_3y": -44.41,
            "at_2009_last_3y": -75.54,
            "at_2010_last_3y": -100,
            "at_2011_last_3y": null,
            "at_2012_last_3y": null,
            "at_2013_last_3y": null,
            "at_2014_last_3y": null,
            "at_2015_last_3y": null,
            "at_2016_last_3y": null,
            "at_2017_last_3y": null,
            "at_2018_last_3y": null,
            "at_2019_last_3y": null,
            "at_2020_last_3y": 100,
            "at_2021_last_3y": 100,
            "at_2022_last_3y": 77.72,
            "at_2023_last_3y": 33.29,
            "at_2024_last_3y": 33.29,
            "at_2006_last_all": 8.4,
            "at_2007_last_all": -13.28,
            "at_2008_last_all": -13.28,
            "at_2009_last_all": -13.28,
            "at_2010_last_all": -13.28,
            "at_2011_last_all": -13.28,
            "at_2012_last_all": -13.28,
            "at_2013_last_all": -13.28,
            "at_2014_last_all": -13.28,
            "at_2015_last_all": -13.28,
            "at_2016_last_all": -13.28,
            "at_2017_last_all": -13.28,
            "at_2018_last_all": -13.28,
            "at_2019_last_all": -13.28,
            "at_2020_last_all": 5.6,
            "at_2021_last_all": 19.09,
            "at_2022_last_all": 20.85,
            "at_2023_last_all": 7.42,
            "at_2024_last_all": 7.42
        },
        "latest_eps": 1.07,
        "latest_price": 16.8,
        "latest_roe": 2.44,
        "latest_gross_margin": 22.93,
        "latest_equity": 1137623,
        "latest_revenue": 55079,
        "latest_gross_profit": 12629,
        "latest_net_income": -3649,
        "latest_debt_ratio": 29.04,
        "latest_current_ratio": 177.75,
        "latest_account_receivable_turnover_ratio": 0.95,
        "latest_inventory_turnover_ratio": 1.01,
        "latest_reinvestment_rate": -64.7,
        "latest_research_to_sale_ratio": 4.4
    },
    "eps_dividends": {
        "2001": {
            "cash": 0,
            "stock": 0,
            "eps": 1.14
        },
        "2002": {
            "cash": 0.3,
            "stock": 1,
            "eps": 0
        },
        "2003": {
            "cash": 0.5,
            "stock": 0.5,
            "eps": 1.24
        },
        "2004": {
            "cash": 0.7,
            "stock": 0.7,
            "eps": 1.96
        },
        "2005": {
            "cash": 0.75,
            "stock": 0.75,
            "eps": 2.31
        },
        "2006": {
            "cash": 0.9,
            "stock": 1.1,
            "eps": 1.13
        },
        "2007": {
            "cash": 0.18,
            "stock": 0.89,
            "eps": -0.99
        },
        "2008": {
            "cash": 0,
            "stock": 0,
            "eps": -2.63
        },
        "2009": {
            "cash": 0,
            "stock": 0,
            "eps": -1.4
        },
        "2010": {
            "cash": 0,
            "stock": 0,
            "eps": -0.07
        },
        "2011": {
            "cash": 0,
            "stock": 0,
            "eps": -2.61
        },
        "2012": {
            "cash": 0,
            "stock": 0,
            "eps": -0.84
        },
        "2013": {
            "cash": 0,
            "stock": 0,
            "eps": -1.51
        },
        "2014": {
            "cash": 0,
            "stock": 0,
            "eps": -0.8
        },
        "2015": {
            "cash": 0,
            "stock": 0,
            "eps": -1.77
        },
        "2016": {
            "cash": 0,
            "stock": 0,
            "eps": -1.59
        },
        "2017": {
            "cash": 0,
            "stock": 0,
            "eps": -0.13
        },
        "2018": {
            "cash": 0,
            "stock": 0,
            "eps": -0.01
        },
        "2019": {
            "cash": 0,
            "stock": 0,
            "eps": 0.21
        },
        "2020": {
            "cash": 0,
            "stock": 0,
            "eps": 0.54
        },
        "2021": {
            "cash": 0,
            "stock": 0,
            "eps": 2.08
        },
        "2022": {
            "cash": 0,
            "stock": 0,
            "eps": 2.77
        },
        "2023": {
            "cash": 0,
            "stock": 0,
            "eps": -1.08
        }
    },
    "dividends": {
        "2002-06-29": {
            "cash": 0.3,
            "stock": 1
        },
        "2003-06-21": {
            "cash": 0.5,
            "stock": 0.5
        },
        "2004-03-27": {
            "cash": 0.7,
            "stock": 0.7
        },
        "2005-03-29": {
            "cash": 0.75,
            "stock": 0.75
        },
        "2006-03-31": {
            "cash": 0.9,
            "stock": 1.1
        },
        "2007-04-21": {
            "cash": 0.18,
            "stock": 0.89
        }
    },
    "prices": {
        "200101": "無",
        "200102": "無",
        "200103": "無",
        "200104": "無",
        "200105": "無",
        "200106": "無",
        "200107": "無",
        "200108": "無",
        "200109": "無",
        "200110": "無",
        "200111": "無",
        "200112": "無",
        "200201": "無",
        "200202": "無",
        "200203": "無",
        "200204": "無",
        "200205": "無",
        "200206": "無",
        "200207": "無",
        "200208": "無",
        "200209": "無",
        "200210": "無",
        "200211": "無",
        "200212": "無",
        "200301": "無",
        "200302": "無",
        "200303": "無",
        "200304": "無",
        "200305": "無",
        "200306": "無",
        "200307": "無",
        "200308": "無",
        "200309": "無",
        "200310": "11.33",
        "200311": "11.64",
        "200312": "13.54",
        "200401": "15.04",
        "200402": "14.61",
        "200403": "14.87",
        "200404": "16.65",
        "200405": "16.86",
        "200406": "16.87",
        "200407": "16.89",
        "200408": "15.63",
        "200409": "16.12",
        "200410": "16.53",
        "200411": "16.44",
        "200412": "14.50",
        "200501": "15.11",
        "200502": "16.78",
        "200503": "16.56",
        "200504": "15.95",
        "200505": "15.55",
        "200506": "16.22",
        "200507": "16.59",
        "200508": "18.14",
        "200509": "24.72",
        "200510": "24.04",
        "200511": "24.06",
        "200512": "29.28",
        "200601": "29.89",
        "200602": "29.45",
        "200603": "31.10",
        "200604": "37.23",
        "200605": "38.55",
        "200606": "35.92",
        "200607": "33.82",
        "200608": "32.81",
        "200609": "29.61",
        "200610": "28.02",
        "200611": "26.52",
        "200612": "29.71",
        "200701": "29.84",
        "200702": "29.56",
        "200703": "30.48",
        "200704": "29.50",
        "200705": "27.99",
        "200706": "32.76",
        "200707": "41.33",
        "200708": "40.42",
        "200709": "36.88",
        "200710": "36.82",
        "200711": "28.57",
        "200712": "22.54",
        "200801": "18.82",
        "200802": "17.46",
        "200803": "18.55",
        "200804": "18.86",
        "200805": "19.42",
        "200806": "16.28",
        "200807": "11.42",
        "200808": "10.95",
        "200809": "8.51",
        "200810": "6.39",
        "200811": "4.27",
        "200812": "4.43",
        "200901": "5.00",
        "200902": "5.43",
        "200903": "7.00",
        "200904": "9.37",
        "200905": "10.47",
        "200906": "10.43",
        "200907": "11.56",
        "200908": "12.14",
        "200909": "12.92",
        "200910": "16.44",
        "200911": "15.02",
        "200912": "16.00",
        "201001": "14.45",
        "201002": "12.22",
        "201003": "13.39",
        "201004": "14.00",
        "201005": "12.15",
        "201006": "12.09",
        "201007": "13.04",
        "201008": "12.46",
        "201009": "11.85",
        "201010": "11.19",
        "201011": "10.73",
        "201012": "12.92",
        "201101": "12.69",
        "201102": "11.97",
        "201103": "11.88",
        "201104": "10.90",
        "201105": "9.73",
        "201106": "9.56",
        "201107": "9.79",
        "201108": "8.26",
        "201109": "7.82",
        "201110": "7.51",
        "201111": "6.24",
        "201112": "5.86",
        "201201": "5.79",
        "201202": "6.92",
        "201203": "6.69",
        "201204": "6.10",
        "201205": "6.02",
        "201206": "5.78",
        "201207": "5.62",
        "201208": "5.84",
        "201209": "5.92",
        "201210": "5.96",
        "201211": "5.81",
        "201212": "5.87",
        "201301": "6.42",
        "201302": "6.47",
        "201303": "6.52",
        "201304": "6.57",
        "201305": "6.63",
        "201306": "6.60",
        "201307": "6.45",
        "201308": "6.46",
        "201309": "6.59",
        "201310": "6.68",
        "201311": "6.78",
        "201312": "6.77",
        "201401": "9.01",
        "201402": "8.95",
        "201403": "8.49",
        "201404": "5.58",
        "201405": "5.62",
        "201406": "5.71",
        "201407": "5.96",
        "201408": "5.89",
        "201409": "5.84",
        "201410": "5.39",
        "201411": "4.83",
        "201412": "7.89",
        "201501": "8.97",
        "201502": "8.57",
        "201503": "9.02",
        "201504": "8.74",
        "201505": "8.44",
        "201506": "8.36",
        "201507": "7.39",
        "201508": "7.30",
        "201509": "7.00",
        "201510": "6.97",
        "201511": "7.74",
        "201512": "8.02",
        "201601": "8.07",
        "201602": "7.96",
        "201603": "7.86",
        "201604": "7.50",
        "201605": "7.43",
        "201606": "7.30",
        "201607": "6.95",
        "201608": "7.08",
        "201609": "7.03",
        "201610": "6.98",
        "201611": "6.51",
        "201612": "7.14",
        "201701": "6.64",
        "201702": "6.33",
        "201703": "6.46",
        "201704": "7.96",
        "201705": "8.26",
        "201706": "7.60",
        "201707": "7.42",
        "201708": "6.73",
        "201709": "7.31",
        "201710": "7.38",
        "201711": "7.20",
        "201712": "7.16",
        "201801": "7.09",
        "201802": "6.73",
        "201803": "7.05",
        "201804": "6.98",
        "201805": "7.07",
        "201806": "7.16",
        "201807": "6.84",
        "201808": "6.46",
        "201809": "6.18",
        "201810": "5.85",
        "201811": "5.87",
        "201812": "5.92",
        "201901": "6.24",
        "201902": "5.92",
        "201903": "5.93",
        "201904": "6.59",
        "201905": "6.90",
        "201906": "7.41",
        "201907": "7.38",
        "201908": "6.72",
        "201909": "6.64",
        "201910": "7.16",
        "201911": "7.66",
        "201912": "7.94",
        "202001": "7.81",
        "202002": "7.03",
        "202003": "6.09",
        "202004": "5.91",
        "202005": "6.43",
        "202006": "5.91",
        "202007": "6.03",
        "202008": "6.21",
        "202009": "7.20",
        "202010": "7.69",
        "202011": "7.41",
        "202012": "7.32",
        "202101": "7.47",
        "202102": "7.92",
        "202103": "13.86",
        "202104": "14.75",
        "202105": "11.93",
        "202106": "12.30",
        "202107": "13.64",
        "202108": "13.78",
        "202109": "12.77",
        "202110": "12.28",
        "202111": "16.55",
        "202112": "30.06",
        "202201": "27.52",
        "202202": "37.92",
        "202203": "40.55",
        "202204": "37.81",
        "202205": "30.22",
        "202206": "28.50",
        "202207": "22.52",
        "202208": "30.33",
        "202209": "28.13",
        "202210": "22.01",
        "202211": "24.60",
        "202212": "24.13",
        "202301": "24.52",
        "202302": "24.10",
        "202303": "25.34",
        "202304": "24.29",
        "202305": "22.04",
        "202306": "21.77",
        "202307": "19.84",
        "202308": "17.93",
        "202309": "18.32",
        "202310": "17.56",
        "202311": "16.89",
        "202312": "17.08"
    },
    "quarters": {
        "20011": {
            "year_quarter": 20011,
            "year": 2001,
            "quarter": 1,
            "eps": null,
            "eps_growth_year": null,
            "eps_4q": null,
            "eps_4q_growth_year": null,
            "roe": null,
            "roe_4q": 0,
            "gross_profit": null,
            "gross_margin": null,
            "gross_margin_4q_avg": 0,
            "net_income": null,
            "net_income_4q": null,
            "revenue": null,
            "revenue_4q": null,
            "common_shares": null,
            "book_valuer_per_share": null,
            "book_valuer_per_share_4q_avg": 0,
            "equity": null,
            "current_ratio": null,
            "debt_ratio": null,
            "inventory_turnover_ratio": null,
            "account_receivable_turnover_ratio": null,
            "reinvestment_rate": null,
            "research_to_sale_ratio": null,
            "price_fair": 0,
            "eps_avg_yearly": 0,
            "eps_latest_yearly": 0,
            "eps_growth_yearly": 0
        },
        "20012": {
            "year_quarter": 20012,
            "year": 2001,
            "quarter": 2,
            "eps": null,
            "eps_growth_year": null,
            "eps_4q": null,
            "eps_4q_growth_year": null,
            "roe": null,
            "roe_4q": 0,
            "gross_profit": null,
            "gross_margin": null,
            "gross_margin_4q_avg": 0,
            "net_income": null,
            "net_income_4q": null,
            "revenue": null,
            "revenue_4q": null,
            "common_shares": null,
            "book_valuer_per_share": null,
            "book_valuer_per_share_4q_avg": 0,
            "equity": null,
            "current_ratio": null,
            "debt_ratio": null,
            "inventory_turnover_ratio": null,
            "account_receivable_turnover_ratio": null,
            "reinvestment_rate": null,
            "research_to_sale_ratio": null,
            "price_fair": 0,
            "eps_avg_yearly": 0,
            "eps_latest_yearly": 0,
            "eps_growth_yearly": 0
        },
        "20013": {
            "year_quarter": 20013,
            "year": 2001,
            "quarter": 3,
            "eps": 0.83,
            "eps_growth_year": null,
            "eps_4q": null,
            "eps_4q_growth_year": null,
            "roe": 5.65,
            "roe_4q": 5.65,
            "gross_profit": 410266,
            "gross_margin": 147.43,
            "gross_margin_4q_avg": 49.14,
            "net_income": 59767,
            "net_income_4q": null,
            "revenue": 278284,
            "revenue_4q": null,
            "common_shares": 720000,
            "book_valuer_per_share": 14.7,
            "book_valuer_per_share_4q_avg": 4.9,
            "equity": 1058528,
            "current_ratio": 140.52,
            "debt_ratio": 41.05,
            "inventory_turnover_ratio": null,
            "account_receivable_turnover_ratio": null,
            "reinvestment_rate": null,
            "research_to_sale_ratio": null,
            "price_fair": 0,
            "eps_avg_yearly": 0,
            "eps_latest_yearly": 0,
            "eps_growth_yearly": 0
        },
        "20014": {
            "year_quarter": 20014,
            "year": 2001,
            "quarter": 4,
            "eps": 0.31,
            "eps_growth_year": null,
            "eps_4q": null,
            "eps_4q_growth_year": null,
            "roe": 2.26,
            "roe_4q": 7.91,
            "gross_profit": -245998,
            "gross_margin": -62.52,
            "gross_margin_4q_avg": 21.23,
            "net_income": 24277,
            "net_income_4q": null,
            "revenue": 393463,
            "revenue_4q": null,
            "common_shares": 792000,
            "book_valuer_per_share": 13.72,
            "book_valuer_per_share_4q_avg": 7.11,
            "equity": 1086867,
            "current_ratio": 116.45,
            "debt_ratio": 44.93,
            "inventory_turnover_ratio": 2.35,
            "account_receivable_turnover_ratio": null,
            "reinvestment_rate": null,
            "research_to_sale_ratio": null,
            "price_fair": 0,
            "eps_avg_yearly": 0,
            "eps_latest_yearly": 0,
            "eps_growth_yearly": 0
        },
        "20021": {
            "year_quarter": 20021,
            "year": 2002,
            "quarter": 1,
            "eps": null,
            "eps_growth_year": null,
            "eps_4q": null,
            "eps_4q_growth_year": null,
            "roe": null,
            "roe_4q": 7.91,
            "gross_profit": null,
            "gross_margin": null,
            "gross_margin_4q_avg": 21.23,
            "net_income": null,
            "net_income_4q": null,
            "revenue": null,
            "revenue_4q": null,
            "common_shares": null,
            "book_valuer_per_share": null,
            "book_valuer_per_share_4q_avg": 7.11,
            "equity": null,
            "current_ratio": null,
            "debt_ratio": null,
            "inventory_turnover_ratio": null,
            "account_receivable_turnover_ratio": null,
            "reinvestment_rate": null,
            "research_to_sale_ratio": null,
            "price_fair": 0,
            "eps_avg_yearly": 0,
            "eps_latest_yearly": 0,
            "eps_growth_yearly": 0
        },
        "20022": {
            "year_quarter": 20022,
            "year": 2002,
            "quarter": 2,
            "eps": null,
            "eps_growth_year": null,
            "eps_4q": null,
            "eps_4q_growth_year": null,
            "roe": null,
            "roe_4q": 7.91,
            "gross_profit": null,
            "gross_margin": null,
            "gross_margin_4q_avg": 21.23,
            "net_income": null,
            "net_income_4q": null,
            "revenue": null,
            "revenue_4q": null,
            "common_shares": null,
            "book_valuer_per_share": null,
            "book_valuer_per_share_4q_avg": 7.11,
            "equity": null,
            "current_ratio": null,
            "debt_ratio": null,
            "inventory_turnover_ratio": null,
            "account_receivable_turnover_ratio": null,
            "reinvestment_rate": null,
            "research_to_sale_ratio": null,
            "price_fair": 0,
            "eps_avg_yearly": 0,
            "eps_latest_yearly": 0,
            "eps_growth_yearly": 0
        },
        "20023": {
            "year_quarter": 20023,
            "year": 2002,
            "quarter": 3,
            "eps": null,
            "eps_growth_year": null,
            "eps_4q": null,
            "eps_4q_growth_year": null,
            "roe": null,
            "roe_4q": 2.26,
            "gross_profit": null,
            "gross_margin": null,
            "gross_margin_4q_avg": -15.63,
            "net_income": null,
            "net_income_4q": null,
            "revenue": null,
            "revenue_4q": null,
            "common_shares": null,
            "book_valuer_per_share": null,
            "book_valuer_per_share_4q_avg": 3.43,
            "equity": null,
            "current_ratio": null,
            "debt_ratio": null,
            "inventory_turnover_ratio": null,
            "account_receivable_turnover_ratio": null,
            "reinvestment_rate": null,
            "research_to_sale_ratio": null,
            "price_fair": 0,
            "eps_avg_yearly": 0,
            "eps_latest_yearly": 0,
            "eps_growth_yearly": 0
        },
        "20024": {
            "year_quarter": 20024,
            "year": 2002,
            "quarter": 4,
            "eps": null,
            "eps_growth_year": null,
            "eps_4q": null,
            "eps_4q_growth_year": null,
            "roe": null,
            "roe_4q": 0,
            "gross_profit": null,
            "gross_margin": null,
            "gross_margin_4q_avg": 0,
            "net_income": null,
            "net_income_4q": null,
            "revenue": null,
            "revenue_4q": null,
            "common_shares": 873995,
            "book_valuer_per_share": 12.7,
            "book_valuer_per_share_4q_avg": 3.18,
            "equity": 1112793,
            "current_ratio": 111.71,
            "debt_ratio": 45.04,
            "inventory_turnover_ratio": null,
            "account_receivable_turnover_ratio": null,
            "reinvestment_rate": null,
            "research_to_sale_ratio": null,
            "price_fair": 0,
            "eps_avg_yearly": 0,
            "eps_latest_yearly": 0,
            "eps_growth_yearly": 0
        },
        "20031": {
            "year_quarter": 20031,
            "year": 2003,
            "quarter": 1,
            "eps": null,
            "eps_growth_year": null,
            "eps_4q": null,
            "eps_4q_growth_year": null,
            "roe": null,
            "roe_4q": 0,
            "gross_profit": null,
            "gross_margin": null,
            "gross_margin_4q_avg": 0,
            "net_income": null,
            "net_income_4q": null,
            "revenue": null,
            "revenue_4q": null,
            "common_shares": null,
            "book_valuer_per_share": null,
            "book_valuer_per_share_4q_avg": 3.18,
            "equity": null,
            "current_ratio": null,
            "debt_ratio": null,
            "inventory_turnover_ratio": null,
            "account_receivable_turnover_ratio": null,
            "reinvestment_rate": null,
            "research_to_sale_ratio": null,
            "price_fair": 0,
            "eps_avg_yearly": 0,
            "eps_latest_yearly": 0,
            "eps_growth_yearly": 0
        },
        "20032": {
            "year_quarter": 20032,
            "year": 2003,
            "quarter": 2,
            "eps": null,
            "eps_growth_year": null,
            "eps_4q": null,
            "eps_4q_growth_year": null,
            "roe": null,
            "roe_4q": 0,
            "gross_profit": null,
            "gross_margin": null,
            "gross_margin_4q_avg": 0,
            "net_income": null,
            "net_income_4q": null,
            "revenue": null,
            "revenue_4q": null,
            "common_shares": null,
            "book_valuer_per_share": null,
            "book_valuer_per_share_4q_avg": 3.18,
            "equity": null,
            "current_ratio": null,
            "debt_ratio": null,
            "inventory_turnover_ratio": null,
            "account_receivable_turnover_ratio": null,
            "reinvestment_rate": null,
            "research_to_sale_ratio": null,
            "price_fair": 0,
            "eps_avg_yearly": 0,
            "eps_latest_yearly": 0,
            "eps_growth_yearly": 0
        },
        "20033": {
            "year_quarter": 20033,
            "year": 2003,
            "quarter": 3,
            "eps": 0.46,
            "eps_growth_year": null,
            "eps_4q": null,
            "eps_4q_growth_year": null,
            "roe": 3.73,
            "roe_4q": 3.73,
            "gross_profit": 96851,
            "gross_margin": 29.87,
            "gross_margin_4q_avg": 7.47,
            "net_income": 42434,
            "net_income_4q": null,
            "revenue": 324202,
            "revenue_4q": null,
            "common_shares": 917695,
            "book_valuer_per_share": 12.41,
            "book_valuer_per_share_4q_avg": 6.28,
            "equity": 1138797,
            "current_ratio": 106.61,
            "debt_ratio": 42.58,
            "inventory_turnover_ratio": 3.98,
            "account_receivable_turnover_ratio": null,
            "reinvestment_rate": null,
            "research_to_sale_ratio": null,
            "price_fair": 0,
            "eps_avg_yearly": 0,
            "eps_latest_yearly": 0,
            "eps_growth_yearly": 0
        },
        "20034": {
            "year_quarter": 20034,
            "year": 2003,
            "quarter": 4,
            "eps": 0.78,
            "eps_growth_year": null,
            "eps_4q": null,
            "eps_4q_growth_year": null,
            "roe": 6.11,
            "roe_4q": 9.84,
            "gross_profit": 125261,
            "gross_margin": 34.37,
            "gross_margin_4q_avg": 16.06,
            "net_income": 71952,
            "net_income_4q": null,
            "revenue": 364404,
            "revenue_4q": null,
            "common_shares": 917695,
            "book_valuer_per_share": 13.17,
            "book_valuer_per_share_4q_avg": 6.4,
            "equity": 1215787,
            "current_ratio": 114.01,
            "debt_ratio": 42.98,
            "inventory_turnover_ratio": 1.47,
            "account_receivable_turnover_ratio": null,
            "reinvestment_rate": null,
            "research_to_sale_ratio": null,
            "price_fair": 109.2,
            "eps_avg_yearly": 3.12,
            "eps_latest_yearly": 3.12,
            "eps_growth_yearly": 278.26
        },
        "20041": {
            "year_quarter": 20041,
            "year": 2004,
            "quarter": 1,
            "eps": 0.66,
            "eps_growth_year": null,
            "eps_4q": null,
            "eps_4q_growth_year": null,
            "roe": 4.86,
            "roe_4q": 14.700000000000001,
            "gross_profit": 121407,
            "gross_margin": 30.63,
            "gross_margin_4q_avg": 23.72,
            "net_income": 60309,
            "net_income_4q": null,
            "revenue": 396391,
            "revenue_4q": null,
            "common_shares": 917695,
            "book_valuer_per_share": 13.82,
            "book_valuer_per_share_4q_avg": 9.85,
            "equity": 1268467,
            "current_ratio": 118.8,
            "debt_ratio": 38.75,
            "inventory_turnover_ratio": 1.78,
            "account_receivable_turnover_ratio": null,
            "reinvestment_rate": null,
            "research_to_sale_ratio": null,
            "price_fair": 100.8,
            "eps_avg_yearly": 2.88,
            "eps_latest_yearly": 2.64,
            "eps_growth_yearly": 108.36
        },
        "20042": {
            "year_quarter": 20042,
            "year": 2004,
            "quarter": 2,
            "eps": 0.51,
            "eps_growth_year": null,
            "eps_4q": 2.43,
            "eps_4q_growth_year": null,
            "roe": 3.7,
            "roe_4q": 18.400000000000002,
            "gross_profit": 110618,
            "gross_margin": 27.55,
            "gross_margin_4q_avg": 30.61,
            "net_income": 46466,
            "net_income_4q": null,
            "revenue": 401457,
            "revenue_4q": null,
            "common_shares": 917695,
            "book_valuer_per_share": 13.55,
            "book_valuer_per_share_4q_avg": 13.24,
            "equity": 1243184,
            "current_ratio": 117.75,
            "debt_ratio": 38.02,
            "inventory_turnover_ratio": 6.16,
            "account_receivable_turnover_ratio": null,
            "reinvestment_rate": null,
            "research_to_sale_ratio": null,
            "price_fair": 91,
            "eps_avg_yearly": 2.6,
            "eps_latest_yearly": 2.04,
            "eps_growth_yearly": 41.94
        },
        "20043": {
            "year_quarter": 20043,
            "year": 2004,
            "quarter": 3,
            "eps": 0.54,
            "eps_growth_year": 17.39,
            "eps_4q": 2.36,
            "eps_4q_growth_year": null,
            "roe": 4.17,
            "roe_4q": 18.84,
            "gross_profit": 94864,
            "gross_margin": 26.5,
            "gross_margin_4q_avg": 29.76,
            "net_income": 52958,
            "net_income_4q": null,
            "revenue": 357998,
            "revenue_4q": null,
            "common_shares": 982000,
            "book_valuer_per_share": 13.2,
            "book_valuer_per_share_4q_avg": 13.44,
            "equity": 1296142,
            "current_ratio": 139.07,
            "debt_ratio": 33.43,
            "inventory_turnover_ratio": 5.32,
            "account_receivable_turnover_ratio": null,
            "reinvestment_rate": null,
            "research_to_sale_ratio": null,
            "price_fair": 87.15,
            "eps_avg_yearly": 2.49,
            "eps_latest_yearly": 2.16,
            "eps_growth_yearly": 37.34
        },
        "20044": {
            "year_quarter": 20044,
            "year": 2004,
            "quarter": 4,
            "eps": 0.25,
            "eps_growth_year": -67.95,
            "eps_4q": 1.88,
            "eps_4q_growth_year": null,
            "roe": 1.87,
            "roe_4q": 14.600000000000001,
            "gross_profit": 75169,
            "gross_margin": 20.54,
            "gross_margin_4q_avg": 26.31,
            "net_income": 24493,
            "net_income_4q": null,
            "revenue": 365959,
            "revenue_4q": null,
            "common_shares": 982000,
            "book_valuer_per_share": 13.42,
            "book_valuer_per_share_4q_avg": 13.5,
            "equity": 1317467,
            "current_ratio": 136.69,
            "debt_ratio": 35.88,
            "inventory_turnover_ratio": 2.14,
            "account_receivable_turnover_ratio": null,
            "reinvestment_rate": null,
            "research_to_sale_ratio": null,
            "price_fair": 6.58,
            "eps_avg_yearly": 2.19,
            "eps_latest_yearly": 1,
            "eps_growth_yearly": -13.09
        },
        "20051": {
            "year_quarter": 20051,
            "year": 2005,
            "quarter": 1,
            "eps": 0.24,
            "eps_growth_year": -63.64,
            "eps_4q": 1.49,
            "eps_4q_growth_year": null,
            "roe": 1.79,
            "roe_4q": 11.530000000000001,
            "gross_profit": 94319,
            "gross_margin": 28.09,
            "gross_margin_4q_avg": 25.67,
            "net_income": 23844,
            "net_income_4q": null,
            "revenue": 335800,
            "revenue_4q": null,
            "common_shares": 982000,
            "book_valuer_per_share": 13.66,
            "book_valuer_per_share_4q_avg": 13.46,
            "equity": 1341310,
            "current_ratio": 159.99,
            "debt_ratio": 31.1,
            "inventory_turnover_ratio": 1.67,
            "account_receivable_turnover_ratio": null,
            "reinvestment_rate": null,
            "research_to_sale_ratio": null,
            "price_fair": 5.96,
            "eps_avg_yearly": 1.99,
            "eps_latest_yearly": 0.96,
            "eps_growth_yearly": -13.58
        },
        "20052": {
            "year_quarter": 20052,
            "year": 2005,
            "quarter": 2,
            "eps": 0.41,
            "eps_growth_year": -19.61,
            "eps_4q": 1.36,
            "eps_4q_growth_year": -44.08,
            "roe": 3.32,
            "roe_4q": 11.149999999999999,
            "gross_profit": 94156,
            "gross_margin": 26.11,
            "gross_margin_4q_avg": 25.31,
            "net_income": 43834,
            "net_income_4q": null,
            "revenue": 360553,
            "revenue_4q": null,
            "common_shares": 982000,
            "book_valuer_per_share": 13.25,
            "book_valuer_per_share_4q_avg": 13.38,
            "equity": 1301615,
            "current_ratio": 146.29,
            "debt_ratio": 32.91,
            "inventory_turnover_ratio": 4.81,
            "account_receivable_turnover_ratio": null,
            "reinvestment_rate": null,
            "research_to_sale_ratio": null,
            "price_fair": 67.8,
            "eps_avg_yearly": 1.94,
            "eps_latest_yearly": 1.64,
            "eps_growth_yearly": 28.84
        },
        "20053": {
            "year_quarter": 20053,
            "year": 2005,
            "quarter": 3,
            "eps": 0.77,
            "eps_growth_year": 42.59,
            "eps_4q": 1.64,
            "eps_4q_growth_year": -30.38,
            "roe": 6.04,
            "roe_4q": 13.02,
            "gross_profit": 112968,
            "gross_margin": 24.09,
            "gross_margin_4q_avg": 24.71,
            "net_income": 81130,
            "net_income_4q": null,
            "revenue": 468965,
            "revenue_4q": null,
            "common_shares": 1060000,
            "book_valuer_per_share": 13.04,
            "book_valuer_per_share_4q_avg": 13.34,
            "equity": 1382745,
            "current_ratio": 147.98,
            "debt_ratio": 30.74,
            "inventory_turnover_ratio": 7.66,
            "account_receivable_turnover_ratio": null,
            "reinvestment_rate": null,
            "research_to_sale_ratio": null,
            "price_fair": 72.8,
            "eps_avg_yearly": 2.08,
            "eps_latest_yearly": 3.08,
            "eps_growth_yearly": 69.14
        },
        "20054": {
            "year_quarter": 20054,
            "year": 2005,
            "quarter": 4,
            "eps": 0.89,
            "eps_growth_year": 256,
            "eps_4q": 2.3,
            "eps_4q_growth_year": 22.09,
            "roe": 6.57,
            "roe_4q": 17.72,
            "gross_profit": 145049,
            "gross_margin": 31.86,
            "gross_margin_4q_avg": 27.54,
            "net_income": 94217,
            "net_income_4q": null,
            "revenue": 455339,
            "revenue_4q": null,
            "common_shares": 1063145,
            "book_valuer_per_share": 13.96,
            "book_valuer_per_share_4q_avg": 13.48,
            "equity": 1483736,
            "current_ratio": 139.37,
            "debt_ratio": 33.72,
            "inventory_turnover_ratio": 2.03,
            "account_receivable_turnover_ratio": null,
            "reinvestment_rate": null,
            "research_to_sale_ratio": null,
            "price_fair": 78.56,
            "eps_avg_yearly": 2.24,
            "eps_latest_yearly": 3.56,
            "eps_growth_yearly": 68.38
        },
        "20061": {
            "year_quarter": 20061,
            "year": 2006,
            "quarter": 1,
            "eps": 0.3,
            "eps_growth_year": 25,
            "eps_4q": 2.35,
            "eps_4q_growth_year": 57.77,
            "roe": 2.13,
            "roe_4q": 18.06,
            "gross_profit": 121629,
            "gross_margin": 29.84,
            "gross_margin_4q_avg": 27.98,
            "net_income": 32131,
            "net_income_4q": null,
            "revenue": 407562,
            "revenue_4q": null,
            "common_shares": 1064025,
            "book_valuer_per_share": 14.43,
            "book_valuer_per_share_4q_avg": 13.67,
            "equity": 1535477,
            "current_ratio": 255.05,
            "debt_ratio": 33.18,
            "inventory_turnover_ratio": 1.82,
            "account_receivable_turnover_ratio": null,
            "reinvestment_rate": null,
            "research_to_sale_ratio": null,
            "price_fair": 74.9,
            "eps_avg_yearly": 2.14,
            "eps_latest_yearly": 1.2,
            "eps_growth_yearly": 35.02
        },
        "20062": {
            "year_quarter": 20062,
            "year": 2006,
            "quarter": 2,
            "eps": 0.88,
            "eps_growth_year": 114.63,
            "eps_4q": 2.83,
            "eps_4q_growth_year": 108.65,
            "roe": 6.11,
            "roe_4q": 20.85,
            "gross_profit": 140490,
            "gross_margin": 27.61,
            "gross_margin_4q_avg": 28.35,
            "net_income": 93516,
            "net_income_4q": null,
            "revenue": 508883,
            "revenue_4q": null,
            "common_shares": 1067372,
            "book_valuer_per_share": 14.28,
            "book_valuer_per_share_4q_avg": 13.93,
            "equity": 1523866,
            "current_ratio": 227.91,
            "debt_ratio": 35.64,
            "inventory_turnover_ratio": 6.87,
            "account_receivable_turnover_ratio": null,
            "reinvestment_rate": null,
            "research_to_sale_ratio": null,
            "price_fair": 79.29,
            "eps_avg_yearly": 2.27,
            "eps_latest_yearly": 3.52,
            "eps_growth_yearly": 102.14
        },
        "20063": {
            "year_quarter": 20063,
            "year": 2006,
            "quarter": 3,
            "eps": 0.27,
            "eps_growth_year": -64.94,
            "eps_4q": 2.09,
            "eps_4q_growth_year": 27.08,
            "roe": 2.1,
            "roe_4q": 16.91,
            "gross_profit": 93663,
            "gross_margin": 23.36,
            "gross_margin_4q_avg": 28.17,
            "net_income": 32613,
            "net_income_4q": null,
            "revenue": 401031,
            "revenue_4q": null,
            "common_shares": 1190711,
            "book_valuer_per_share": 13.25,
            "book_valuer_per_share_4q_avg": 13.98,
            "equity": 1577666,
            "current_ratio": 161.3,
            "debt_ratio": 38.61,
            "inventory_turnover_ratio": 6.24,
            "account_receivable_turnover_ratio": null,
            "reinvestment_rate": null,
            "research_to_sale_ratio": null,
            "price_fair": 75.83,
            "eps_avg_yearly": 2.17,
            "eps_latest_yearly": 1.08,
            "eps_growth_yearly": 70.53
        },
        "20064": {
            "year_quarter": 20064,
            "year": 2006,
            "quarter": 4,
            "eps": -0.32,
            "eps_growth_year": -135.96,
            "eps_4q": 1.01,
            "eps_4q_growth_year": -56,
            "roe": -2.46,
            "roe_4q": 7.88,
            "gross_profit": 68742,
            "gross_margin": 20.34,
            "gross_margin_4q_avg": 25.29,
            "net_income": -38254,
            "net_income_4q": null,
            "revenue": 337993,
            "revenue_4q": null,
            "common_shares": 1191864,
            "book_valuer_per_share": 12.9,
            "book_valuer_per_share_4q_avg": 13.72,
            "equity": 1536570,
            "current_ratio": 136.42,
            "debt_ratio": 43.48,
            "inventory_turnover_ratio": 1.8,
            "account_receivable_turnover_ratio": null,
            "reinvestment_rate": null,
            "research_to_sale_ratio": null,
            "price_fair": 75.83,
            "eps_avg_yearly": 2.17,
            "eps_latest_yearly": 1.08,
            "eps_growth_yearly": 70.53
        },
        "20071": {
            "year_quarter": 20071,
            "year": 2007,
            "quarter": 1,
            "eps": -0.18,
            "eps_growth_year": -160,
            "eps_4q": 0.54,
            "eps_4q_growth_year": -76.79,
            "roe": -1.42,
            "roe_4q": 4.33,
            "gross_profit": 60891,
            "gross_margin": 18.87,
            "gross_margin_4q_avg": 22.55,
            "net_income": -21829,
            "net_income_4q": null,
            "revenue": 322644,
            "revenue_4q": null,
            "common_shares": 1194913,
            "book_valuer_per_share": 12.81,
            "book_valuer_per_share_4q_avg": 13.31,
            "equity": 1530330,
            "current_ratio": 181.29,
            "debt_ratio": 34.16,
            "inventory_turnover_ratio": 1.81,
            "account_receivable_turnover_ratio": null,
            "reinvestment_rate": null,
            "research_to_sale_ratio": null,
            "price_fair": 75.83,
            "eps_avg_yearly": 2.17,
            "eps_latest_yearly": 1.08,
            "eps_growth_yearly": 70.53
        },
        "20072": {
            "year_quarter": 20072,
            "year": 2007,
            "quarter": 2,
            "eps": -0.2,
            "eps_growth_year": -122.73,
            "eps_4q": -0.43,
            "eps_4q_growth_year": -115.18,
            "roe": -1.59,
            "roe_4q": -3.3699999999999997,
            "gross_profit": 72966,
            "gross_margin": 20.26,
            "gross_margin_4q_avg": 20.71,
            "net_income": -23990,
            "net_income_4q": null,
            "revenue": 360155,
            "revenue_4q": null,
            "common_shares": 1197229,
            "book_valuer_per_share": 12.4,
            "book_valuer_per_share_4q_avg": 12.84,
            "equity": 1485155,
            "current_ratio": 147.89,
            "debt_ratio": 36.59,
            "inventory_turnover_ratio": 9.1,
            "account_receivable_turnover_ratio": null,
            "reinvestment_rate": 75.04,
            "research_to_sale_ratio": null,
            "price_fair": 75.83,
            "eps_avg_yearly": 2.17,
            "eps_latest_yearly": 1.08,
            "eps_growth_yearly": 70.53
        },
        "20073": {
            "year_quarter": 20073,
            "year": 2007,
            "quarter": 3,
            "eps": -0.09,
            "eps_growth_year": -133.33,
            "eps_4q": -0.72,
            "eps_4q_growth_year": -134.29,
            "roe": -0.68,
            "roe_4q": -6.15,
            "gross_profit": 64400,
            "gross_margin": 18.45,
            "gross_margin_4q_avg": 19.48,
            "net_income": -11492,
            "net_income_4q": null,
            "revenue": 349137,
            "revenue_4q": null,
            "common_shares": 1333194,
            "book_valuer_per_share": 14.28,
            "book_valuer_per_share_4q_avg": 13.1,
            "equity": 1903194,
            "current_ratio": 122.3,
            "debt_ratio": 20.29,
            "inventory_turnover_ratio": 9.2,
            "account_receivable_turnover_ratio": null,
            "reinvestment_rate": -52.29,
            "research_to_sale_ratio": null,
            "price_fair": 75.83,
            "eps_avg_yearly": 2.17,
            "eps_latest_yearly": 1.08,
            "eps_growth_yearly": 70.53
        },
        "20074": {
            "year_quarter": 20074,
            "year": 2007,
            "quarter": 4,
            "eps": -0.52,
            "eps_growth_year": null,
            "eps_4q": -0.42,
            "eps_4q_growth_year": -141.85,
            "roe": -3.33,
            "roe_4q": -7.02,
            "gross_profit": 62203,
            "gross_margin": 19.41,
            "gross_margin_4q_avg": 19.25,
            "net_income": -70317,
            "net_income_4q": null,
            "revenue": 320509,
            "revenue_4q": null,
            "common_shares": 1462990,
            "book_valuer_per_share": 12.59,
            "book_valuer_per_share_4q_avg": 13.02,
            "equity": 2314567,
            "current_ratio": 94.59,
            "debt_ratio": 35.28,
            "inventory_turnover_ratio": 2.26,
            "account_receivable_turnover_ratio": null,
            "reinvestment_rate": 231.29,
            "research_to_sale_ratio": null,
            "price_fair": 72.8,
            "eps_avg_yearly": 2.08,
            "eps_latest_yearly": 1.08,
            "eps_growth_yearly": 51.64
        },
        "20081": {
            "year_quarter": 20081,
            "year": 2008,
            "quarter": 1,
            "eps": -0.7,
            "eps_growth_year": null,
            "eps_4q": -0.95,
            "eps_4q_growth_year": -274.39,
            "roe": -6.88,
            "roe_4q": -12.48,
            "gross_profit": -51844,
            "gross_margin": -14.98,
            "gross_margin_4q_avg": 10.79,
            "net_income": -152769,
            "net_income_4q": null,
            "revenue": 346176,
            "revenue_4q": null,
            "common_shares": 1465020,
            "book_valuer_per_share": 11.62,
            "book_valuer_per_share_4q_avg": 12.72,
            "equity": 2123568,
            "current_ratio": 77.5,
            "debt_ratio": 36.22,
            "inventory_turnover_ratio": 2.14,
            "account_receivable_turnover_ratio": null,
            "reinvestment_rate": 616.8,
            "research_to_sale_ratio": null,
            "price_fair": 70.84,
            "eps_avg_yearly": 2.02,
            "eps_latest_yearly": 1.08,
            "eps_growth_yearly": 62.96
        },
        "20082": {
            "year_quarter": 20082,
            "year": 2008,
            "quarter": 2,
            "eps": -0.6,
            "eps_growth_year": null,
            "eps_4q": -1.87,
            "eps_4q_growth_year": null,
            "roe": -9.2,
            "roe_4q": -20.089999999999996,
            "gross_profit": -21467,
            "gross_margin": -6.51,
            "gross_margin_4q_avg": 4.09,
            "net_income": -186983,
            "net_income_4q": null,
            "revenue": 329591,
            "revenue_4q": null,
            "common_shares": 1445722,
            "book_valuer_per_share": 11.2,
            "book_valuer_per_share_4q_avg": 12.42,
            "equity": 1941122,
            "current_ratio": 75.97,
            "debt_ratio": 37.35,
            "inventory_turnover_ratio": 2.01,
            "account_receivable_turnover_ratio": null,
            "reinvestment_rate": null,
            "research_to_sale_ratio": null,
            "price_fair": 70.78,
            "eps_avg_yearly": 2.02,
            "eps_latest_yearly": 1.08,
            "eps_growth_yearly": 80.06
        },
        "20083": {
            "year_quarter": 20083,
            "year": 2008,
            "quarter": 3,
            "eps": -0.53,
            "eps_growth_year": null,
            "eps_4q": -2.32,
            "eps_4q_growth_year": null,
            "roe": -7.77,
            "roe_4q": -27.18,
            "gross_profit": -30370,
            "gross_margin": -8.88,
            "gross_margin_4q_avg": -2.74,
            "net_income": -145592,
            "net_income_4q": null,
            "revenue": 342063,
            "revenue_4q": null,
            "common_shares": 1445932,
            "book_valuer_per_share": 10.75,
            "book_valuer_per_share_4q_avg": 11.54,
            "equity": 1806144,
            "current_ratio": 71.57,
            "debt_ratio": 38.35,
            "inventory_turnover_ratio": 2.34,
            "account_receivable_turnover_ratio": null,
            "reinvestment_rate": null,
            "research_to_sale_ratio": null,
            "price_fair": 70.18,
            "eps_avg_yearly": 2.01,
            "eps_latest_yearly": 1.08,
            "eps_growth_yearly": 87.12
        },
        "20084": {
            "year_quarter": 20084,
            "year": 2008,
            "quarter": 4,
            "eps": -0.8,
            "eps_growth_year": null,
            "eps_4q": -1.55,
            "eps_4q_growth_year": null,
            "roe": -9.33,
            "roe_4q": -33.18,
            "gross_profit": -19464,
            "gross_margin": -8.63,
            "gross_margin_4q_avg": -9.75,
            "net_income": -161340,
            "net_income_4q": null,
            "revenue": 225487,
            "revenue_4q": null,
            "common_shares": 1417242,
            "book_valuer_per_share": 10.22,
            "book_valuer_per_share_4q_avg": 10.95,
            "equity": 1654157,
            "current_ratio": 65.31,
            "debt_ratio": 37.89,
            "inventory_turnover_ratio": 2.04,
            "account_receivable_turnover_ratio": 2.33,
            "reinvestment_rate": null,
            "research_to_sale_ratio": null,
            "price_fair": 75.2,
            "eps_avg_yearly": 2.15,
            "eps_latest_yearly": 1.08,
            "eps_growth_yearly": 130.25
        },
        "20091": {
            "year_quarter": 20091,
            "year": 2009,
            "quarter": 1,
            "eps": -0.22,
            "eps_growth_year": null,
            "eps_4q": -2.19,
            "eps_4q_growth_year": null,
            "roe": -3.76,
            "roe_4q": -30.06,
            "gross_profit": 23892,
            "gross_margin": 11.14,
            "gross_margin_4q_avg": -3.22,
            "net_income": -61096,
            "net_income_4q": null,
            "revenue": 214459,
            "revenue_4q": null,
            "common_shares": 1417242,
            "book_valuer_per_share": 10,
            "book_valuer_per_share_4q_avg": 10.54,
            "equity": 1593750,
            "current_ratio": 71.75,
            "debt_ratio": 38.18,
            "inventory_turnover_ratio": 1.81,
            "account_receivable_turnover_ratio": 1.16,
            "reinvestment_rate": null,
            "research_to_sale_ratio": null,
            "price_fair": 82.13,
            "eps_avg_yearly": 2.35,
            "eps_latest_yearly": 1.08,
            "eps_growth_yearly": 154.63
        },
        "20092": {
            "year_quarter": 20092,
            "year": 2009,
            "quarter": 2,
            "eps": -0.44,
            "eps_growth_year": null,
            "eps_4q": -2.02,
            "eps_4q_growth_year": null,
            "roe": -5.4,
            "roe_4q": -26.26,
            "gross_profit": 13302,
            "gross_margin": 6.18,
            "gross_margin_4q_avg": -0.05,
            "net_income": -83597,
            "net_income_4q": null,
            "revenue": 215308,
            "revenue_4q": null,
            "common_shares": 1417242,
            "book_valuer_per_share": 9.49,
            "book_valuer_per_share_4q_avg": 10.12,
            "equity": 1500550,
            "current_ratio": 82.4,
            "debt_ratio": 37.95,
            "inventory_turnover_ratio": 1.71,
            "account_receivable_turnover_ratio": 1.23,
            "reinvestment_rate": null,
            "research_to_sale_ratio": null,
            "price_fair": 87.08,
            "eps_avg_yearly": 2.49,
            "eps_latest_yearly": 1.08,
            "eps_growth_yearly": 128.89
        },
        "20093": {
            "year_quarter": 20093,
            "year": 2009,
            "quarter": 3,
            "eps": -0.36,
            "eps_growth_year": null,
            "eps_4q": -1.84,
            "eps_4q_growth_year": null,
            "roe": -5.23,
            "roe_4q": -23.72,
            "gross_profit": 17784,
            "gross_margin": 7.33,
            "gross_margin_4q_avg": 4.01,
            "net_income": -76377,
            "net_income_4q": null,
            "revenue": 242560,
            "revenue_4q": null,
            "common_shares": 1417242,
            "book_valuer_per_share": 9.11,
            "book_valuer_per_share_4q_avg": 9.71,
            "equity": 1421181,
            "current_ratio": 82.92,
            "debt_ratio": 40.02,
            "inventory_turnover_ratio": 1.87,
            "account_receivable_turnover_ratio": 1.29,
            "reinvestment_rate": null,
            "research_to_sale_ratio": null,
            "price_fair": 81.9,
            "eps_avg_yearly": 2.34,
            "eps_latest_yearly": 1.08,
            "eps_growth_yearly": 73.31
        },
        "20094": {
            "year_quarter": 20094,
            "year": 2009,
            "quarter": 4,
            "eps": -0.38,
            "eps_growth_year": null,
            "eps_4q": -1.41,
            "eps_4q_growth_year": null,
            "roe": -5.07,
            "roe_4q": -19.46,
            "gross_profit": 17137,
            "gross_margin": 7.9,
            "gross_margin_4q_avg": 8.14,
            "net_income": -72032,
            "net_income_4q": null,
            "revenue": 216975,
            "revenue_4q": null,
            "common_shares": 1417875,
            "book_valuer_per_share": 9.26,
            "book_valuer_per_share_4q_avg": 9.47,
            "equity": 1418654,
            "current_ratio": 78.01,
            "debt_ratio": 37.5,
            "inventory_turnover_ratio": 1.67,
            "account_receivable_turnover_ratio": 2.19,
            "reinvestment_rate": null,
            "research_to_sale_ratio": null,
            "price_fair": 67.67,
            "eps_avg_yearly": 1.93,
            "eps_latest_yearly": 1.08,
            "eps_growth_yearly": 76.96
        },
        "20101": {
            "year_quarter": 20101,
            "year": 2010,
            "quarter": 1,
            "eps": -0.2,
            "eps_growth_year": null,
            "eps_4q": -1.29,
            "eps_4q_growth_year": null,
            "roe": -2.02,
            "roe_4q": -17.72,
            "gross_profit": 31580,
            "gross_margin": 15.03,
            "gross_margin_4q_avg": 9.11,
            "net_income": -28219,
            "net_income_4q": null,
            "revenue": 210171,
            "revenue_4q": null,
            "common_shares": 1417875,
            "book_valuer_per_share": 9.07,
            "book_valuer_per_share_4q_avg": 9.23,
            "equity": 1378255,
            "current_ratio": 80.68,
            "debt_ratio": 39.37,
            "inventory_turnover_ratio": 1.46,
            "account_receivable_turnover_ratio": 1.03,
            "reinvestment_rate": null,
            "research_to_sale_ratio": 1.06,
            "price_fair": 80.5,
            "eps_avg_yearly": 2.3,
            "eps_latest_yearly": 1.08,
            "eps_growth_yearly": 248.03
        },
        "20102": {
            "year_quarter": 20102,
            "year": 2010,
            "quarter": 2,
            "eps": -0.05,
            "eps_growth_year": null,
            "eps_4q": -0.9,
            "eps_4q_growth_year": null,
            "roe": -2.41,
            "roe_4q": -14.73,
            "gross_profit": 51594,
            "gross_margin": 21.96,
            "gross_margin_4q_avg": 13.06,
            "net_income": -33023,
            "net_income_4q": null,
            "revenue": 234931,
            "revenue_4q": null,
            "common_shares": 1417875,
            "book_valuer_per_share": 9.11,
            "book_valuer_per_share_4q_avg": 9.14,
            "equity": 1360555,
            "current_ratio": 122,
            "debt_ratio": 39.13,
            "inventory_turnover_ratio": 1.44,
            "account_receivable_turnover_ratio": 1.04,
            "reinvestment_rate": null,
            "research_to_sale_ratio": 0.86,
            "price_fair": 3.24,
            "eps_avg_yearly": 1.08,
            "eps_latest_yearly": 1.08,
            "eps_growth_yearly": -277.27
        },
        "20103": {
            "year_quarter": 20103,
            "year": 2010,
            "quarter": 3,
            "eps": 0.31,
            "eps_growth_year": null,
            "eps_4q": -0.23,
            "eps_4q_growth_year": null,
            "roe": 3.26,
            "roe_4q": -6.24,
            "gross_profit": 39630,
            "gross_margin": 18.73,
            "gross_margin_4q_avg": 15.91,
            "net_income": 43950,
            "net_income_4q": null,
            "revenue": 211572,
            "revenue_4q": null,
            "common_shares": 1417875,
            "book_valuer_per_share": 9.45,
            "book_valuer_per_share_4q_avg": 9.22,
            "equity": 1333392,
            "current_ratio": 113.83,
            "debt_ratio": 28.27,
            "inventory_turnover_ratio": 1.34,
            "account_receivable_turnover_ratio": 0.84,
            "reinvestment_rate": null,
            "research_to_sale_ratio": 0.62,
            "price_fair": 0,
            "eps_avg_yearly": 0,
            "eps_latest_yearly": 0,
            "eps_growth_yearly": 0
        },
        "20104": {
            "year_quarter": 20104,
            "year": 2010,
            "quarter": 4,
            "eps": -0.13,
            "eps_growth_year": null,
            "eps_4q": 0.03,
            "eps_4q_growth_year": null,
            "roe": -1.37,
            "roe_4q": -2.5400000000000005,
            "gross_profit": 14265,
            "gross_margin": 7.51,
            "gross_margin_4q_avg": 15.81,
            "net_income": -17892,
            "net_income_4q": null,
            "revenue": 189892,
            "revenue_4q": null,
            "common_shares": 1417875,
            "book_valuer_per_share": 9.13,
            "book_valuer_per_share_4q_avg": 9.19,
            "equity": 1287326,
            "current_ratio": 113.95,
            "debt_ratio": 25.06,
            "inventory_turnover_ratio": 1.46,
            "account_receivable_turnover_ratio": 0.8,
            "reinvestment_rate": null,
            "research_to_sale_ratio": 0.62,
            "price_fair": 0,
            "eps_avg_yearly": 0,
            "eps_latest_yearly": 0,
            "eps_growth_yearly": 0
        },
        "20111": {
            "year_quarter": 20111,
            "year": 2011,
            "quarter": 1,
            "eps": -0.28,
            "eps_growth_year": null,
            "eps_4q": -0.15,
            "eps_4q_growth_year": null,
            "roe": -3.16,
            "roe_4q": -3.6800000000000006,
            "gross_profit": 16746,
            "gross_margin": 11.65,
            "gross_margin_4q_avg": 14.96,
            "net_income": -40091,
            "net_income_4q": null,
            "revenue": 143686,
            "revenue_4q": null,
            "common_shares": 1417875,
            "book_valuer_per_share": 8.88,
            "book_valuer_per_share_4q_avg": 9.14,
            "equity": 1252674,
            "current_ratio": 93.14,
            "debt_ratio": 28.52,
            "inventory_turnover_ratio": 1.12,
            "account_receivable_turnover_ratio": 0.66,
            "reinvestment_rate": null,
            "research_to_sale_ratio": 0.73,
            "price_fair": 0,
            "eps_avg_yearly": 0,
            "eps_latest_yearly": 0,
            "eps_growth_yearly": 0
        },
        "20112": {
            "year_quarter": 20112,
            "year": 2011,
            "quarter": 2,
            "eps": -0.28,
            "eps_growth_year": null,
            "eps_4q": -0.37,
            "eps_4q_growth_year": null,
            "roe": -3.19,
            "roe_4q": -4.46,
            "gross_profit": 17800,
            "gross_margin": 11.67,
            "gross_margin_4q_avg": 12.39,
            "net_income": -39486,
            "net_income_4q": null,
            "revenue": 152473,
            "revenue_4q": null,
            "common_shares": 1417875,
            "book_valuer_per_share": 8.11,
            "book_valuer_per_share_4q_avg": 8.89,
            "equity": 1225540,
            "current_ratio": 93.43,
            "debt_ratio": 30.76,
            "inventory_turnover_ratio": 1.18,
            "account_receivable_turnover_ratio": 0.67,
            "reinvestment_rate": null,
            "research_to_sale_ratio": 0.74,
            "price_fair": 0,
            "eps_avg_yearly": 0,
            "eps_latest_yearly": 0,
            "eps_growth_yearly": 0
        },
        "20113": {
            "year_quarter": 20113,
            "year": 2011,
            "quarter": 3,
            "eps": -0.3,
            "eps_growth_year": -195.58,
            "eps_4q": -0.94,
            "eps_4q_growth_year": null,
            "roe": -3.6,
            "roe_4q": -11.32,
            "gross_profit": -4760,
            "gross_margin": -3.52,
            "gross_margin_4q_avg": 6.83,
            "net_income": -44987,
            "net_income_4q": null,
            "revenue": 135129,
            "revenue_4q": null,
            "common_shares": 1517875,
            "book_valuer_per_share": 8.43,
            "book_valuer_per_share_4q_avg": 8.64,
            "equity": 1272716,
            "current_ratio": 102.82,
            "debt_ratio": 28.31,
            "inventory_turnover_ratio": 1.17,
            "account_receivable_turnover_ratio": 0.59,
            "reinvestment_rate": null,
            "research_to_sale_ratio": 0.87,
            "price_fair": 0,
            "eps_avg_yearly": 0,
            "eps_latest_yearly": 0,
            "eps_growth_yearly": 0
        },
        "20114": {
            "year_quarter": 20114,
            "year": 2011,
            "quarter": 4,
            "eps": -1.75,
            "eps_growth_year": null,
            "eps_4q": -2.57,
            "eps_4q_growth_year": -8250.71,
            "roe": -23.12,
            "roe_4q": -33.07000000000001,
            "gross_profit": 11729,
            "gross_margin": 7.43,
            "gross_margin_4q_avg": 6.81,
            "net_income": -263861,
            "net_income_4q": null,
            "revenue": 157818,
            "revenue_4q": null,
            "common_shares": 1517875,
            "book_valuer_per_share": 6.69,
            "book_valuer_per_share_4q_avg": 8.03,
            "equity": 1009828,
            "current_ratio": 89.97,
            "debt_ratio": 35.09,
            "inventory_turnover_ratio": 1.31,
            "account_receivable_turnover_ratio": 0.63,
            "reinvestment_rate": null,
            "research_to_sale_ratio": 0.92,
            "price_fair": 0,
            "eps_avg_yearly": 0,
            "eps_latest_yearly": 0,
            "eps_growth_yearly": 0
        },
        "20121": {
            "year_quarter": 20121,
            "year": 2012,
            "quarter": 1,
            "eps": -0.31,
            "eps_growth_year": null,
            "eps_4q": -2.61,
            "eps_4q_growth_year": null,
            "roe": -4.74,
            "roe_4q": -34.65,
            "gross_profit": 2262,
            "gross_margin": 1.85,
            "gross_margin_4q_avg": 4.36,
            "net_income": -46601,
            "net_income_4q": null,
            "revenue": 122248,
            "revenue_4q": null,
            "common_shares": 1517875,
            "book_valuer_per_share": 6.32,
            "book_valuer_per_share_4q_avg": 7.39,
            "equity": 955208,
            "current_ratio": 84.59,
            "debt_ratio": 34.89,
            "inventory_turnover_ratio": 1.27,
            "account_receivable_turnover_ratio": 0.49,
            "reinvestment_rate": null,
            "research_to_sale_ratio": 1.03,
            "price_fair": 0,
            "eps_avg_yearly": 0,
            "eps_latest_yearly": 0,
            "eps_growth_yearly": 0
        },
        "20122": {
            "year_quarter": 20122,
            "year": 2012,
            "quarter": 2,
            "eps": -0.33,
            "eps_growth_year": null,
            "eps_4q": -2.68,
            "eps_4q_growth_year": null,
            "roe": -5.35,
            "roe_4q": -36.81,
            "gross_profit": 3691,
            "gross_margin": 2.82,
            "gross_margin_4q_avg": 2.15,
            "net_income": -49749,
            "net_income_4q": null,
            "revenue": 130732,
            "revenue_4q": null,
            "common_shares": 1510375,
            "book_valuer_per_share": 6,
            "book_valuer_per_share_4q_avg": 6.86,
            "equity": 906169,
            "current_ratio": 77.4,
            "debt_ratio": 36.43,
            "inventory_turnover_ratio": 1.42,
            "account_receivable_turnover_ratio": 0.58,
            "reinvestment_rate": null,
            "research_to_sale_ratio": 2.4,
            "price_fair": 0,
            "eps_avg_yearly": 0,
            "eps_latest_yearly": 0,
            "eps_growth_yearly": 0
        },
        "20123": {
            "year_quarter": 20123,
            "year": 2012,
            "quarter": 3,
            "eps": -0.23,
            "eps_growth_year": null,
            "eps_4q": -2.62,
            "eps_4q_growth_year": null,
            "roe": -4,
            "roe_4q": -37.21,
            "gross_profit": 9948,
            "gross_margin": 7.26,
            "gross_margin_4q_avg": 4.84,
            "net_income": -35480,
            "net_income_4q": null,
            "revenue": 136970,
            "revenue_4q": null,
            "common_shares": 1510375,
            "book_valuer_per_share": 5.75,
            "book_valuer_per_share_4q_avg": 6.19,
            "equity": 868201,
            "current_ratio": 73.98,
            "debt_ratio": 39.52,
            "inventory_turnover_ratio": 1.28,
            "account_receivable_turnover_ratio": 0.65,
            "reinvestment_rate": null,
            "research_to_sale_ratio": 2.99,
            "price_fair": 0,
            "eps_avg_yearly": 0,
            "eps_latest_yearly": 0,
            "eps_growth_yearly": 0
        },
        "20124": {
            "year_quarter": 20124,
            "year": 2012,
            "quarter": 4,
            "eps": 0.03,
            "eps_growth_year": null,
            "eps_4q": -0.84,
            "eps_4q_growth_year": null,
            "roe": 0.56,
            "roe_4q": -13.53,
            "gross_profit": 14473,
            "gross_margin": 9.57,
            "gross_margin_4q_avg": 5.38,
            "net_income": 4839,
            "net_income_4q": null,
            "revenue": 151173,
            "revenue_4q": null,
            "common_shares": 1510375,
            "book_valuer_per_share": 5.76,
            "book_valuer_per_share_4q_avg": 5.96,
            "equity": 869582,
            "current_ratio": 70.34,
            "debt_ratio": 39.93,
            "inventory_turnover_ratio": 1.38,
            "account_receivable_turnover_ratio": 0.7,
            "reinvestment_rate": null,
            "research_to_sale_ratio": 3.51,
            "price_fair": 0,
            "eps_avg_yearly": 0,
            "eps_latest_yearly": 0,
            "eps_growth_yearly": 0
        },
        "20131": {
            "year_quarter": 20131,
            "year": 2013,
            "quarter": 1,
            "eps": -0.28,
            "eps_growth_year": null,
            "eps_4q": -0.81,
            "eps_4q_growth_year": null,
            "roe": -4.89,
            "roe_4q": -13.68,
            "gross_profit": 6713,
            "gross_margin": 5.29,
            "gross_margin_4q_avg": 6.24,
            "net_income": -41746,
            "net_income_4q": null,
            "revenue": 126937,
            "revenue_4q": null,
            "common_shares": 1510375,
            "book_valuer_per_share": 5.54,
            "book_valuer_per_share_4q_avg": 5.76,
            "equity": 836984,
            "current_ratio": 68.84,
            "debt_ratio": 43.91,
            "inventory_turnover_ratio": 1.3,
            "account_receivable_turnover_ratio": 0.53,
            "reinvestment_rate": null,
            "research_to_sale_ratio": 4.23,
            "price_fair": 0,
            "eps_avg_yearly": 0,
            "eps_latest_yearly": 0,
            "eps_growth_yearly": 0
        },
        "20132": {
            "year_quarter": 20132,
            "year": 2013,
            "quarter": 2,
            "eps": -0.19,
            "eps_growth_year": null,
            "eps_4q": -0.67,
            "eps_4q_growth_year": null,
            "roe": -2.59,
            "roe_4q": -10.92,
            "gross_profit": 22897,
            "gross_margin": 16.77,
            "gross_margin_4q_avg": 9.72,
            "net_income": -28060,
            "net_income_4q": null,
            "revenue": 136528,
            "revenue_4q": null,
            "common_shares": 1510375,
            "book_valuer_per_share": 5.4,
            "book_valuer_per_share_4q_avg": 5.61,
            "equity": 1332240,
            "current_ratio": 124.78,
            "debt_ratio": 35.2,
            "inventory_turnover_ratio": 0.61,
            "account_receivable_turnover_ratio": 0.46,
            "reinvestment_rate": null,
            "research_to_sale_ratio": 3.78,
            "price_fair": 0,
            "eps_avg_yearly": 0,
            "eps_latest_yearly": 0,
            "eps_growth_yearly": 0
        },
        "20133": {
            "year_quarter": 20133,
            "year": 2013,
            "quarter": 3,
            "eps": -0.38,
            "eps_growth_year": null,
            "eps_4q": -0.81,
            "eps_4q_growth_year": null,
            "roe": -7.06,
            "roe_4q": -13.979999999999999,
            "gross_profit": -28807,
            "gross_margin": -16.03,
            "gross_margin_4q_avg": 3.9,
            "net_income": -90782,
            "net_income_4q": null,
            "revenue": 179664,
            "revenue_4q": null,
            "common_shares": 1510375,
            "book_valuer_per_share": 5.01,
            "book_valuer_per_share_4q_avg": 5.43,
            "equity": 1240906,
            "current_ratio": 121.16,
            "debt_ratio": 34.67,
            "inventory_turnover_ratio": 0.8,
            "account_receivable_turnover_ratio": 0.57,
            "reinvestment_rate": null,
            "research_to_sale_ratio": 5.5,
            "price_fair": 0,
            "eps_avg_yearly": 0,
            "eps_latest_yearly": 0,
            "eps_growth_yearly": 0
        },
        "20134": {
            "year_quarter": 20134,
            "year": 2013,
            "quarter": 4,
            "eps": -0.66,
            "eps_growth_year": -2145.86,
            "eps_4q": -1.5,
            "eps_4q_growth_year": null,
            "roe": -13.97,
            "roe_4q": -28.51,
            "gross_profit": -2855,
            "gross_margin": -1.54,
            "gross_margin_4q_avg": 1.12,
            "net_income": -162584,
            "net_income_4q": null,
            "revenue": 184971,
            "revenue_4q": null,
            "common_shares": 1510375,
            "book_valuer_per_share": 4.37,
            "book_valuer_per_share_4q_avg": 5.08,
            "equity": 1087111,
            "current_ratio": 119.78,
            "debt_ratio": 37.09,
            "inventory_turnover_ratio": 0.79,
            "account_receivable_turnover_ratio": 0.65,
            "reinvestment_rate": null,
            "research_to_sale_ratio": 5.52,
            "price_fair": 0,
            "eps_avg_yearly": 0,
            "eps_latest_yearly": 0,
            "eps_growth_yearly": 0
        },
        "20141": {
            "year_quarter": 20141,
            "year": 2014,
            "quarter": 1,
            "eps": -0.2,
            "eps_growth_year": null,
            "eps_4q": -1.42,
            "eps_4q_growth_year": null,
            "roe": -5.35,
            "roe_4q": -28.97,
            "gross_profit": -2787,
            "gross_margin": -1.8,
            "gross_margin_4q_avg": -0.65,
            "net_income": -56718,
            "net_income_4q": null,
            "revenue": 154830,
            "revenue_4q": null,
            "common_shares": 1510375,
            "book_valuer_per_share": 4.18,
            "book_valuer_per_share_4q_avg": 4.74,
            "equity": 1034786,
            "current_ratio": 122.58,
            "debt_ratio": 33.63,
            "inventory_turnover_ratio": 0.7,
            "account_receivable_turnover_ratio": 0.61,
            "reinvestment_rate": null,
            "research_to_sale_ratio": 5.39,
            "price_fair": 0,
            "eps_avg_yearly": 0,
            "eps_latest_yearly": 0,
            "eps_growth_yearly": 0
        },
        "20142": {
            "year_quarter": 20142,
            "year": 2014,
            "quarter": 2,
            "eps": -0.13,
            "eps_growth_year": null,
            "eps_4q": -1.36,
            "eps_4q_growth_year": null,
            "roe": -2.07,
            "roe_4q": -28.45,
            "gross_profit": 31612,
            "gross_margin": 19.26,
            "gross_margin_4q_avg": -0.03,
            "net_income": -21062,
            "net_income_4q": null,
            "revenue": 164126,
            "revenue_4q": null,
            "common_shares": 1510375,
            "book_valuer_per_share": 4.03,
            "book_valuer_per_share_4q_avg": 4.4,
            "equity": 1004667,
            "current_ratio": 124.97,
            "debt_ratio": 32.92,
            "inventory_turnover_ratio": 0.57,
            "account_receivable_turnover_ratio": 0.75,
            "reinvestment_rate": null,
            "research_to_sale_ratio": 5.21,
            "price_fair": 0,
            "eps_avg_yearly": 0,
            "eps_latest_yearly": 0,
            "eps_growth_yearly": 0
        },
        "20143": {
            "year_quarter": 20143,
            "year": 2014,
            "quarter": 3,
            "eps": -0.32,
            "eps_growth_year": null,
            "eps_4q": -2.11,
            "eps_4q_growth_year": null,
            "roe": -4.12,
            "roe_4q": -25.509999999999998,
            "gross_profit": -12772,
            "gross_margin": -10.04,
            "gross_margin_4q_avg": 1.47,
            "net_income": -40719,
            "net_income_4q": null,
            "revenue": 127231,
            "revenue_4q": null,
            "common_shares": 830706,
            "book_valuer_per_share": 7.04,
            "book_valuer_per_share_4q_avg": 4.91,
            "equity": 972408,
            "current_ratio": 122.98,
            "debt_ratio": 33.27,
            "inventory_turnover_ratio": 0.56,
            "account_receivable_turnover_ratio": 0.64,
            "reinvestment_rate": null,
            "research_to_sale_ratio": 6.03,
            "price_fair": 0,
            "eps_avg_yearly": 0,
            "eps_latest_yearly": 0,
            "eps_growth_yearly": 0
        },
        "20144": {
            "year_quarter": 20144,
            "year": 2014,
            "quarter": 4,
            "eps": -0.15,
            "eps_growth_year": null,
            "eps_4q": -1.07,
            "eps_4q_growth_year": null,
            "roe": -3.65,
            "roe_4q": -15.19,
            "gross_profit": 951,
            "gross_margin": 0.63,
            "gross_margin_4q_avg": 2.01,
            "net_income": -36752,
            "net_income_4q": null,
            "revenue": 151136,
            "revenue_4q": null,
            "common_shares": 830706,
            "book_valuer_per_share": 8.02,
            "book_valuer_per_share_4q_avg": 5.82,
            "equity": 1042343,
            "current_ratio": 123.98,
            "debt_ratio": 31.69,
            "inventory_turnover_ratio": 0.58,
            "account_receivable_turnover_ratio": 0.84,
            "reinvestment_rate": null,
            "research_to_sale_ratio": 5.32,
            "price_fair": 0,
            "eps_avg_yearly": 0,
            "eps_latest_yearly": 0,
            "eps_growth_yearly": 0
        },
        "20151": {
            "year_quarter": 20151,
            "year": 2015,
            "quarter": 1,
            "eps": -0.43,
            "eps_growth_year": null,
            "eps_4q": -1.13,
            "eps_4q_growth_year": null,
            "roe": -4.93,
            "roe_4q": -14.77,
            "gross_profit": -1888,
            "gross_margin": -1.44,
            "gross_margin_4q_avg": 2.1,
            "net_income": -49873,
            "net_income_4q": null,
            "revenue": 130875,
            "revenue_4q": null,
            "common_shares": 830706,
            "book_valuer_per_share": 7.56,
            "book_valuer_per_share_4q_avg": 6.66,
            "equity": 982480,
            "current_ratio": 118.57,
            "debt_ratio": 31.96,
            "inventory_turnover_ratio": 0.51,
            "account_receivable_turnover_ratio": 0.82,
            "reinvestment_rate": null,
            "research_to_sale_ratio": 6.54,
            "price_fair": 0,
            "eps_avg_yearly": 0,
            "eps_latest_yearly": 0,
            "eps_growth_yearly": 0
        },
        "20152": {
            "year_quarter": 20152,
            "year": 2015,
            "quarter": 2,
            "eps": -0.42,
            "eps_growth_year": null,
            "eps_4q": -1.32,
            "eps_4q_growth_year": null,
            "roe": -4.84,
            "roe_4q": -17.54,
            "gross_profit": -5542,
            "gross_margin": -4.17,
            "gross_margin_4q_avg": -3.76,
            "net_income": -46255,
            "net_income_4q": null,
            "revenue": 132883,
            "revenue_4q": null,
            "common_shares": 830706,
            "book_valuer_per_share": 7.12,
            "book_valuer_per_share_4q_avg": 7.44,
            "equity": 930613,
            "current_ratio": 112.01,
            "debt_ratio": 34.13,
            "inventory_turnover_ratio": 0.52,
            "account_receivable_turnover_ratio": 0.9,
            "reinvestment_rate": null,
            "research_to_sale_ratio": 4.89,
            "price_fair": 0,
            "eps_avg_yearly": 0,
            "eps_latest_yearly": 0,
            "eps_growth_yearly": 0
        },
        "20153": {
            "year_quarter": 20153,
            "year": 2015,
            "quarter": 3,
            "eps": -0.37,
            "eps_growth_year": null,
            "eps_4q": -1.37,
            "eps_4q_growth_year": null,
            "roe": -5.19,
            "roe_4q": -18.61,
            "gross_profit": -16614,
            "gross_margin": -14.21,
            "gross_margin_4q_avg": -4.8,
            "net_income": -47528,
            "net_income_4q": null,
            "revenue": 116919,
            "revenue_4q": null,
            "common_shares": 830706,
            "book_valuer_per_share": 6.77,
            "book_valuer_per_share_4q_avg": 7.37,
            "equity": 900432,
            "current_ratio": 103.65,
            "debt_ratio": 41.18,
            "inventory_turnover_ratio": 0.49,
            "account_receivable_turnover_ratio": 0.82,
            "reinvestment_rate": null,
            "research_to_sale_ratio": 5.81,
            "price_fair": 0,
            "eps_avg_yearly": 0,
            "eps_latest_yearly": 0,
            "eps_growth_yearly": 0
        },
        "20154": {
            "year_quarter": 20154,
            "year": 2015,
            "quarter": 4,
            "eps": -0.55,
            "eps_growth_year": null,
            "eps_4q": -1.77,
            "eps_4q_growth_year": null,
            "roe": -10.61,
            "roe_4q": -25.57,
            "gross_profit": 11402,
            "gross_margin": 9.34,
            "gross_margin_4q_avg": -2.62,
            "net_income": -90072,
            "net_income_4q": null,
            "revenue": 122143,
            "revenue_4q": null,
            "common_shares": 830706,
            "book_valuer_per_share": 6.2,
            "book_valuer_per_share_4q_avg": 6.91,
            "equity": 798056,
            "current_ratio": 106.58,
            "debt_ratio": 43.48,
            "inventory_turnover_ratio": 0.4,
            "account_receivable_turnover_ratio": 0.92,
            "reinvestment_rate": null,
            "research_to_sale_ratio": 7.48,
            "price_fair": 0,
            "eps_avg_yearly": 0,
            "eps_latest_yearly": 0,
            "eps_growth_yearly": 0
        },
        "20161": {
            "year_quarter": 20161,
            "year": 2016,
            "quarter": 1,
            "eps": -0.24,
            "eps_growth_year": null,
            "eps_4q": -1.59,
            "eps_4q_growth_year": null,
            "roe": -2.22,
            "roe_4q": -22.86,
            "gross_profit": 20172,
            "gross_margin": 17.6,
            "gross_margin_4q_avg": 2.14,
            "net_income": -17529,
            "net_income_4q": null,
            "revenue": 114610,
            "revenue_4q": null,
            "common_shares": 830706,
            "book_valuer_per_share": 5.96,
            "book_valuer_per_share_4q_avg": 6.51,
            "equity": 779216,
            "current_ratio": 108.27,
            "debt_ratio": 43.89,
            "inventory_turnover_ratio": 0.34,
            "account_receivable_turnover_ratio": 0.9,
            "reinvestment_rate": null,
            "research_to_sale_ratio": 3.24,
            "price_fair": 0,
            "eps_avg_yearly": 0,
            "eps_latest_yearly": 0,
            "eps_growth_yearly": 0
        },
        "20162": {
            "year_quarter": 20162,
            "year": 2016,
            "quarter": 2,
            "eps": -0.62,
            "eps_growth_year": null,
            "eps_4q": -1.78,
            "eps_4q_growth_year": null,
            "roe": -6.3,
            "roe_4q": -24.32,
            "gross_profit": 13971,
            "gross_margin": 12.38,
            "gross_margin_4q_avg": 6.28,
            "net_income": -49407,
            "net_income_4q": null,
            "revenue": 112816,
            "revenue_4q": null,
            "common_shares": 830706,
            "book_valuer_per_share": 6.15,
            "book_valuer_per_share_4q_avg": 6.27,
            "equity": 789420,
            "current_ratio": 107.24,
            "debt_ratio": 43.94,
            "inventory_turnover_ratio": 0.38,
            "account_receivable_turnover_ratio": 0.88,
            "reinvestment_rate": null,
            "research_to_sale_ratio": 4.16,
            "price_fair": 0,
            "eps_avg_yearly": 0,
            "eps_latest_yearly": 0,
            "eps_growth_yearly": 0
        },
        "20163": {
            "year_quarter": 20163,
            "year": 2016,
            "quarter": 3,
            "eps": -0.34,
            "eps_growth_year": null,
            "eps_4q": -1.75,
            "eps_4q_growth_year": null,
            "roe": -3.62,
            "roe_4q": -22.75,
            "gross_profit": 18005,
            "gross_margin": 16.73,
            "gross_margin_4q_avg": 14.01,
            "net_income": -27931,
            "net_income_4q": null,
            "revenue": 107624,
            "revenue_4q": null,
            "common_shares": 830706,
            "book_valuer_per_share": 5.84,
            "book_valuer_per_share_4q_avg": 6.04,
            "equity": 753880,
            "current_ratio": 102.05,
            "debt_ratio": 44.58,
            "inventory_turnover_ratio": 0.37,
            "account_receivable_turnover_ratio": 0.85,
            "reinvestment_rate": null,
            "research_to_sale_ratio": 4.07,
            "price_fair": 0,
            "eps_avg_yearly": 0,
            "eps_latest_yearly": 0,
            "eps_growth_yearly": 0
        },
        "20164": {
            "year_quarter": 20164,
            "year": 2016,
            "quarter": 4,
            "eps": -0.39,
            "eps_growth_year": null,
            "eps_4q": -1.59,
            "eps_4q_growth_year": null,
            "roe": -12.79,
            "roe_4q": -24.93,
            "gross_profit": -59564,
            "gross_margin": -52.35,
            "gross_margin_4q_avg": -1.41,
            "net_income": -90490,
            "net_income_4q": null,
            "revenue": 113783,
            "revenue_4q": null,
            "common_shares": 830706,
            "book_valuer_per_share": 5.65,
            "book_valuer_per_share_4q_avg": 5.9,
            "equity": 661356,
            "current_ratio": 86.36,
            "debt_ratio": 49.26,
            "inventory_turnover_ratio": 0.9,
            "account_receivable_turnover_ratio": 0.91,
            "reinvestment_rate": null,
            "research_to_sale_ratio": 3.41,
            "price_fair": 0,
            "eps_avg_yearly": 0,
            "eps_latest_yearly": 0,
            "eps_growth_yearly": 0
        },
        "20171": {
            "year_quarter": 20171,
            "year": 2017,
            "quarter": 1,
            "eps": -0.04,
            "eps_growth_year": null,
            "eps_4q": -1.39,
            "eps_4q_growth_year": null,
            "roe": -0.35,
            "roe_4q": -23.06,
            "gross_profit": 20786,
            "gross_margin": 19.14,
            "gross_margin_4q_avg": -1.03,
            "net_income": -2292,
            "net_income_4q": null,
            "revenue": 108610,
            "revenue_4q": null,
            "common_shares": 830706,
            "book_valuer_per_share": 5.73,
            "book_valuer_per_share_4q_avg": 5.84,
            "equity": 647124,
            "current_ratio": 85.41,
            "debt_ratio": 49.68,
            "inventory_turnover_ratio": 0.62,
            "account_receivable_turnover_ratio": 0.81,
            "reinvestment_rate": null,
            "research_to_sale_ratio": 4.18,
            "price_fair": 0,
            "eps_avg_yearly": 0,
            "eps_latest_yearly": 0,
            "eps_growth_yearly": 0
        },
        "20172": {
            "year_quarter": 20172,
            "year": 2017,
            "quarter": 2,
            "eps": -0.09,
            "eps_growth_year": null,
            "eps_4q": -0.86,
            "eps_4q_growth_year": null,
            "roe": -0.77,
            "roe_4q": -17.53,
            "gross_profit": 22728,
            "gross_margin": 21.19,
            "gross_margin_4q_avg": 1.18,
            "net_income": -4988,
            "net_income_4q": null,
            "revenue": 107274,
            "revenue_4q": null,
            "common_shares": 830706,
            "book_valuer_per_share": 5.63,
            "book_valuer_per_share_4q_avg": 5.71,
            "equity": 642372,
            "current_ratio": 84.1,
            "debt_ratio": 48.19,
            "inventory_turnover_ratio": 0.65,
            "account_receivable_turnover_ratio": 0.84,
            "reinvestment_rate": null,
            "research_to_sale_ratio": 2.4,
            "price_fair": 0,
            "eps_avg_yearly": 0,
            "eps_latest_yearly": 0,
            "eps_growth_yearly": 0
        },
        "20173": {
            "year_quarter": 20173,
            "year": 2017,
            "quarter": 3,
            "eps": -0.08,
            "eps_growth_year": null,
            "eps_4q": -0.61,
            "eps_4q_growth_year": null,
            "roe": -0.9,
            "roe_4q": -14.809999999999999,
            "gross_profit": 20294,
            "gross_margin": 18.36,
            "gross_margin_4q_avg": 1.59,
            "net_income": -5771,
            "net_income_4q": null,
            "revenue": 110539,
            "revenue_4q": null,
            "common_shares": 830706,
            "book_valuer_per_share": 5.54,
            "book_valuer_per_share_4q_avg": 5.64,
            "equity": 636661,
            "current_ratio": 80.58,
            "debt_ratio": 49.21,
            "inventory_turnover_ratio": 0.73,
            "account_receivable_turnover_ratio": 0.86,
            "reinvestment_rate": null,
            "research_to_sale_ratio": 3.41,
            "price_fair": 0,
            "eps_avg_yearly": 0,
            "eps_latest_yearly": 0,
            "eps_growth_yearly": 0
        },
        "20174": {
            "year_quarter": 20174,
            "year": 2017,
            "quarter": 4,
            "eps": 0.08,
            "eps_growth_year": null,
            "eps_4q": -0.14,
            "eps_4q_growth_year": null,
            "roe": 1.27,
            "roe_4q": -0.75,
            "gross_profit": 6235,
            "gross_margin": 5.18,
            "gross_margin_4q_avg": 15.97,
            "net_income": 8073,
            "net_income_4q": null,
            "revenue": 120304,
            "revenue_4q": null,
            "common_shares": 830706,
            "book_valuer_per_share": 5.66,
            "book_valuer_per_share_4q_avg": 5.64,
            "equity": 639164,
            "current_ratio": 88.96,
            "debt_ratio": 49.4,
            "inventory_turnover_ratio": 0.98,
            "account_receivable_turnover_ratio": 0.79,
            "reinvestment_rate": null,
            "research_to_sale_ratio": 2.55,
            "price_fair": 0,
            "eps_avg_yearly": 0,
            "eps_latest_yearly": 0,
            "eps_growth_yearly": 0
        },
        "20181": {
            "year_quarter": 20181,
            "year": 2018,
            "quarter": 1,
            "eps": -0.13,
            "eps_growth_year": null,
            "eps_4q": -0.23,
            "eps_4q_growth_year": null,
            "roe": -2.19,
            "roe_4q": -2.59,
            "gross_profit": 19008,
            "gross_margin": 17.18,
            "gross_margin_4q_avg": 15.48,
            "net_income": -13859,
            "net_income_4q": null,
            "revenue": 110622,
            "revenue_4q": null,
            "common_shares": 830706,
            "book_valuer_per_share": 5.51,
            "book_valuer_per_share_4q_avg": 5.59,
            "equity": 626914,
            "current_ratio": 75.68,
            "debt_ratio": 51.33,
            "inventory_turnover_ratio": 0.87,
            "account_receivable_turnover_ratio": 0.66,
            "reinvestment_rate": null,
            "research_to_sale_ratio": 2.08,
            "price_fair": 0,
            "eps_avg_yearly": 0,
            "eps_latest_yearly": 0,
            "eps_growth_yearly": 0
        },
        "20182": {
            "year_quarter": 20182,
            "year": 2018,
            "quarter": 2,
            "eps": -0.01,
            "eps_growth_year": null,
            "eps_4q": -0.15,
            "eps_4q_growth_year": null,
            "roe": 0.35,
            "roe_4q": -1.4699999999999998,
            "gross_profit": 23152,
            "gross_margin": 21.45,
            "gross_margin_4q_avg": 15.54,
            "net_income": 2184,
            "net_income_4q": null,
            "revenue": 107919,
            "revenue_4q": null,
            "common_shares": 830706,
            "book_valuer_per_share": 5.51,
            "book_valuer_per_share_4q_avg": 5.56,
            "equity": 628043,
            "current_ratio": 75.25,
            "debt_ratio": 50,
            "inventory_turnover_ratio": 0.89,
            "account_receivable_turnover_ratio": 0.7,
            "reinvestment_rate": null,
            "research_to_sale_ratio": 2.24,
            "price_fair": 0,
            "eps_avg_yearly": 0,
            "eps_latest_yearly": 0,
            "eps_growth_yearly": 0
        },
        "20183": {
            "year_quarter": 20183,
            "year": 2018,
            "quarter": 3,
            "eps": -0.12,
            "eps_growth_year": null,
            "eps_4q": -0.19,
            "eps_4q_growth_year": null,
            "roe": -1.15,
            "roe_4q": -1.7199999999999998,
            "gross_profit": 23230,
            "gross_margin": 23.65,
            "gross_margin_4q_avg": 16.87,
            "net_income": -7149,
            "net_income_4q": null,
            "revenue": 98217,
            "revenue_4q": null,
            "common_shares": 830706,
            "book_valuer_per_share": 5.42,
            "book_valuer_per_share_4q_avg": 5.53,
            "equity": 617614,
            "current_ratio": 69.97,
            "debt_ratio": 50.66,
            "inventory_turnover_ratio": 0.83,
            "account_receivable_turnover_ratio": 0.77,
            "reinvestment_rate": null,
            "research_to_sale_ratio": 2.43,
            "price_fair": 0,
            "eps_avg_yearly": 0,
            "eps_latest_yearly": 0,
            "eps_growth_yearly": 0
        },
        "20184": {
            "year_quarter": 20184,
            "year": 2018,
            "quarter": 4,
            "eps": 0.25,
            "eps_growth_year": 223.74,
            "eps_4q": -0.02,
            "eps_4q_growth_year": null,
            "roe": 3.52,
            "roe_4q": 0.5300000000000002,
            "gross_profit": 12969,
            "gross_margin": 14.16,
            "gross_margin_4q_avg": 19.11,
            "net_income": 22070,
            "net_income_4q": null,
            "revenue": 91585,
            "revenue_4q": null,
            "common_shares": 830706,
            "book_valuer_per_share": 5.64,
            "book_valuer_per_share_4q_avg": 5.52,
            "equity": 637632,
            "current_ratio": 70.01,
            "debt_ratio": 49.45,
            "inventory_turnover_ratio": 0.88,
            "account_receivable_turnover_ratio": 0.75,
            "reinvestment_rate": null,
            "research_to_sale_ratio": 2.41,
            "price_fair": 0,
            "eps_avg_yearly": 0,
            "eps_latest_yearly": 0,
            "eps_growth_yearly": 0
        },
        "20191": {
            "year_quarter": 20191,
            "year": 2019,
            "quarter": 1,
            "eps": 0.06,
            "eps_growth_year": null,
            "eps_4q": 0.18,
            "eps_4q_growth_year": null,
            "roe": 0.59,
            "roe_4q": 3.3100000000000005,
            "gross_profit": 15972,
            "gross_margin": 17.12,
            "gross_margin_4q_avg": 19.1,
            "net_income": 3795,
            "net_income_4q": null,
            "revenue": 93304,
            "revenue_4q": null,
            "common_shares": 830706,
            "book_valuer_per_share": 5.69,
            "book_valuer_per_share_4q_avg": 5.57,
            "equity": 644515,
            "current_ratio": 72.82,
            "debt_ratio": 49.81,
            "inventory_turnover_ratio": 0.8,
            "account_receivable_turnover_ratio": 0.78,
            "reinvestment_rate": null,
            "research_to_sale_ratio": 3.14,
            "price_fair": 0.72,
            "eps_avg_yearly": 0.24,
            "eps_latest_yearly": 0.24,
            "eps_growth_yearly": -304
        },
        "20192": {
            "year_quarter": 20192,
            "year": 2019,
            "quarter": 2,
            "eps": -0.03,
            "eps_growth_year": null,
            "eps_4q": 0.16,
            "eps_4q_growth_year": null,
            "roe": -0.25,
            "roe_4q": 2.71,
            "gross_profit": 25290,
            "gross_margin": 22.89,
            "gross_margin_4q_avg": 19.46,
            "net_income": -1590,
            "net_income_4q": null,
            "revenue": 110473,
            "revenue_4q": null,
            "common_shares": 830706,
            "book_valuer_per_share": 5.66,
            "book_valuer_per_share_4q_avg": 5.6,
            "equity": 631110,
            "current_ratio": 69.63,
            "debt_ratio": 50.97,
            "inventory_turnover_ratio": 0.84,
            "account_receivable_turnover_ratio": 0.89,
            "reinvestment_rate": null,
            "research_to_sale_ratio": 2.45,
            "price_fair": 0.72,
            "eps_avg_yearly": 0.24,
            "eps_latest_yearly": 0.24,
            "eps_growth_yearly": -304
        },
        "20193": {
            "year_quarter": 20193,
            "year": 2019,
            "quarter": 3,
            "eps": 0.03,
            "eps_growth_year": null,
            "eps_4q": 0.31,
            "eps_4q_growth_year": null,
            "roe": 0.3,
            "roe_4q": 4.16,
            "gross_profit": 23231,
            "gross_margin": 20.48,
            "gross_margin_4q_avg": 18.66,
            "net_income": 1885,
            "net_income_4q": null,
            "revenue": 113429,
            "revenue_4q": null,
            "common_shares": 830706,
            "book_valuer_per_share": 5.71,
            "book_valuer_per_share_4q_avg": 5.68,
            "equity": 628624,
            "current_ratio": 71.11,
            "debt_ratio": 50.98,
            "inventory_turnover_ratio": 0.96,
            "account_receivable_turnover_ratio": 0.82,
            "reinvestment_rate": null,
            "research_to_sale_ratio": 3.57,
            "price_fair": 0.72,
            "eps_avg_yearly": 0.24,
            "eps_latest_yearly": 0.24,
            "eps_growth_yearly": -304
        },
        "20194": {
            "year_quarter": 20194,
            "year": 2019,
            "quarter": 4,
            "eps": 0.15,
            "eps_growth_year": -38.99,
            "eps_4q": 0.21,
            "eps_4q_growth_year": null,
            "roe": 1.96,
            "roe_4q": 2.5999999999999996,
            "gross_profit": 22799,
            "gross_margin": 22.39,
            "gross_margin_4q_avg": 20.72,
            "net_income": 12438,
            "net_income_4q": null,
            "revenue": 101826,
            "revenue_4q": null,
            "common_shares": 830706,
            "book_valuer_per_share": 5.87,
            "book_valuer_per_share_4q_avg": 5.73,
            "equity": 639974,
            "current_ratio": 71.62,
            "debt_ratio": 50.32,
            "inventory_turnover_ratio": 0.95,
            "account_receivable_turnover_ratio": 0.72,
            "reinvestment_rate": null,
            "research_to_sale_ratio": 3.94,
            "price_fair": 14.7,
            "eps_avg_yearly": 0.42,
            "eps_latest_yearly": 0.6,
            "eps_growth_yearly": 648
        },
        "20201": {
            "year_quarter": 20201,
            "year": 2020,
            "quarter": 1,
            "eps": -0.14,
            "eps_growth_year": -333.33,
            "eps_4q": 0.02,
            "eps_4q_growth_year": -90.11,
            "roe": -1.98,
            "roe_4q": 0.02999999999999997,
            "gross_profit": 11459,
            "gross_margin": 16.4,
            "gross_margin_4q_avg": 20.54,
            "net_income": -12556,
            "net_income_4q": null,
            "revenue": 69857,
            "revenue_4q": null,
            "common_shares": 830706,
            "book_valuer_per_share": 5.74,
            "book_valuer_per_share_4q_avg": 5.75,
            "equity": 626052,
            "current_ratio": 71.22,
            "debt_ratio": 49.33,
            "inventory_turnover_ratio": 0.77,
            "account_receivable_turnover_ratio": 0.59,
            "reinvestment_rate": null,
            "research_to_sale_ratio": 4.61,
            "price_fair": 14.7,
            "eps_avg_yearly": 0.42,
            "eps_latest_yearly": 0.6,
            "eps_growth_yearly": 648
        },
        "20202": {
            "year_quarter": 20202,
            "year": 2020,
            "quarter": 2,
            "eps": 0.06,
            "eps_growth_year": null,
            "eps_4q": 0.11,
            "eps_4q_growth_year": -34.43,
            "roe": 0.42,
            "roe_4q": 0.7,
            "gross_profit": 17393,
            "gross_margin": 21.7,
            "gross_margin_4q_avg": 20.24,
            "net_income": 2606,
            "net_income_4q": null,
            "revenue": 80138,
            "revenue_4q": null,
            "common_shares": 830706,
            "book_valuer_per_share": 5.8,
            "book_valuer_per_share_4q_avg": 5.78,
            "equity": 626707,
            "current_ratio": 77.74,
            "debt_ratio": 47.85,
            "inventory_turnover_ratio": 0.95,
            "account_receivable_turnover_ratio": 0.86,
            "reinvestment_rate": null,
            "research_to_sale_ratio": 3.77,
            "price_fair": 14.7,
            "eps_avg_yearly": 0.42,
            "eps_latest_yearly": 0.6,
            "eps_growth_yearly": 648
        },
        "20203": {
            "year_quarter": 20203,
            "year": 2020,
            "quarter": 3,
            "eps": 0.06,
            "eps_growth_year": 100,
            "eps_4q": 0.14,
            "eps_4q_growth_year": -56.33,
            "roe": 0.58,
            "roe_4q": 0.98,
            "gross_profit": 22448,
            "gross_margin": 23.85,
            "gross_margin_4q_avg": 21.09,
            "net_income": 3683,
            "net_income_4q": null,
            "revenue": 94122,
            "revenue_4q": null,
            "common_shares": 830706,
            "book_valuer_per_share": 5.86,
            "book_valuer_per_share_4q_avg": 5.82,
            "equity": 632581,
            "current_ratio": 83.83,
            "debt_ratio": 48.41,
            "inventory_turnover_ratio": 1.1,
            "account_receivable_turnover_ratio": 0.98,
            "reinvestment_rate": null,
            "research_to_sale_ratio": 3.28,
            "price_fair": 12.6,
            "eps_avg_yearly": 0.36,
            "eps_latest_yearly": 0.24,
            "eps_growth_yearly": 432
        },
        "20204": {
            "year_quarter": 20204,
            "year": 2020,
            "quarter": 4,
            "eps": 0.56,
            "eps_growth_year": 265.93,
            "eps_4q": 0.54,
            "eps_4q_growth_year": 152.74,
            "roe": 5.84,
            "roe_4q": 4.859999999999999,
            "gross_profit": 18720,
            "gross_margin": 20.3,
            "gross_margin_4q_avg": 20.56,
            "net_income": 44484,
            "net_income_4q": null,
            "revenue": 92218,
            "revenue_4q": null,
            "common_shares": 830706,
            "book_valuer_per_share": 8.94,
            "book_valuer_per_share_4q_avg": 6.59,
            "equity": 890206,
            "current_ratio": 93.97,
            "debt_ratio": 40.45,
            "inventory_turnover_ratio": 1.11,
            "account_receivable_turnover_ratio": 0.82,
            "reinvestment_rate": -495.92,
            "research_to_sale_ratio": 3.21,
            "price_fair": 29.05,
            "eps_avg_yearly": 0.83,
            "eps_latest_yearly": 2.24,
            "eps_growth_yearly": 1157.33
        },
        "20211": {
            "year_quarter": 20211,
            "year": 2021,
            "quarter": 1,
            "eps": 0.15,
            "eps_growth_year": null,
            "eps_4q": 0.83,
            "eps_4q_growth_year": 4644.02,
            "roe": 1.27,
            "roe_4q": 8.11,
            "gross_profit": 21369,
            "gross_margin": 23.4,
            "gross_margin_4q_avg": 22.31,
            "net_income": 11337,
            "net_income_4q": null,
            "revenue": 91340,
            "revenue_4q": null,
            "common_shares": 830706,
            "book_valuer_per_share": 9.09,
            "book_valuer_per_share_4q_avg": 7.42,
            "equity": 900414,
            "current_ratio": 96.03,
            "debt_ratio": 39.8,
            "inventory_turnover_ratio": 1.05,
            "account_receivable_turnover_ratio": 0.83,
            "reinvestment_rate": -360.96,
            "research_to_sale_ratio": 3.12,
            "price_fair": 27.44,
            "eps_avg_yearly": 0.78,
            "eps_latest_yearly": 0.6,
            "eps_growth_yearly": 867.3
        },
        "20212": {
            "year_quarter": 20212,
            "year": 2021,
            "quarter": 2,
            "eps": 0.22,
            "eps_growth_year": 266.67,
            "eps_4q": 0.99,
            "eps_4q_growth_year": 837.78,
            "roe": 1.96,
            "roe_4q": 9.65,
            "gross_profit": 36501,
            "gross_margin": 30.07,
            "gross_margin_4q_avg": 24.41,
            "net_income": 17799,
            "net_income_4q": null,
            "revenue": 121385,
            "revenue_4q": null,
            "common_shares": 830706,
            "book_valuer_per_share": 9.3,
            "book_valuer_per_share_4q_avg": 8.3,
            "equity": 916854,
            "current_ratio": 94.53,
            "debt_ratio": 41.45,
            "inventory_turnover_ratio": 1.16,
            "account_receivable_turnover_ratio": 1.07,
            "reinvestment_rate": -256.68,
            "research_to_sale_ratio": 2.28,
            "price_fair": 28,
            "eps_avg_yearly": 0.8,
            "eps_latest_yearly": 0.88,
            "eps_growth_yearly": 753.86
        },
        "20213": {
            "year_quarter": 20213,
            "year": 2021,
            "quarter": 3,
            "eps": 0.27,
            "eps_growth_year": 350,
            "eps_4q": 1.2,
            "eps_4q_growth_year": 775.81,
            "roe": 2.35,
            "roe_4q": 11.42,
            "gross_profit": 37482,
            "gross_margin": 31.84,
            "gross_margin_4q_avg": 26.4,
            "net_income": 21729,
            "net_income_4q": null,
            "revenue": 117726,
            "revenue_4q": null,
            "common_shares": 830706,
            "book_valuer_per_share": 9.63,
            "book_valuer_per_share_4q_avg": 9.24,
            "equity": 931729,
            "current_ratio": 103.24,
            "debt_ratio": 43.94,
            "inventory_turnover_ratio": 0.98,
            "account_receivable_turnover_ratio": 0.77,
            "reinvestment_rate": -200.48,
            "research_to_sale_ratio": 2.41,
            "price_fair": 29.4,
            "eps_avg_yearly": 0.84,
            "eps_latest_yearly": 1.08,
            "eps_growth_yearly": 659.15
        },
        "20214": {
            "year_quarter": 20214,
            "year": 2021,
            "quarter": 4,
            "eps": 1.44,
            "eps_growth_year": 157.45,
            "eps_4q": 2.08,
            "eps_4q_growth_year": 282.35,
            "roe": 11.91,
            "roe_4q": 17.49,
            "gross_profit": 26261,
            "gross_margin": 25.4,
            "gross_margin_4q_avg": 27.68,
            "net_income": 118536,
            "net_income_4q": null,
            "revenue": 103408,
            "revenue_4q": null,
            "common_shares": 830706,
            "book_valuer_per_share": 11.14,
            "book_valuer_per_share_4q_avg": 9.79,
            "equity": 1059064,
            "current_ratio": 119.34,
            "debt_ratio": 40.07,
            "inventory_turnover_ratio": 0.91,
            "account_receivable_turnover_ratio": 0.77,
            "reinvestment_rate": -101.55,
            "research_to_sale_ratio": 2.53,
            "price_fair": 50.93,
            "eps_avg_yearly": 1.46,
            "eps_latest_yearly": 5.76,
            "eps_growth_yearly": 793.42
        },
        "20221": {
            "year_quarter": 20221,
            "year": 2022,
            "quarter": 1,
            "eps": 0.23,
            "eps_growth_year": 53.33,
            "eps_4q": 2.16,
            "eps_4q_growth_year": 159.89,
            "roe": 1.46,
            "roe_4q": 17.68,
            "gross_profit": 13296,
            "gross_margin": 17.55,
            "gross_margin_4q_avg": 26.22,
            "net_income": 15619,
            "net_income_4q": null,
            "revenue": 75774,
            "revenue_4q": null,
            "common_shares": 830706,
            "book_valuer_per_share": 11.43,
            "book_valuer_per_share_4q_avg": 10.38,
            "equity": 1084271,
            "current_ratio": 118.82,
            "debt_ratio": 42.8,
            "inventory_turnover_ratio": 0.5,
            "account_receivable_turnover_ratio": 0.72,
            "reinvestment_rate": -88.43,
            "research_to_sale_ratio": 2.56,
            "price_fair": 48.84,
            "eps_avg_yearly": 1.4,
            "eps_latest_yearly": 0.92,
            "eps_growth_yearly": 667.92
        },
        "20222": {
            "year_quarter": 20222,
            "year": 2022,
            "quarter": 2,
            "eps": 0.47,
            "eps_growth_year": 113.64,
            "eps_4q": 2.41,
            "eps_4q_growth_year": 143.59,
            "roe": 3.03,
            "roe_4q": 18.75,
            "gross_profit": -12925,
            "gross_margin": -19.22,
            "gross_margin_4q_avg": 13.89,
            "net_income": 33753,
            "net_income_4q": null,
            "revenue": 67230,
            "revenue_4q": null,
            "common_shares": 830706,
            "book_valuer_per_share": 12.19,
            "book_valuer_per_share_4q_avg": 11.1,
            "equity": 1140740,
            "current_ratio": 125.93,
            "debt_ratio": 39.88,
            "inventory_turnover_ratio": 0.42,
            "account_receivable_turnover_ratio": 0.64,
            "reinvestment_rate": -76.92,
            "research_to_sale_ratio": 2.34,
            "price_fair": 50.54,
            "eps_avg_yearly": 1.44,
            "eps_latest_yearly": 1.88,
            "eps_growth_yearly": 642.87
        },
        "20223": {
            "year_quarter": 20223,
            "year": 2022,
            "quarter": 3,
            "eps": -0.07,
            "eps_growth_year": -125.93,
            "eps_4q": 2.07,
            "eps_4q_growth_year": 72.89,
            "roe": -1.13,
            "roe_4q": 15.27,
            "gross_profit": 5486,
            "gross_margin": 4.78,
            "gross_margin_4q_avg": 7.13,
            "net_income": -12835,
            "net_income_4q": null,
            "revenue": 114655,
            "revenue_4q": null,
            "common_shares": 830706,
            "book_valuer_per_share": 12.07,
            "book_valuer_per_share_4q_avg": 11.71,
            "equity": 1127034,
            "current_ratio": 127.3,
            "debt_ratio": 37.75,
            "inventory_turnover_ratio": 0.6,
            "account_receivable_turnover_ratio": 1.42,
            "reinvestment_rate": -77.54,
            "research_to_sale_ratio": 1.81,
            "price_fair": 50.54,
            "eps_avg_yearly": 1.44,
            "eps_latest_yearly": 1.88,
            "eps_growth_yearly": 642.87
        },
        "20224": {
            "year_quarter": 20224,
            "year": 2022,
            "quarter": 4,
            "eps": 2.14,
            "eps_growth_year": 48.86,
            "eps_4q": 2.77,
            "eps_4q_growth_year": 33.44,
            "roe": 12.38,
            "roe_4q": 15.739999999999998,
            "gross_profit": -37624,
            "gross_margin": -66.99,
            "gross_margin_4q_avg": -15.97,
            "net_income": 148949,
            "net_income_4q": null,
            "revenue": 56164,
            "revenue_4q": null,
            "common_shares": 830706,
            "book_valuer_per_share": 14.27,
            "book_valuer_per_share_4q_avg": 12.49,
            "equity": 1278515,
            "current_ratio": 163.1,
            "debt_ratio": 32.02,
            "inventory_turnover_ratio": 0.75,
            "account_receivable_turnover_ratio": 0.9,
            "reinvestment_rate": -57.8,
            "research_to_sale_ratio": 3.17,
            "price_fair": 50.54,
            "eps_avg_yearly": 1.44,
            "eps_latest_yearly": 1.88,
            "eps_growth_yearly": 642.87
        },
        "20231": {
            "year_quarter": 20231,
            "year": 2023,
            "quarter": 1,
            "eps": -0.53,
            "eps_growth_year": -330.43,
            "eps_4q": 2.01,
            "eps_4q_growth_year": -6.57,
            "roe": -5.87,
            "roe_4q": 8.41,
            "gross_profit": -36227,
            "gross_margin": -65.16,
            "gross_margin_4q_avg": -36.65,
            "net_income": -72705,
            "net_income_4q": null,
            "revenue": 55596,
            "revenue_4q": null,
            "common_shares": 830706,
            "book_valuer_per_share": 13.67,
            "book_valuer_per_share_4q_avg": 13.05,
            "equity": 1200100,
            "current_ratio": 148.93,
            "debt_ratio": 30.92,
            "inventory_turnover_ratio": 1.27,
            "account_receivable_turnover_ratio": 1.02,
            "reinvestment_rate": -62.42,
            "research_to_sale_ratio": 4.12,
            "price_fair": 55.22,
            "eps_avg_yearly": 1.58,
            "eps_latest_yearly": 1.88,
            "eps_growth_yearly": 748.07
        },
        "20232": {
            "year_quarter": 20232,
            "year": 2023,
            "quarter": 2,
            "eps": -0.53,
            "eps_growth_year": -212.77,
            "eps_4q": 1.01,
            "eps_4q_growth_year": -57.94,
            "roe": -3.85,
            "roe_4q": 1.5300000000000002,
            "gross_profit": 13509,
            "gross_margin": 25.64,
            "gross_margin_4q_avg": -25.43,
            "net_income": -45010,
            "net_income_4q": null,
            "revenue": 52687,
            "revenue_4q": null,
            "common_shares": 830706,
            "book_valuer_per_share": 12.99,
            "book_valuer_per_share_4q_avg": 13.25,
            "equity": 1140890,
            "current_ratio": 167.71,
            "debt_ratio": 29.14,
            "inventory_turnover_ratio": 0.89,
            "account_receivable_turnover_ratio": 0.99,
            "reinvestment_rate": -64.4,
            "research_to_sale_ratio": 4.22,
            "price_fair": 55.22,
            "eps_avg_yearly": 1.58,
            "eps_latest_yearly": 1.88,
            "eps_growth_yearly": 748.07
        },
        "20233": {
            "year_quarter": 20233,
            "year": 2023,
            "quarter": 3,
            "eps": -0.02,
            "eps_growth_year": null,
            "eps_4q": 1.07,
            "eps_4q_growth_year": -48.28,
            "roe": -0.32,
            "roe_4q": 2.3400000000000016,
            "gross_profit": 12629,
            "gross_margin": 22.93,
            "gross_margin_4q_avg": -20.9,
            "net_income": -3649,
            "net_income_4q": null,
            "revenue": 55079,
            "revenue_4q": null,
            "common_shares": 830706,
            "book_valuer_per_share": 12.96,
            "book_valuer_per_share_4q_avg": 13.47,
            "equity": 1137623,
            "current_ratio": 177.75,
            "debt_ratio": 29.04,
            "inventory_turnover_ratio": 1.01,
            "account_receivable_turnover_ratio": 0.95,
            "reinvestment_rate": -64.7,
            "research_to_sale_ratio": 4.4,
            "price_fair": 55.22,
            "eps_avg_yearly": 1.58,
            "eps_latest_yearly": 1.88,
            "eps_growth_yearly": 748.07
        }
    },
    "months": {
        "2003-10": {
            "month": "2003-10",
            "price": "11.33",
            "revenue": 125114
        },
        "2003-11": {
            "month": "2003-11",
            "price": "11.64",
            "revenue": 117262
        },
        "2003-12": {
            "month": "2003-12",
            "price": "13.54",
            "revenue": 122028
        },
        "2004-01": {
            "month": "2004-01",
            "price": "15.04",
            "revenue": 102427
        },
        "2004-02": {
            "month": "2004-02",
            "price": "14.61",
            "revenue": 126504
        },
        "2004-03": {
            "month": "2004-03",
            "price": "14.87",
            "revenue": 167460
        },
        "2004-04": {
            "month": "2004-04",
            "price": "16.65",
            "revenue": 144030
        },
        "2004-05": {
            "month": "2004-05",
            "price": "16.86",
            "revenue": 121742
        },
        "2004-06": {
            "month": "2004-06",
            "price": "16.87",
            "revenue": 135685
        },
        "2004-07": {
            "month": "2004-07",
            "price": "16.89",
            "revenue": 133007
        },
        "2004-08": {
            "month": "2004-08",
            "price": "15.63",
            "revenue": 123234
        },
        "2004-09": {
            "month": "2004-09",
            "price": "16.12",
            "revenue": 101757
        },
        "2004-10": {
            "month": "2004-10",
            "price": "16.53",
            "revenue": 118082
        },
        "2004-11": {
            "month": "2004-11",
            "price": "16.44",
            "revenue": 122268
        },
        "2004-12": {
            "month": "2004-12",
            "price": "14.50",
            "revenue": 125609
        },
        "2005-01": {
            "month": "2005-01",
            "price": "15.11",
            "revenue": 106532
        },
        "2005-02": {
            "month": "2005-02",
            "price": "16.78",
            "revenue": 108243
        },
        "2005-03": {
            "month": "2005-03",
            "price": "16.56",
            "revenue": 121025
        },
        "2005-04": {
            "month": "2005-04",
            "price": "15.95",
            "revenue": 106964
        },
        "2005-05": {
            "month": "2005-05",
            "price": "15.55",
            "revenue": 119498
        },
        "2005-06": {
            "month": "2005-06",
            "price": "16.22",
            "revenue": 134091
        },
        "2005-07": {
            "month": "2005-07",
            "price": "16.59",
            "revenue": 138671
        },
        "2005-08": {
            "month": "2005-08",
            "price": "18.14",
            "revenue": 187758
        },
        "2005-09": {
            "month": "2005-09",
            "price": "24.72",
            "revenue": 178766
        },
        "2005-10": {
            "month": "2005-10",
            "price": "24.04",
            "revenue": 156474
        },
        "2005-11": {
            "month": "2005-11",
            "price": "24.06",
            "revenue": 193476
        },
        "2005-12": {
            "month": "2005-12",
            "price": "29.28",
            "revenue": 160839
        },
        "2006-01": {
            "month": "2006-01",
            "price": "29.89",
            "revenue": 141777
        },
        "2006-02": {
            "month": "2006-02",
            "price": "29.45",
            "revenue": 119130
        },
        "2006-03": {
            "month": "2006-03",
            "price": "31.10",
            "revenue": 182216
        },
        "2006-04": {
            "month": "2006-04",
            "price": "37.23",
            "revenue": 187323
        },
        "2006-05": {
            "month": "2006-05",
            "price": "38.55",
            "revenue": 195910
        },
        "2006-06": {
            "month": "2006-06",
            "price": "35.92",
            "revenue": 164590
        },
        "2006-07": {
            "month": "2006-07",
            "price": "33.82",
            "revenue": 146277
        },
        "2006-08": {
            "month": "2006-08",
            "price": "32.81",
            "revenue": 151475
        },
        "2006-09": {
            "month": "2006-09",
            "price": "29.61",
            "revenue": 145647
        },
        "2006-10": {
            "month": "2006-10",
            "price": "28.02",
            "revenue": 155578
        },
        "2006-11": {
            "month": "2006-11",
            "price": "26.52",
            "revenue": 123611
        },
        "2006-12": {
            "month": "2006-12",
            "price": "29.71",
            "revenue": 122226
        },
        "2007-01": {
            "month": "2007-01",
            "price": "29.84",
            "revenue": 143933
        },
        "2007-02": {
            "month": "2007-02",
            "price": "29.56",
            "revenue": 93332
        },
        "2007-03": {
            "month": "2007-03",
            "price": "30.48",
            "revenue": 145334
        },
        "2007-04": {
            "month": "2007-04",
            "price": "29.50",
            "revenue": 150677
        },
        "2007-05": {
            "month": "2007-05",
            "price": "27.99",
            "revenue": 145557
        },
        "2007-06": {
            "month": "2007-06",
            "price": "32.76",
            "revenue": 134121
        },
        "2007-07": {
            "month": "2007-07",
            "price": "41.33",
            "revenue": 131310
        },
        "2007-08": {
            "month": "2007-08",
            "price": "40.42",
            "revenue": 139143
        },
        "2007-09": {
            "month": "2007-09",
            "price": "36.88",
            "revenue": 128472
        },
        "2007-10": {
            "month": "2007-10",
            "price": "36.82",
            "revenue": 134596
        },
        "2007-11": {
            "month": "2007-11",
            "price": "28.57",
            "revenue": 116262
        },
        "2007-12": {
            "month": "2007-12",
            "price": "22.54",
            "revenue": 123373
        },
        "2008-01": {
            "month": "2008-01",
            "price": "18.82",
            "revenue": 120280
        },
        "2008-02": {
            "month": "2008-02",
            "price": "17.46",
            "revenue": 86866
        },
        "2008-03": {
            "month": "2008-03",
            "price": "18.55",
            "revenue": 106819
        },
        "2008-04": {
            "month": "2008-04",
            "price": "18.86",
            "revenue": 115594
        },
        "2008-05": {
            "month": "2008-05",
            "price": "19.42",
            "revenue": 106008
        },
        "2008-06": {
            "month": "2008-06",
            "price": "16.28",
            "revenue": 93019
        },
        "2008-07": {
            "month": "2008-07",
            "price": "11.42",
            "revenue": 111031
        },
        "2008-08": {
            "month": "2008-08",
            "price": "10.95",
            "revenue": 100210
        },
        "2008-09": {
            "month": "2008-09",
            "price": "8.51",
            "revenue": 95778
        },
        "2008-10": {
            "month": "2008-10",
            "price": "6.39",
            "revenue": 79211
        },
        "2008-11": {
            "month": "2008-11",
            "price": "4.27",
            "revenue": 71655
        },
        "2008-12": {
            "month": "2008-12",
            "price": "4.43",
            "revenue": 74611
        },
        "2009-01": {
            "month": "2009-01",
            "price": "5.00",
            "revenue": 43432
        },
        "2009-02": {
            "month": "2009-02",
            "price": "5.43",
            "revenue": 56965
        },
        "2009-03": {
            "month": "2009-03",
            "price": "7.00",
            "revenue": 77269
        },
        "2009-04": {
            "month": "2009-04",
            "price": "9.37",
            "revenue": 66107
        },
        "2009-05": {
            "month": "2009-05",
            "price": "10.47",
            "revenue": 48192
        },
        "2009-06": {
            "month": "2009-06",
            "price": "10.43",
            "revenue": 64629
        },
        "2009-07": {
            "month": "2009-07",
            "price": "11.56",
            "revenue": 68825
        },
        "2009-08": {
            "month": "2009-08",
            "price": "12.14",
            "revenue": 61075
        },
        "2009-09": {
            "month": "2009-09",
            "price": "12.92",
            "revenue": 66307
        },
        "2009-10": {
            "month": "2009-10",
            "price": "16.44",
            "revenue": 56338
        },
        "2009-11": {
            "month": "2009-11",
            "price": "15.02",
            "revenue": 55443
        },
        "2009-12": {
            "month": "2009-12",
            "price": "16.00",
            "revenue": 50436
        },
        "2010-01": {
            "month": "2010-01",
            "price": "14.45",
            "revenue": 60098
        },
        "2010-02": {
            "month": "2010-02",
            "price": "12.22",
            "revenue": 32132
        },
        "2010-03": {
            "month": "2010-03",
            "price": "13.39",
            "revenue": 65903
        },
        "2010-04": {
            "month": "2010-04",
            "price": "14.00",
            "revenue": 63967
        },
        "2010-05": {
            "month": "2010-05",
            "price": "12.15",
            "revenue": 51001
        },
        "2010-06": {
            "month": "2010-06",
            "price": "12.09",
            "revenue": 47098
        },
        "2010-07": {
            "month": "2010-07",
            "price": "13.04",
            "revenue": 47394
        },
        "2010-08": {
            "month": "2010-08",
            "price": "12.46",
            "revenue": 47956
        },
        "2010-09": {
            "month": "2010-09",
            "price": "11.85",
            "revenue": 45341
        },
        "2010-10": {
            "month": "2010-10",
            "price": "11.19",
            "revenue": 38863
        },
        "2010-11": {
            "month": "2010-11",
            "price": "10.73",
            "revenue": 45216
        },
        "2010-12": {
            "month": "2010-12",
            "price": "12.92",
            "revenue": 46343
        },
        "2011-01": {
            "month": "2011-01",
            "price": "12.69",
            "revenue": 35121
        },
        "2011-02": {
            "month": "2011-02",
            "price": "11.97",
            "revenue": 18265
        },
        "2011-03": {
            "month": "2011-03",
            "price": "11.88",
            "revenue": 41419
        },
        "2011-04": {
            "month": "2011-04",
            "price": "10.90",
            "revenue": 28460
        },
        "2011-05": {
            "month": "2011-05",
            "price": "9.73",
            "revenue": 34169
        },
        "2011-06": {
            "month": "2011-06",
            "price": "9.56",
            "revenue": 31951
        },
        "2011-07": {
            "month": "2011-07",
            "price": "9.79",
            "revenue": 31007
        },
        "2011-08": {
            "month": "2011-08",
            "price": "8.26",
            "revenue": 19854
        },
        "2011-09": {
            "month": "2011-09",
            "price": "7.82",
            "revenue": 19620
        },
        "2011-10": {
            "month": "2011-10",
            "price": "7.51",
            "revenue": 33640
        },
        "2011-11": {
            "month": "2011-11",
            "price": "6.24",
            "revenue": 34840
        },
        "2011-12": {
            "month": "2011-12",
            "price": "5.86",
            "revenue": 33251
        },
        "2012-01": {
            "month": "2012-01",
            "price": "5.79",
            "revenue": 37214
        },
        "2012-02": {
            "month": "2012-02",
            "price": "6.92",
            "revenue": 32800
        },
        "2012-03": {
            "month": "2012-03",
            "price": "6.69",
            "revenue": 51478
        },
        "2012-04": {
            "month": "2012-04",
            "price": "6.10",
            "revenue": 43701
        },
        "2012-05": {
            "month": "2012-05",
            "price": "6.02",
            "revenue": 44729
        },
        "2012-06": {
            "month": "2012-06",
            "price": "5.78",
            "revenue": 43796
        },
        "2012-07": {
            "month": "2012-07",
            "price": "5.62",
            "revenue": 46337
        },
        "2012-08": {
            "month": "2012-08",
            "price": "5.84",
            "revenue": 49354
        },
        "2012-09": {
            "month": "2012-09",
            "price": "5.92",
            "revenue": 42185
        },
        "2012-10": {
            "month": "2012-10",
            "price": "5.96",
            "revenue": 50879
        },
        "2012-11": {
            "month": "2012-11",
            "price": "5.81",
            "revenue": 52768
        },
        "2012-12": {
            "month": "2012-12",
            "price": "5.87",
            "revenue": 47685
        },
        "2013-01": {
            "month": "2013-01",
            "price": "6.42",
            "revenue": 56815
        },
        "2013-02": {
            "month": "2013-02",
            "price": "6.47",
            "revenue": 23052
        },
        "2013-03": {
            "month": "2013-03",
            "price": "6.52",
            "revenue": 47116
        },
        "2013-04": {
            "month": "2013-04",
            "price": "6.57",
            "revenue": 45509
        },
        "2013-05": {
            "month": "2013-05",
            "price": "6.63",
            "revenue": 43024
        },
        "2013-06": {
            "month": "2013-06",
            "price": "6.60",
            "revenue": 47792
        },
        "2013-07": {
            "month": "2013-07",
            "price": "6.45",
            "revenue": 69816
        },
        "2013-08": {
            "month": "2013-08",
            "price": "6.46",
            "revenue": 39875
        },
        "2013-09": {
            "month": "2013-09",
            "price": "6.59",
            "revenue": 51218
        },
        "2013-10": {
            "month": "2013-10",
            "price": "6.68",
            "revenue": 53963
        },
        "2013-11": {
            "month": "2013-11",
            "price": "6.78",
            "revenue": 71533
        },
        "2013-12": {
            "month": "2013-12",
            "price": "6.77",
            "revenue": 60097
        },
        "2014-01": {
            "month": "2014-01",
            "price": "9.01",
            "revenue": 51044
        },
        "2014-02": {
            "month": "2014-02",
            "price": "8.95",
            "revenue": 39641
        },
        "2014-03": {
            "month": "2014-03",
            "price": "8.49",
            "revenue": 63697
        },
        "2014-04": {
            "month": "2014-04",
            "price": "5.58",
            "revenue": 58685
        },
        "2014-05": {
            "month": "2014-05",
            "price": "5.62",
            "revenue": 49883
        },
        "2014-06": {
            "month": "2014-06",
            "price": "5.71",
            "revenue": 55137
        },
        "2014-07": {
            "month": "2014-07",
            "price": "5.96",
            "revenue": 46126
        },
        "2014-08": {
            "month": "2014-08",
            "price": "5.89",
            "revenue": 40147
        },
        "2014-09": {
            "month": "2014-09",
            "price": "5.84",
            "revenue": 46512
        },
        "2014-10": {
            "month": "2014-10",
            "price": "5.39",
            "revenue": 43917
        },
        "2014-11": {
            "month": "2014-11",
            "price": "4.83",
            "revenue": 48550
        },
        "2014-12": {
            "month": "2014-12",
            "price": "7.89",
            "revenue": 59749
        },
        "2015-01": {
            "month": "2015-01",
            "price": "8.97",
            "revenue": 56548
        },
        "2015-02": {
            "month": "2015-02",
            "price": "8.57",
            "revenue": 24644
        },
        "2015-03": {
            "month": "2015-03",
            "price": "9.02",
            "revenue": 50299
        },
        "2015-04": {
            "month": "2015-04",
            "price": "8.74",
            "revenue": 50311
        },
        "2015-05": {
            "month": "2015-05",
            "price": "8.44",
            "revenue": 45131
        },
        "2015-06": {
            "month": "2015-06",
            "price": "8.36",
            "revenue": 37276
        },
        "2015-07": {
            "month": "2015-07",
            "price": "7.39",
            "revenue": 39871
        },
        "2015-08": {
            "month": "2015-08",
            "price": "7.30",
            "revenue": 35405
        },
        "2015-09": {
            "month": "2015-09",
            "price": "7.00",
            "revenue": 42737
        },
        "2015-10": {
            "month": "2015-10",
            "price": "6.97",
            "revenue": 35568
        },
        "2015-11": {
            "month": "2015-11",
            "price": "7.74",
            "revenue": 38437
        },
        "2015-12": {
            "month": "2015-12",
            "price": "8.02",
            "revenue": 41914
        },
        "2016-01": {
            "month": "2016-01",
            "price": "8.07",
            "revenue": 49435
        },
        "2016-02": {
            "month": "2016-02",
            "price": "7.96",
            "revenue": 21361
        },
        "2016-03": {
            "month": "2016-03",
            "price": "7.86",
            "revenue": 43296
        },
        "2016-04": {
            "month": "2016-04",
            "price": "7.50",
            "revenue": 34120
        },
        "2016-05": {
            "month": "2016-05",
            "price": "7.43",
            "revenue": 40826
        },
        "2016-06": {
            "month": "2016-06",
            "price": "7.30",
            "revenue": 37068
        },
        "2016-07": {
            "month": "2016-07",
            "price": "6.95",
            "revenue": 35077
        },
        "2016-08": {
            "month": "2016-08",
            "price": "7.08",
            "revenue": 35250
        },
        "2016-09": {
            "month": "2016-09",
            "price": "7.03",
            "revenue": 38147
        },
        "2016-10": {
            "month": "2016-10",
            "price": "6.98",
            "revenue": 33470
        },
        "2016-11": {
            "month": "2016-11",
            "price": "6.51",
            "revenue": 39603
        },
        "2016-12": {
            "month": "2016-12",
            "price": "7.14",
            "revenue": 40882
        },
        "2017-01": {
            "month": "2017-01",
            "price": "6.64",
            "revenue": 34363
        },
        "2017-02": {
            "month": "2017-02",
            "price": "6.33",
            "revenue": 32776
        },
        "2017-03": {
            "month": "2017-03",
            "price": "6.46",
            "revenue": 41876
        },
        "2017-04": {
            "month": "2017-04",
            "price": "7.96",
            "revenue": 37574
        },
        "2017-05": {
            "month": "2017-05",
            "price": "8.26",
            "revenue": 33588
        },
        "2017-06": {
            "month": "2017-06",
            "price": "7.60",
            "revenue": 36083
        },
        "2017-07": {
            "month": "2017-07",
            "price": "7.42",
            "revenue": 30798
        },
        "2017-08": {
            "month": "2017-08",
            "price": "6.73",
            "revenue": 40226
        },
        "2017-09": {
            "month": "2017-09",
            "price": "7.31",
            "revenue": 39125
        },
        "2017-10": {
            "month": "2017-10",
            "price": "7.38",
            "revenue": 32978
        },
        "2017-11": {
            "month": "2017-11",
            "price": "7.20",
            "revenue": 41571
        },
        "2017-12": {
            "month": "2017-12",
            "price": "7.16",
            "revenue": 45694
        },
        "2018-01": {
            "month": "2018-01",
            "price": "7.09",
            "revenue": 46494
        },
        "2018-02": {
            "month": "2018-02",
            "price": "6.73",
            "revenue": 23728
        },
        "2018-03": {
            "month": "2018-03",
            "price": "7.05",
            "revenue": 40167
        },
        "2018-04": {
            "month": "2018-04",
            "price": "6.98",
            "revenue": 32245
        },
        "2018-05": {
            "month": "2018-05",
            "price": "7.07",
            "revenue": 37980
        },
        "2018-06": {
            "month": "2018-06",
            "price": "7.16",
            "revenue": 37710
        },
        "2018-07": {
            "month": "2018-07",
            "price": "6.84",
            "revenue": 33678
        },
        "2018-08": {
            "month": "2018-08",
            "price": "6.46",
            "revenue": 32883
        },
        "2018-09": {
            "month": "2018-09",
            "price": "6.18",
            "revenue": 32127
        },
        "2018-10": {
            "month": "2018-10",
            "price": "5.85",
            "revenue": 27769
        },
        "2018-11": {
            "month": "2018-11",
            "price": "5.87",
            "revenue": 30531
        },
        "2018-12": {
            "month": "2018-12",
            "price": "5.92",
            "revenue": 33223
        },
        "2019-01": {
            "month": "2019-01",
            "price": "6.24",
            "revenue": 38995
        },
        "2019-02": {
            "month": "2019-02",
            "price": "5.92",
            "revenue": 16118
        },
        "2019-03": {
            "month": "2019-03",
            "price": "5.93",
            "revenue": 37802
        },
        "2019-04": {
            "month": "2019-04",
            "price": "6.59",
            "revenue": 33988
        },
        "2019-05": {
            "month": "2019-05",
            "price": "6.90",
            "revenue": 41539
        },
        "2019-06": {
            "month": "2019-06",
            "price": "7.41",
            "revenue": 34890
        },
        "2019-07": {
            "month": "2019-07",
            "price": "7.38",
            "revenue": 39465
        },
        "2019-08": {
            "month": "2019-08",
            "price": "6.72",
            "revenue": 33055
        },
        "2019-09": {
            "month": "2019-09",
            "price": "6.64",
            "revenue": 41663
        },
        "2019-10": {
            "month": "2019-10",
            "price": "7.16",
            "revenue": 28594
        },
        "2019-11": {
            "month": "2019-11",
            "price": "7.66",
            "revenue": 41191
        },
        "2019-12": {
            "month": "2019-12",
            "price": "7.94",
            "revenue": 32267
        },
        "2020-01": {
            "month": "2020-01",
            "price": "7.81",
            "revenue": 23343
        },
        "2020-02": {
            "month": "2020-02",
            "price": "7.03",
            "revenue": 13951
        },
        "2020-03": {
            "month": "2020-03",
            "price": "6.09",
            "revenue": 32388
        },
        "2020-04": {
            "month": "2020-04",
            "price": "5.91",
            "revenue": 28515
        },
        "2020-05": {
            "month": "2020-05",
            "price": "6.43",
            "revenue": 26205
        },
        "2020-06": {
            "month": "2020-06",
            "price": "5.91",
            "revenue": 24851
        },
        "2020-07": {
            "month": "2020-07",
            "price": "6.03",
            "revenue": 25028
        },
        "2020-08": {
            "month": "2020-08",
            "price": "6.21",
            "revenue": 31998
        },
        "2020-09": {
            "month": "2020-09",
            "price": "7.20",
            "revenue": 36825
        },
        "2020-10": {
            "month": "2020-10",
            "price": "7.69",
            "revenue": 27965
        },
        "2020-11": {
            "month": "2020-11",
            "price": "7.41",
            "revenue": 27393
        },
        "2020-12": {
            "month": "2020-12",
            "price": "7.32",
            "revenue": 36657
        },
        "2021-01": {
            "month": "2021-01",
            "price": "7.47",
            "revenue": 35906
        },
        "2021-02": {
            "month": "2021-02",
            "price": "7.92",
            "revenue": 15071
        },
        "2021-03": {
            "month": "2021-03",
            "price": "13.86",
            "revenue": 39949
        },
        "2021-04": {
            "month": "2021-04",
            "price": "14.75",
            "revenue": 40344
        },
        "2021-05": {
            "month": "2021-05",
            "price": "11.93",
            "revenue": 38679
        },
        "2021-06": {
            "month": "2021-06",
            "price": "12.30",
            "revenue": 42324
        },
        "2021-07": {
            "month": "2021-07",
            "price": "13.64",
            "revenue": 44428
        },
        "2021-08": {
            "month": "2021-08",
            "price": "13.78",
            "revenue": 37380
        },
        "2021-09": {
            "month": "2021-09",
            "price": "12.77",
            "revenue": 36051
        },
        "2021-10": {
            "month": "2021-10",
            "price": "12.28",
            "revenue": 50720
        },
        "2021-11": {
            "month": "2021-11",
            "price": "16.55",
            "revenue": 31913
        },
        "2021-12": {
            "month": "2021-12",
            "price": "30.06",
            "revenue": 20540
        },
        "2022-01": {
            "month": "2022-01",
            "price": "27.52",
            "revenue": 120273
        },
        "2022-02": {
            "month": "2022-02",
            "price": "37.92",
            "revenue": 14499
        },
        "2022-03": {
            "month": "2022-03",
            "price": "40.55",
            "revenue": 31219
        },
        "2022-04": {
            "month": "2022-04",
            "price": "37.81",
            "revenue": 22476
        },
        "2022-05": {
            "month": "2022-05",
            "price": "30.22",
            "revenue": 23296
        },
        "2022-06": {
            "month": "2022-06",
            "price": "28.50",
            "revenue": 20984
        },
        "2022-07": {
            "month": "2022-07",
            "price": "22.52",
            "revenue": 72151
        },
        "2022-08": {
            "month": "2022-08",
            "price": "30.33",
            "revenue": 17713
        },
        "2022-09": {
            "month": "2022-09",
            "price": "28.13",
            "revenue": 25232
        },
        "2022-10": {
            "month": "2022-10",
            "price": "22.01",
            "revenue": 22919
        },
        "2022-11": {
            "month": "2022-11",
            "price": "24.60",
            "revenue": 18380
        },
        "2022-12": {
            "month": "2022-12",
            "price": "24.13",
            "revenue": 12419
        },
        "2023-01": {
            "month": "2023-01",
            "price": "24.52",
            "revenue": 16983
        },
        "2023-02": {
            "month": "2023-02",
            "price": "24.10",
            "revenue": 12301
        },
        "2023-03": {
            "month": "2023-03",
            "price": "25.34",
            "revenue": 26120
        },
        "2023-04": {
            "month": "2023-04",
            "price": "24.29",
            "revenue": 19124
        },
        "2023-05": {
            "month": "2023-05",
            "price": "22.04",
            "revenue": 17874
        },
        "2023-06": {
            "month": "2023-06",
            "price": "21.77",
            "revenue": 15788
        },
        "2023-07": {
            "month": "2023-07",
            "price": "19.84",
            "revenue": 17052
        },
        "2023-08": {
            "month": "2023-08",
            "price": "17.93",
            "revenue": 17089
        },
        "2023-09": {
            "month": "2023-09",
            "price": "18.32",
            "revenue": 20509
        },
        "2023-10": {
            "month": "2023-10",
            "price": "17.56",
            "revenue": 14623
        },
        "2023-11": {
            "month": "2023-11",
            "price": "16.89",
            "revenue": 16918
        }
    }
}
