{
    "summary": {
        "stock_name": "全域",
        "stock_id": "3067",
        "category": "其他電子",
        "main_business": "PHONIC 專業音響之製造及全球行銷",
        "website_url": "http://www.twphonic.com",
        "ceo": "鄒景文",
        "pe_ratio": 39,
        "report_year_from": 2001,
        "report_year_to": 2023,
        "age": 23,
        "eps_negative_percentage": 45,
        "eps_growth_avg": {
            "last_all": -39.53,
            "last_2y": -100,
            "last_4y": -100,
            "last_8y": -100,
            "last_12y": -93.2,
            "last_16y": -51.94,
            "last_20y": -39.53,
            "at_2006_last_3y": -17.81,
            "at_2007_last_3y": -13.05,
            "at_2008_last_3y": -35.85,
            "at_2009_last_3y": -37.73,
            "at_2010_last_3y": 3.07,
            "at_2011_last_3y": -24.27,
            "at_2012_last_3y": -24.27,
            "at_2013_last_3y": -24.27,
            "at_2014_last_3y": -86.4,
            "at_2015_last_3y": -100,
            "at_2016_last_3y": -100,
            "at_2017_last_3y": -100,
            "at_2018_last_3y": -100,
            "at_2019_last_3y": null,
            "at_2020_last_3y": null,
            "at_2021_last_3y": null,
            "at_2022_last_3y": -100,
            "at_2023_last_3y": -100,
            "at_2024_last_3y": -100,
            "at_2006_last_all": -17.81,
            "at_2007_last_all": -12.41,
            "at_2008_last_all": -27.01,
            "at_2009_last_all": -27.01,
            "at_2010_last_all": -8.86,
            "at_2011_last_all": -16.85,
            "at_2012_last_all": -26.09,
            "at_2013_last_all": -26.09,
            "at_2014_last_all": -26.09,
            "at_2015_last_all": -33.48,
            "at_2016_last_all": -33.48,
            "at_2017_last_all": -33.48,
            "at_2018_last_all": -33.48,
            "at_2019_last_all": -33.48,
            "at_2020_last_all": -33.48,
            "at_2021_last_all": -33.48,
            "at_2022_last_all": -39.53,
            "at_2023_last_all": -39.53,
            "at_2024_last_all": -39.53
        },
        "latest_eps": 0.95,
        "latest_price": 37.25,
        "latest_roe": 7.48,
        "latest_gross_margin": 40.33,
        "latest_equity": 263797,
        "latest_revenue": 49525,
        "latest_gross_profit": 19971,
        "latest_net_income": 11686,
        "latest_debt_ratio": 24.12,
        "latest_current_ratio": 372.09,
        "latest_account_receivable_turnover_ratio": 14.29,
        "latest_inventory_turnover_ratio": 1.31,
        "latest_reinvestment_rate": -23.84,
        "latest_research_to_sale_ratio": 0.74
    },
    "eps_dividends": {
        "2001": {
            "cash": 0,
            "stock": 0,
            "eps": 0
        },
        "2002": {
            "cash": 1.5,
            "stock": 1.5,
            "eps": 3.66
        },
        "2003": {
            "cash": 2.6,
            "stock": 0.6,
            "eps": 3.3
        },
        "2004": {
            "cash": 1.4,
            "stock": 1.4,
            "eps": 3.01
        },
        "2005": {
            "cash": 2.24,
            "stock": 0,
            "eps": 2.1
        },
        "2006": {
            "cash": 2.11,
            "stock": 0,
            "eps": 1.63
        },
        "2007": {
            "cash": 1.5,
            "stock": 0,
            "eps": 1.78
        },
        "2008": {
            "cash": 1.55,
            "stock": 0,
            "eps": -1.59
        },
        "2009": {
            "cash": 0,
            "stock": 0,
            "eps": 0.98
        },
        "2010": {
            "cash": 0,
            "stock": 0,
            "eps": 2.39
        },
        "2011": {
            "cash": 2.1,
            "stock": 0,
            "eps": 0.65
        },
        "2012": {
            "cash": 0.6,
            "stock": 0,
            "eps": -0.92
        },
        "2013": {
            "cash": 0,
            "stock": 0,
            "eps": -1.46
        },
        "2014": {
            "cash": 0,
            "stock": 0,
            "eps": 0.18
        },
        "2015": {
            "cash": 0,
            "stock": 0,
            "eps": -1.34
        },
        "2016": {
            "cash": 0,
            "stock": 0,
            "eps": -0.54
        },
        "2017": {
            "cash": 0,
            "stock": 0,
            "eps": -0.75
        },
        "2018": {
            "cash": 0,
            "stock": 0,
            "eps": -0.94
        },
        "2019": {
            "cash": 0,
            "stock": 0,
            "eps": -0.61
        },
        "2020": {
            "cash": 0,
            "stock": 0,
            "eps": -0.8
        },
        "2021": {
            "cash": 0,
            "stock": 0,
            "eps": 4.88
        },
        "2022": {
            "cash": 0,
            "stock": 0,
            "eps": -0.35
        },
        "2023": {
            "cash": 0,
            "stock": 0,
            "eps": 0.92
        }
    },
    "dividends": {
        "2002-05-31": {
            "cash": 1.5,
            "stock": 1.5
        },
        "2003-06-30": {
            "cash": 2.6,
            "stock": 0.6
        },
        "2004-05-03": {
            "cash": 1.4,
            "stock": 1.4
        },
        "2005-04-01": {
            "cash": 2.24,
            "stock": 0
        },
        "2006-04-06": {
            "cash": 2.11,
            "stock": 0
        },
        "2007-04-30": {
            "cash": 1.5,
            "stock": 0
        },
        "2008-04-28": {
            "cash": 1.55,
            "stock": 0
        },
        "2011-04-28": {
            "cash": 2.1,
            "stock": 0
        },
        "2012-03-27": {
            "cash": 0.6,
            "stock": 0
        }
    },
    "prices": {
        "200101": "無",
        "200102": "無",
        "200103": "無",
        "200104": "無",
        "200105": "無",
        "200106": "無",
        "200107": "無",
        "200108": "無",
        "200109": "無",
        "200110": "無",
        "200111": "無",
        "200112": "無",
        "200201": "無",
        "200202": "無",
        "200203": "無",
        "200204": "無",
        "200205": "無",
        "200206": "無",
        "200207": "無",
        "200208": "無",
        "200209": "無",
        "200210": "無",
        "200211": "無",
        "200212": "無",
        "200301": "無",
        "200302": "無",
        "200303": "無",
        "200304": "無",
        "200305": "無",
        "200306": "無",
        "200307": "無",
        "200308": "無",
        "200309": "41.22",
        "200310": "38.19",
        "200311": "37.76",
        "200312": "36.92",
        "200401": "36.94",
        "200402": "38.76",
        "200403": "38.41",
        "200404": "37.41",
        "200405": "37.05",
        "200406": "36.90",
        "200407": "35.59",
        "200408": "29.26",
        "200409": "30.38",
        "200410": "30.36",
        "200411": "31.87",
        "200412": "28.30",
        "200501": "24.31",
        "200502": "24.97",
        "200503": "26.10",
        "200504": "24.51",
        "200505": "24.16",
        "200506": "24.42",
        "200507": "25.45",
        "200508": "23.63",
        "200509": "22.35",
        "200510": "22.40",
        "200511": "22.28",
        "200512": "22.63",
        "200601": "22.94",
        "200602": "22.21",
        "200603": "22.10",
        "200604": "23.26",
        "200605": "23.67",
        "200606": "27.59",
        "200607": "23.54",
        "200608": "22.65",
        "200609": "26.43",
        "200610": "23.34",
        "200611": "25.72",
        "200612": "26.64",
        "200701": "27.25",
        "200702": "27.81",
        "200703": "27.15",
        "200704": "27.74",
        "200705": "24.81",
        "200706": "24.63",
        "200707": "25.95",
        "200708": "23.04",
        "200709": "20.81",
        "200710": "19.82",
        "200711": "19.99",
        "200712": "17.51",
        "200801": "16.61",
        "200802": "16.68",
        "200803": "16.84",
        "200804": "17.59",
        "200805": "19.00",
        "200806": "19.00",
        "200807": "17.49",
        "200808": "17.62",
        "200809": "14.46",
        "200810": "12.71",
        "200811": "12.32",
        "200812": "12.15",
        "200901": "12.90",
        "200902": "13.58",
        "200903": "12.42",
        "200904": "13.41",
        "200905": "12.27",
        "200906": "12.45",
        "200907": "12.88",
        "200908": "13.30",
        "200909": "13.96",
        "200910": "14.01",
        "200911": "16.63",
        "200912": "17.91",
        "201001": "18.99",
        "201002": "20.97",
        "201003": "32.59",
        "201004": "34.09",
        "201005": "29.95",
        "201006": "24.21",
        "201007": "23.98",
        "201008": "28.70",
        "201009": "27.98",
        "201010": "27.25",
        "201011": "26.37",
        "201012": "26.38",
        "201101": "27.90",
        "201102": "28.25",
        "201103": "28.10",
        "201104": "27.79",
        "201105": "28.42",
        "201106": "27.71",
        "201107": "27.75",
        "201108": "25.88",
        "201109": "23.28",
        "201110": "23.69",
        "201111": "22.14",
        "201112": "20.59",
        "201201": "19.78",
        "201202": "19.01",
        "201203": "19.01",
        "201204": "19.08",
        "201205": "18.92",
        "201206": "18.80",
        "201207": "18.65",
        "201208": "17.96",
        "201209": "17.87",
        "201210": "18.62",
        "201211": "18.46",
        "201212": "18.15",
        "201301": "17.63",
        "201302": "17.23",
        "201303": "18.53",
        "201304": "18.14",
        "201305": "17.98",
        "201306": "17.64",
        "201307": "16.71",
        "201308": "16.66",
        "201309": "16.21",
        "201310": "17.21",
        "201311": "20.45",
        "201312": "19.38",
        "201401": "19.00",
        "201402": "18.13",
        "201403": "19.63",
        "201404": "17.85",
        "201405": "16.83",
        "201406": "16.20",
        "201407": "16.82",
        "201408": "17.01",
        "201409": "16.84",
        "201410": "16.63",
        "201411": "16.73",
        "201412": "18.51",
        "201501": "22.84",
        "201502": "21.35",
        "201503": "18.73",
        "201504": "17.72",
        "201505": "17.42",
        "201506": "17.36",
        "201507": "17.70",
        "201508": "15.85",
        "201509": "12.72",
        "201510": "13.78",
        "201511": "14.02",
        "201512": "12.79",
        "201601": "12.67",
        "201602": "12.39",
        "201603": "12.96",
        "201604": "12.50",
        "201605": "12.28",
        "201606": "12.33",
        "201607": "12.54",
        "201608": "12.87",
        "201609": "14.30",
        "201610": "13.59",
        "201611": "12.85",
        "201612": "12.99",
        "201701": "12.68",
        "201702": "13.06",
        "201703": "12.35",
        "201704": "12.55",
        "201705": "12.41",
        "201706": "12.12",
        "201707": "11.96",
        "201708": "12.04",
        "201709": "12.76",
        "201710": "12.34",
        "201711": "12.41",
        "201712": "11.98",
        "201801": "11.57",
        "201802": "10.58",
        "201803": "10.74",
        "201804": "10.76",
        "201805": "10.77",
        "201806": "10.66",
        "201807": "10.68",
        "201808": "10.55",
        "201809": "10.40",
        "201810": "10.12",
        "201811": "9.98",
        "201812": "9.91",
        "201901": "9.82",
        "201902": "10.02",
        "201903": "9.79",
        "201904": "9.79",
        "201905": "9.71",
        "201906": "10.67",
        "201907": "11.05",
        "201908": "10.50",
        "201909": "10.62",
        "201910": "11.01",
        "201911": "12.25",
        "201912": "16.99",
        "202001": "27.89",
        "202002": "39.59",
        "202003": "42.68",
        "202004": "34.98",
        "202005": "26.78",
        "202006": "25.39",
        "202007": "26.45",
        "202008": "25.61",
        "202009": "27.31",
        "202010": "29.73",
        "202011": "31.48",
        "202012": "30.95",
        "202101": "30.22",
        "202102": "33.06",
        "202103": "32.57",
        "202104": "31.12",
        "202105": "28.08",
        "202106": "27.43",
        "202107": "28.14",
        "202108": "28.36",
        "202109": "28.26",
        "202110": "27.92",
        "202111": "27.77",
        "202112": "39.59",
        "202201": "34.99",
        "202202": "39.82",
        "202203": "40.63",
        "202204": "41.20",
        "202205": "41.04",
        "202206": "40.83",
        "202207": "40.25",
        "202208": "38.50",
        "202209": "37.52",
        "202210": "38.00",
        "202211": "37.60",
        "202212": "33.54",
        "202301": "35.98",
        "202302": "33.46",
        "202303": "33.04",
        "202304": "34.05",
        "202305": "35.84",
        "202306": "39.38",
        "202307": "38.46",
        "202308": "40.17",
        "202309": "38.29",
        "202310": "38.42",
        "202311": "37.99",
        "202312": "37.36"
    },
    "quarters": {
        "20011": {
            "year_quarter": 20011,
            "year": 2001,
            "quarter": 1,
            "eps": null,
            "eps_growth_year": null,
            "eps_4q": null,
            "eps_4q_growth_year": null,
            "roe": null,
            "roe_4q": 0,
            "gross_profit": null,
            "gross_margin": null,
            "gross_margin_4q_avg": 0,
            "net_income": null,
            "net_income_4q": null,
            "revenue": null,
            "revenue_4q": null,
            "common_shares": null,
            "book_valuer_per_share": null,
            "book_valuer_per_share_4q_avg": 0,
            "equity": null,
            "current_ratio": null,
            "debt_ratio": null,
            "inventory_turnover_ratio": null,
            "account_receivable_turnover_ratio": null,
            "reinvestment_rate": null,
            "research_to_sale_ratio": null,
            "price_fair": 0,
            "eps_avg_yearly": 0,
            "eps_latest_yearly": 0,
            "eps_growth_yearly": 0
        },
        "20012": {
            "year_quarter": 20012,
            "year": 2001,
            "quarter": 2,
            "eps": null,
            "eps_growth_year": null,
            "eps_4q": null,
            "eps_4q_growth_year": null,
            "roe": null,
            "roe_4q": 0,
            "gross_profit": null,
            "gross_margin": null,
            "gross_margin_4q_avg": 0,
            "net_income": null,
            "net_income_4q": null,
            "revenue": null,
            "revenue_4q": null,
            "common_shares": null,
            "book_valuer_per_share": null,
            "book_valuer_per_share_4q_avg": 0,
            "equity": null,
            "current_ratio": null,
            "debt_ratio": null,
            "inventory_turnover_ratio": null,
            "account_receivable_turnover_ratio": null,
            "reinvestment_rate": null,
            "research_to_sale_ratio": null,
            "price_fair": 0,
            "eps_avg_yearly": 0,
            "eps_latest_yearly": 0,
            "eps_growth_yearly": 0
        },
        "20013": {
            "year_quarter": 20013,
            "year": 2001,
            "quarter": 3,
            "eps": null,
            "eps_growth_year": null,
            "eps_4q": null,
            "eps_4q_growth_year": null,
            "roe": null,
            "roe_4q": 0,
            "gross_profit": null,
            "gross_margin": null,
            "gross_margin_4q_avg": 0,
            "net_income": null,
            "net_income_4q": null,
            "revenue": null,
            "revenue_4q": null,
            "common_shares": null,
            "book_valuer_per_share": null,
            "book_valuer_per_share_4q_avg": 0,
            "equity": null,
            "current_ratio": null,
            "debt_ratio": null,
            "inventory_turnover_ratio": null,
            "account_receivable_turnover_ratio": null,
            "reinvestment_rate": null,
            "research_to_sale_ratio": null,
            "price_fair": 0,
            "eps_avg_yearly": 0,
            "eps_latest_yearly": 0,
            "eps_growth_yearly": 0
        },
        "20014": {
            "year_quarter": 20014,
            "year": 2001,
            "quarter": 4,
            "eps": null,
            "eps_growth_year": null,
            "eps_4q": null,
            "eps_4q_growth_year": null,
            "roe": null,
            "roe_4q": 0,
            "gross_profit": null,
            "gross_margin": null,
            "gross_margin_4q_avg": 0,
            "net_income": null,
            "net_income_4q": null,
            "revenue": null,
            "revenue_4q": null,
            "common_shares": 203615,
            "book_valuer_per_share": 14.24,
            "book_valuer_per_share_4q_avg": 3.56,
            "equity": 292673,
            "current_ratio": 277.57,
            "debt_ratio": 27.03,
            "inventory_turnover_ratio": null,
            "account_receivable_turnover_ratio": null,
            "reinvestment_rate": null,
            "research_to_sale_ratio": null,
            "price_fair": 0,
            "eps_avg_yearly": 0,
            "eps_latest_yearly": 0,
            "eps_growth_yearly": 0
        },
        "20021": {
            "year_quarter": 20021,
            "year": 2002,
            "quarter": 1,
            "eps": 0.78,
            "eps_growth_year": null,
            "eps_4q": null,
            "eps_4q_growth_year": null,
            "roe": 5.31,
            "roe_4q": 5.31,
            "gross_profit": 34126,
            "gross_margin": 21.91,
            "gross_margin_4q_avg": 5.48,
            "net_income": 15905,
            "net_income_4q": null,
            "revenue": 155766,
            "revenue_4q": null,
            "common_shares": 203615,
            "book_valuer_per_share": 15.02,
            "book_valuer_per_share_4q_avg": 7.32,
            "equity": 305902,
            "current_ratio": 496.24,
            "debt_ratio": 14.31,
            "inventory_turnover_ratio": 2.73,
            "account_receivable_turnover_ratio": null,
            "reinvestment_rate": null,
            "research_to_sale_ratio": null,
            "price_fair": 0,
            "eps_avg_yearly": 0,
            "eps_latest_yearly": 0,
            "eps_growth_yearly": 0
        },
        "20022": {
            "year_quarter": 20022,
            "year": 2002,
            "quarter": 2,
            "eps": 0.09,
            "eps_growth_year": null,
            "eps_4q": null,
            "eps_4q_growth_year": null,
            "roe": 0.71,
            "roe_4q": 6.02,
            "gross_profit": 30082,
            "gross_margin": 17.16,
            "gross_margin_4q_avg": 9.77,
            "net_income": 2060,
            "net_income_4q": null,
            "revenue": 175305,
            "revenue_4q": null,
            "common_shares": 203615,
            "book_valuer_per_share": 13.59,
            "book_valuer_per_share_4q_avg": 10.71,
            "equity": 276786,
            "current_ratio": 254.94,
            "debt_ratio": 24.95,
            "inventory_turnover_ratio": 33.82,
            "account_receivable_turnover_ratio": null,
            "reinvestment_rate": null,
            "research_to_sale_ratio": null,
            "price_fair": 1.08,
            "eps_avg_yearly": 0.36,
            "eps_latest_yearly": 0.36,
            "eps_growth_yearly": -353.85
        },
        "20023": {
            "year_quarter": 20023,
            "year": 2002,
            "quarter": 3,
            "eps": 1.73,
            "eps_growth_year": null,
            "eps_4q": null,
            "eps_4q_growth_year": null,
            "roe": 13.77,
            "roe_4q": 19.79,
            "gross_profit": 49089,
            "gross_margin": 24.72,
            "gross_margin_4q_avg": 15.95,
            "net_income": 40924,
            "net_income_4q": null,
            "revenue": 198557,
            "revenue_4q": null,
            "common_shares": 236066,
            "book_valuer_per_share": 13.46,
            "book_valuer_per_share_4q_avg": 14.08,
            "equity": 317710,
            "current_ratio": 308.74,
            "debt_ratio": 20.35,
            "inventory_turnover_ratio": 144,
            "account_receivable_turnover_ratio": null,
            "reinvestment_rate": null,
            "research_to_sale_ratio": null,
            "price_fair": 127.4,
            "eps_avg_yearly": 3.64,
            "eps_latest_yearly": 6.92,
            "eps_growth_yearly": 3467.52
        },
        "20024": {
            "year_quarter": 20024,
            "year": 2002,
            "quarter": 4,
            "eps": 1.06,
            "eps_growth_year": null,
            "eps_4q": 3.56,
            "eps_4q_growth_year": null,
            "roe": 7.53,
            "roe_4q": 27.32,
            "gross_profit": 44920,
            "gross_margin": 22.26,
            "gross_margin_4q_avg": 21.51,
            "net_income": 24932,
            "net_income_4q": null,
            "revenue": 201794,
            "revenue_4q": null,
            "common_shares": 236066,
            "book_valuer_per_share": 14.48,
            "book_valuer_per_share_4q_avg": 14.14,
            "equity": 344605,
            "current_ratio": 225.21,
            "debt_ratio": 33.44,
            "inventory_turnover_ratio": 2.58,
            "account_receivable_turnover_ratio": null,
            "reinvestment_rate": null,
            "research_to_sale_ratio": null,
            "price_fair": 134.4,
            "eps_avg_yearly": 3.84,
            "eps_latest_yearly": 4.24,
            "eps_growth_yearly": 2260.04
        },
        "20031": {
            "year_quarter": 20031,
            "year": 2003,
            "quarter": 1,
            "eps": 0.62,
            "eps_growth_year": -20.51,
            "eps_4q": 3.5,
            "eps_4q_growth_year": null,
            "roe": 4.18,
            "roe_4q": 26.19,
            "gross_profit": 40912,
            "gross_margin": 23.05,
            "gross_margin_4q_avg": 21.8,
            "net_income": 14644,
            "net_income_4q": null,
            "revenue": 177478,
            "revenue_4q": null,
            "common_shares": 236066,
            "book_valuer_per_share": 15.1,
            "book_valuer_per_share_4q_avg": 14.16,
            "equity": 356400,
            "current_ratio": 312.74,
            "debt_ratio": 19.74,
            "inventory_turnover_ratio": 2.18,
            "account_receivable_turnover_ratio": null,
            "reinvestment_rate": null,
            "research_to_sale_ratio": null,
            "price_fair": 122.5,
            "eps_avg_yearly": 3.5,
            "eps_latest_yearly": 2.48,
            "eps_growth_yearly": 1653.52
        },
        "20032": {
            "year_quarter": 20032,
            "year": 2003,
            "quarter": 2,
            "eps": 0.71,
            "eps_growth_year": 688.89,
            "eps_4q": 3.91,
            "eps_4q_growth_year": null,
            "roe": 5.33,
            "roe_4q": 30.81,
            "gross_profit": 33003,
            "gross_margin": 17.9,
            "gross_margin_4q_avg": 21.98,
            "net_income": 17839,
            "net_income_4q": null,
            "revenue": 184375,
            "revenue_4q": null,
            "common_shares": 236066,
            "book_valuer_per_share": 13.25,
            "book_valuer_per_share_4q_avg": 14.07,
            "equity": 312725,
            "current_ratio": 171.91,
            "debt_ratio": 33.06,
            "inventory_turnover_ratio": 59.18,
            "account_receivable_turnover_ratio": null,
            "reinvestment_rate": null,
            "research_to_sale_ratio": null,
            "price_fair": 117.88,
            "eps_avg_yearly": 3.37,
            "eps_latest_yearly": 2.84,
            "eps_growth_yearly": 1334.43
        },
        "20033": {
            "year_quarter": 20033,
            "year": 2003,
            "quarter": 3,
            "eps": 1.09,
            "eps_growth_year": -36.99,
            "eps_4q": 3.37,
            "eps_4q_growth_year": null,
            "roe": 8.4,
            "roe_4q": 25.44,
            "gross_profit": 43920,
            "gross_margin": 18.9,
            "gross_margin_4q_avg": 20.53,
            "net_income": 27463,
            "net_income_4q": null,
            "revenue": 232363,
            "revenue_4q": null,
            "common_shares": 252660,
            "book_valuer_per_share": 13.49,
            "book_valuer_per_share_4q_avg": 14.08,
            "equity": 340915,
            "current_ratio": 180.1,
            "debt_ratio": 32.31,
            "inventory_turnover_ratio": 104.6,
            "account_receivable_turnover_ratio": null,
            "reinvestment_rate": null,
            "research_to_sale_ratio": null,
            "price_fair": 123.67,
            "eps_avg_yearly": 3.53,
            "eps_latest_yearly": 4.36,
            "eps_growth_yearly": 1147.71
        },
        "20034": {
            "year_quarter": 20034,
            "year": 2003,
            "quarter": 4,
            "eps": 0.88,
            "eps_growth_year": -16.98,
            "eps_4q": 3.24,
            "eps_4q_growth_year": -9.02,
            "roe": 6.38,
            "roe_4q": 24.29,
            "gross_profit": 39515,
            "gross_margin": 18.25,
            "gross_margin_4q_avg": 19.53,
            "net_income": 22330,
            "net_income_4q": null,
            "revenue": 216472,
            "revenue_4q": null,
            "common_shares": 252660,
            "book_valuer_per_share": 14.23,
            "book_valuer_per_share_4q_avg": 14.02,
            "equity": 359539,
            "current_ratio": 224.84,
            "debt_ratio": 34.01,
            "inventory_turnover_ratio": 2.88,
            "account_receivable_turnover_ratio": null,
            "reinvestment_rate": null,
            "research_to_sale_ratio": null,
            "price_fair": 123.6,
            "eps_avg_yearly": 3.53,
            "eps_latest_yearly": 3.52,
            "eps_growth_yearly": 972.74
        },
        "20041": {
            "year_quarter": 20041,
            "year": 2004,
            "quarter": 1,
            "eps": 0.81,
            "eps_growth_year": 30.65,
            "eps_4q": 3.48,
            "eps_4q_growth_year": -0.53,
            "roe": 5.55,
            "roe_4q": 25.659999999999997,
            "gross_profit": 41584,
            "gross_margin": 19.61,
            "gross_margin_4q_avg": 18.67,
            "net_income": 20541,
            "net_income_4q": null,
            "revenue": 212014,
            "revenue_4q": null,
            "common_shares": 252660,
            "book_valuer_per_share": 15.04,
            "book_valuer_per_share_4q_avg": 14,
            "equity": 380080,
            "current_ratio": 197.83,
            "debt_ratio": 31.44,
            "inventory_turnover_ratio": 2.73,
            "account_receivable_turnover_ratio": null,
            "reinvestment_rate": null,
            "research_to_sale_ratio": null,
            "price_fair": 122.33,
            "eps_avg_yearly": 3.5,
            "eps_latest_yearly": 3.24,
            "eps_growth_yearly": 847.17
        },
        "20042": {
            "year_quarter": 20042,
            "year": 2004,
            "quarter": 2,
            "eps": 0.55,
            "eps_growth_year": -22.54,
            "eps_4q": 2.98,
            "eps_4q_growth_year": -23.89,
            "roe": 4.32,
            "roe_4q": 24.65,
            "gross_profit": 40933,
            "gross_margin": 18.09,
            "gross_margin_4q_avg": 18.71,
            "net_income": 15926,
            "net_income_4q": null,
            "revenue": 226272,
            "revenue_4q": null,
            "common_shares": 252660,
            "book_valuer_per_share": 14.12,
            "book_valuer_per_share_4q_avg": 14.22,
            "equity": 356683,
            "current_ratio": 159.64,
            "debt_ratio": 40.53,
            "inventory_turnover_ratio": 27.27,
            "account_receivable_turnover_ratio": null,
            "reinvestment_rate": null,
            "research_to_sale_ratio": null,
            "price_fair": 117.29,
            "eps_avg_yearly": 3.35,
            "eps_latest_yearly": 2.2,
            "eps_growth_yearly": 738.77
        },
        "20043": {
            "year_quarter": 20043,
            "year": 2004,
            "quarter": 3,
            "eps": 0.95,
            "eps_growth_year": -12.84,
            "eps_4q": 2.98,
            "eps_4q_growth_year": -11.56,
            "roe": 7.43,
            "roe_4q": 23.68,
            "gross_profit": 51796,
            "gross_margin": 19.63,
            "gross_margin_4q_avg": 18.9,
            "net_income": 27524,
            "net_income_4q": null,
            "revenue": 263808,
            "revenue_4q": null,
            "common_shares": 290252,
            "book_valuer_per_share": 13.24,
            "book_valuer_per_share_4q_avg": 14.16,
            "equity": 384207,
            "current_ratio": 205.33,
            "debt_ratio": 29.72,
            "inventory_turnover_ratio": 21.28,
            "account_receivable_turnover_ratio": null,
            "reinvestment_rate": null,
            "research_to_sale_ratio": null,
            "price_fair": 118.86,
            "eps_avg_yearly": 3.4,
            "eps_latest_yearly": 3.8,
            "eps_growth_yearly": 693.99
        },
        "20044": {
            "year_quarter": 20044,
            "year": 2004,
            "quarter": 4,
            "eps": 0.7,
            "eps_growth_year": -20.45,
            "eps_4q": 2.92,
            "eps_4q_growth_year": -10.01,
            "roe": 5.16,
            "roe_4q": 22.46,
            "gross_profit": 55235,
            "gross_margin": 23.39,
            "gross_margin_4q_avg": 20.18,
            "net_income": 20197,
            "net_income_4q": null,
            "revenue": 236195,
            "revenue_4q": null,
            "common_shares": 290252,
            "book_valuer_per_share": 13.75,
            "book_valuer_per_share_4q_avg": 14.04,
            "equity": 399023,
            "current_ratio": 231.39,
            "debt_ratio": 31.55,
            "inventory_turnover_ratio": 1.65,
            "account_receivable_turnover_ratio": null,
            "reinvestment_rate": null,
            "research_to_sale_ratio": null,
            "price_fair": 116.96,
            "eps_avg_yearly": 3.34,
            "eps_latest_yearly": 2.8,
            "eps_growth_yearly": 621.33
        },
        "20051": {
            "year_quarter": 20051,
            "year": 2005,
            "quarter": 1,
            "eps": 0.53,
            "eps_growth_year": -34.57,
            "eps_4q": 2.72,
            "eps_4q_growth_year": -21.67,
            "roe": 3.81,
            "roe_4q": 20.72,
            "gross_profit": 33602,
            "gross_margin": 17.04,
            "gross_margin_4q_avg": 19.54,
            "net_income": 15379,
            "net_income_4q": null,
            "revenue": 197160,
            "revenue_4q": null,
            "common_shares": 290252,
            "book_valuer_per_share": 14.08,
            "book_valuer_per_share_4q_avg": 13.8,
            "equity": 408635,
            "current_ratio": 350.58,
            "debt_ratio": 15.75,
            "inventory_turnover_ratio": 1.55,
            "account_receivable_turnover_ratio": null,
            "reinvestment_rate": null,
            "research_to_sale_ratio": null,
            "price_fair": 113.4,
            "eps_avg_yearly": 3.24,
            "eps_latest_yearly": 2.12,
            "eps_growth_yearly": 561.46
        },
        "20052": {
            "year_quarter": 20052,
            "year": 2005,
            "quarter": 2,
            "eps": 0.46,
            "eps_growth_year": -16.36,
            "eps_4q": 2.63,
            "eps_4q_growth_year": -11.69,
            "roe": 3.5,
            "roe_4q": 19.9,
            "gross_profit": 41314,
            "gross_margin": 19.85,
            "gross_margin_4q_avg": 19.98,
            "net_income": 13371,
            "net_income_4q": null,
            "revenue": 208110,
            "revenue_4q": null,
            "common_shares": 290252,
            "book_valuer_per_share": 12.26,
            "book_valuer_per_share_4q_avg": 13.33,
            "equity": 355757,
            "current_ratio": 168.52,
            "debt_ratio": 35.38,
            "inventory_turnover_ratio": 45.04,
            "account_receivable_turnover_ratio": null,
            "reinvestment_rate": null,
            "research_to_sale_ratio": null,
            "price_fair": 109.63,
            "eps_avg_yearly": 3.13,
            "eps_latest_yearly": 1.84,
            "eps_growth_yearly": 514.2
        },
        "20053": {
            "year_quarter": 20053,
            "year": 2005,
            "quarter": 3,
            "eps": 0.83,
            "eps_growth_year": -12.63,
            "eps_4q": 2.52,
            "eps_4q_growth_year": -15.32,
            "roe": 6.44,
            "roe_4q": 18.910000000000004,
            "gross_profit": 46297,
            "gross_margin": 18.38,
            "gross_margin_4q_avg": 19.67,
            "net_income": 23996,
            "net_income_4q": null,
            "revenue": 251897,
            "revenue_4q": null,
            "common_shares": 290252,
            "book_valuer_per_share": 13.44,
            "book_valuer_per_share_4q_avg": 13.38,
            "equity": 389987,
            "current_ratio": 188.14,
            "debt_ratio": 30.92,
            "inventory_turnover_ratio": 47.31,
            "account_receivable_turnover_ratio": null,
            "reinvestment_rate": null,
            "research_to_sale_ratio": null,
            "price_fair": 110.1,
            "eps_avg_yearly": 3.15,
            "eps_latest_yearly": 3.32,
            "eps_growth_yearly": 500.46
        },
        "20054": {
            "year_quarter": 20054,
            "year": 2005,
            "quarter": 4,
            "eps": 0.28,
            "eps_growth_year": -60,
            "eps_4q": 2.13,
            "eps_4q_growth_year": -26.9,
            "roe": 2.03,
            "roe_4q": 15.780000000000001,
            "gross_profit": 38158,
            "gross_margin": 16.72,
            "gross_margin_4q_avg": 18,
            "net_income": 7970,
            "net_income_4q": null,
            "revenue": 228231,
            "revenue_4q": null,
            "common_shares": 290252,
            "book_valuer_per_share": 13.67,
            "book_valuer_per_share_4q_avg": 13.36,
            "equity": 396688,
            "current_ratio": 224.05,
            "debt_ratio": 35.44,
            "inventory_turnover_ratio": 2.05,
            "account_receivable_turnover_ratio": null,
            "reinvestment_rate": 9.09,
            "research_to_sale_ratio": null,
            "price_fair": 105.37,
            "eps_avg_yearly": 3.01,
            "eps_latest_yearly": 1.12,
            "eps_growth_yearly": 449.42
        },
        "20061": {
            "year_quarter": 20061,
            "year": 2006,
            "quarter": 1,
            "eps": 0.15,
            "eps_growth_year": -71.7,
            "eps_4q": 1.7,
            "eps_4q_growth_year": -37.4,
            "roe": 1.1,
            "roe_4q": 13.07,
            "gross_profit": 26519,
            "gross_margin": 19.13,
            "gross_margin_4q_avg": 18.52,
            "net_income": 4374,
            "net_income_4q": null,
            "revenue": 138596,
            "revenue_4q": null,
            "common_shares": 290252,
            "book_valuer_per_share": 13.79,
            "book_valuer_per_share_4q_avg": 13.29,
            "equity": 400256,
            "current_ratio": 264.28,
            "debt_ratio": 20.11,
            "inventory_turnover_ratio": 1.18,
            "account_receivable_turnover_ratio": null,
            "reinvestment_rate": 10.41,
            "research_to_sale_ratio": null,
            "price_fair": 100.1,
            "eps_avg_yearly": 2.86,
            "eps_latest_yearly": 0.6,
            "eps_growth_yearly": 409.73
        },
        "20062": {
            "year_quarter": 20062,
            "year": 2006,
            "quarter": 2,
            "eps": 0.55,
            "eps_growth_year": 19.57,
            "eps_4q": 1.81,
            "eps_4q_growth_year": -31.01,
            "roe": 4.2,
            "roe_4q": 13.77,
            "gross_profit": 39650,
            "gross_margin": 16.62,
            "gross_margin_4q_avg": 17.71,
            "net_income": 15801,
            "net_income_4q": null,
            "revenue": 238531,
            "revenue_4q": null,
            "common_shares": 290252,
            "book_valuer_per_share": 12.16,
            "book_valuer_per_share_4q_avg": 13.27,
            "equity": 353065,
            "current_ratio": 149.47,
            "debt_ratio": 38.16,
            "inventory_turnover_ratio": 19.67,
            "account_receivable_turnover_ratio": null,
            "reinvestment_rate": 0.26,
            "research_to_sale_ratio": null,
            "price_fair": 104.13,
            "eps_avg_yearly": 2.98,
            "eps_latest_yearly": 2.2,
            "eps_growth_yearly": 498.51
        },
        "20063": {
            "year_quarter": 20063,
            "year": 2006,
            "quarter": 3,
            "eps": 0.92,
            "eps_growth_year": 10.84,
            "eps_4q": 1.89,
            "eps_4q_growth_year": -25,
            "roe": 7.28,
            "roe_4q": 14.61,
            "gross_profit": 56246,
            "gross_margin": 23.17,
            "gross_margin_4q_avg": 18.91,
            "net_income": 26633,
            "net_income_4q": null,
            "revenue": 242796,
            "revenue_4q": null,
            "common_shares": 290252,
            "book_valuer_per_share": 13.03,
            "book_valuer_per_share_4q_avg": 13.16,
            "equity": 378181,
            "current_ratio": 176.54,
            "debt_ratio": 32.48,
            "inventory_turnover_ratio": 12.39,
            "account_receivable_turnover_ratio": null,
            "reinvestment_rate": -0.11,
            "research_to_sale_ratio": null,
            "price_fair": 97.04,
            "eps_avg_yearly": 2.77,
            "eps_latest_yearly": 3.68,
            "eps_growth_yearly": 59.77
        },
        "20064": {
            "year_quarter": 20064,
            "year": 2006,
            "quarter": 4,
            "eps": 0.01,
            "eps_growth_year": -96.43,
            "eps_4q": 1.64,
            "eps_4q_growth_year": -23.12,
            "roe": 0.11,
            "roe_4q": 12.69,
            "gross_profit": 41738,
            "gross_margin": 16.67,
            "gross_margin_4q_avg": 18.9,
            "net_income": 430,
            "net_income_4q": null,
            "revenue": 250421,
            "revenue_4q": null,
            "common_shares": 290252,
            "book_valuer_per_share": 13.32,
            "book_valuer_per_share_4q_avg": 13.08,
            "equity": 386681,
            "current_ratio": 192.62,
            "debt_ratio": 41.23,
            "inventory_turnover_ratio": 1.54,
            "account_receivable_turnover_ratio": null,
            "reinvestment_rate": 2.51,
            "research_to_sale_ratio": null,
            "price_fair": 87.85,
            "eps_avg_yearly": 2.51,
            "eps_latest_yearly": 0.04,
            "eps_growth_yearly": 44.72
        },
        "20071": {
            "year_quarter": 20071,
            "year": 2007,
            "quarter": 1,
            "eps": 0.07,
            "eps_growth_year": -53.33,
            "eps_4q": 1.49,
            "eps_4q_growth_year": -12.68,
            "roe": 0.54,
            "roe_4q": 12.13,
            "gross_profit": 39219,
            "gross_margin": 24.52,
            "gross_margin_4q_avg": 20.25,
            "net_income": 2115,
            "net_income_4q": null,
            "revenue": 159921,
            "revenue_4q": null,
            "common_shares": 290252,
            "book_valuer_per_share": 13.54,
            "book_valuer_per_share_4q_avg": 13.01,
            "equity": 392864,
            "current_ratio": 211.41,
            "debt_ratio": 28.74,
            "inventory_turnover_ratio": 0.85,
            "account_receivable_turnover_ratio": null,
            "reinvestment_rate": -2.33,
            "research_to_sale_ratio": null,
            "price_fair": 83.04,
            "eps_avg_yearly": 2.37,
            "eps_latest_yearly": 0.28,
            "eps_growth_yearly": 205.1
        },
        "20072": {
            "year_quarter": 20072,
            "year": 2007,
            "quarter": 2,
            "eps": 0.11,
            "eps_growth_year": -80,
            "eps_4q": 1.1,
            "eps_4q_growth_year": -39.61,
            "roe": 0.88,
            "roe_4q": 8.81,
            "gross_profit": 29780,
            "gross_margin": 15.33,
            "gross_margin_4q_avg": 19.92,
            "net_income": 3255,
            "net_income_4q": null,
            "revenue": 194300,
            "revenue_4q": null,
            "common_shares": 290252,
            "book_valuer_per_share": 11.83,
            "book_valuer_per_share_4q_avg": 12.93,
            "equity": 343489,
            "current_ratio": 157.16,
            "debt_ratio": 38.84,
            "inventory_turnover_ratio": 6.17,
            "account_receivable_turnover_ratio": null,
            "reinvestment_rate": -2.76,
            "research_to_sale_ratio": null,
            "price_fair": 77.79,
            "eps_avg_yearly": 2.22,
            "eps_latest_yearly": 0.44,
            "eps_growth_yearly": 215.76
        },
        "20073": {
            "year_quarter": 20073,
            "year": 2007,
            "quarter": 3,
            "eps": 0.61,
            "eps_growth_year": -33.7,
            "eps_4q": 0.81,
            "eps_4q_growth_year": -57.15,
            "roe": 4.98,
            "roe_4q": 6.510000000000001,
            "gross_profit": 38695,
            "gross_margin": 17.96,
            "gross_margin_4q_avg": 18.62,
            "net_income": 17615,
            "net_income_4q": null,
            "revenue": 215429,
            "revenue_4q": null,
            "common_shares": 290252,
            "book_valuer_per_share": 12.55,
            "book_valuer_per_share_4q_avg": 12.81,
            "equity": 364388,
            "current_ratio": 173.06,
            "debt_ratio": 34.64,
            "inventory_turnover_ratio": 9.63,
            "account_receivable_turnover_ratio": null,
            "reinvestment_rate": -3.16,
            "research_to_sale_ratio": null,
            "price_fair": 73.59,
            "eps_avg_yearly": 2.1,
            "eps_latest_yearly": 2.44,
            "eps_growth_yearly": 316.01
        },
        "20074": {
            "year_quarter": 20074,
            "year": 2007,
            "quarter": 4,
            "eps": 0.99,
            "eps_growth_year": 9800,
            "eps_4q": 1.79,
            "eps_4q_growth_year": 8.91,
            "roe": 7.45,
            "roe_4q": 13.850000000000001,
            "gross_profit": 36177,
            "gross_margin": 20.59,
            "gross_margin_4q_avg": 19.6,
            "net_income": 28585,
            "net_income_4q": null,
            "revenue": 175687,
            "revenue_4q": null,
            "common_shares": 290252,
            "book_valuer_per_share": 13.87,
            "book_valuer_per_share_4q_avg": 12.95,
            "equity": 402524,
            "current_ratio": 268.5,
            "debt_ratio": 28.35,
            "inventory_turnover_ratio": 1.16,
            "account_receivable_turnover_ratio": null,
            "reinvestment_rate": 0.97,
            "research_to_sale_ratio": null,
            "price_fair": 74.55,
            "eps_avg_yearly": 2.13,
            "eps_latest_yearly": 3.96,
            "eps_growth_yearly": 336.4
        },
        "20081": {
            "year_quarter": 20081,
            "year": 2008,
            "quarter": 1,
            "eps": 0.34,
            "eps_growth_year": 385.71,
            "eps_4q": 2.04,
            "eps_4q_growth_year": 36.99,
            "roe": 2.46,
            "roe_4q": 15.770000000000001,
            "gross_profit": 47528,
            "gross_margin": 30.27,
            "gross_margin_4q_avg": 21.04,
            "net_income": 9895,
            "net_income_4q": null,
            "revenue": 157019,
            "revenue_4q": null,
            "common_shares": 290252,
            "book_valuer_per_share": 13.88,
            "book_valuer_per_share_4q_avg": 13.03,
            "equity": 402979,
            "current_ratio": 292.21,
            "debt_ratio": 26.04,
            "inventory_turnover_ratio": 0.5,
            "account_receivable_turnover_ratio": null,
            "reinvestment_rate": 12.02,
            "research_to_sale_ratio": null,
            "price_fair": 70.44,
            "eps_avg_yearly": 2.01,
            "eps_latest_yearly": 1.36,
            "eps_growth_yearly": 321.98
        },
        "20082": {
            "year_quarter": 20082,
            "year": 2008,
            "quarter": 2,
            "eps": -0.08,
            "eps_growth_year": -172.73,
            "eps_4q": 1.85,
            "eps_4q_growth_year": 68.73,
            "roe": -0.63,
            "roe_4q": 14.260000000000002,
            "gross_profit": 10963,
            "gross_margin": 5.81,
            "gross_margin_4q_avg": 18.66,
            "net_income": -2416,
            "net_income_4q": null,
            "revenue": 188606,
            "revenue_4q": null,
            "common_shares": 290252,
            "book_valuer_per_share": 12.37,
            "book_valuer_per_share_4q_avg": 13.17,
            "equity": 359111,
            "current_ratio": 191.39,
            "debt_ratio": 41.04,
            "inventory_turnover_ratio": 0.79,
            "account_receivable_turnover_ratio": null,
            "reinvestment_rate": 12.67,
            "research_to_sale_ratio": null,
            "price_fair": 70,
            "eps_avg_yearly": 2,
            "eps_latest_yearly": 1.36,
            "eps_growth_yearly": 352
        },
        "20083": {
            "year_quarter": 20083,
            "year": 2008,
            "quarter": 3,
            "eps": 0.61,
            "eps_growth_year": 0,
            "eps_4q": 1.85,
            "eps_4q_growth_year": 128.27,
            "roe": 4.83,
            "roe_4q": 14.11,
            "gross_profit": 55009,
            "gross_margin": 29.51,
            "gross_margin_4q_avg": 21.55,
            "net_income": 17728,
            "net_income_4q": null,
            "revenue": 186384,
            "revenue_4q": null,
            "common_shares": 290252,
            "book_valuer_per_share": 12.93,
            "book_valuer_per_share_4q_avg": 13.26,
            "equity": 375303,
            "current_ratio": 220.5,
            "debt_ratio": 35.1,
            "inventory_turnover_ratio": 0.54,
            "account_receivable_turnover_ratio": null,
            "reinvestment_rate": 13.75,
            "research_to_sale_ratio": null,
            "price_fair": 65.5,
            "eps_avg_yearly": 1.87,
            "eps_latest_yearly": 1.36,
            "eps_growth_yearly": 356.37
        },
        "20084": {
            "year_quarter": 20084,
            "year": 2008,
            "quarter": 4,
            "eps": -2.46,
            "eps_growth_year": -348.48,
            "eps_4q": -1.59,
            "eps_4q_growth_year": -189.02,
            "roe": -20.64,
            "roe_4q": -13.98,
            "gross_profit": -33936,
            "gross_margin": -24.35,
            "gross_margin_4q_avg": 10.31,
            "net_income": -71377,
            "net_income_4q": null,
            "revenue": 139342,
            "revenue_4q": null,
            "common_shares": 290252,
            "book_valuer_per_share": 10.9,
            "book_valuer_per_share_4q_avg": 12.52,
            "equity": 316241,
            "current_ratio": 248.42,
            "debt_ratio": 29.49,
            "inventory_turnover_ratio": 0.78,
            "account_receivable_turnover_ratio": 3.11,
            "reinvestment_rate": -7.61,
            "research_to_sale_ratio": null,
            "price_fair": 63,
            "eps_avg_yearly": 1.8,
            "eps_latest_yearly": 1.36,
            "eps_growth_yearly": 391.88
        },
        "20091": {
            "year_quarter": 20091,
            "year": 2009,
            "quarter": 1,
            "eps": -0.28,
            "eps_growth_year": -182.35,
            "eps_4q": -2.21,
            "eps_4q_growth_year": -208.6,
            "roe": -2.62,
            "roe_4q": -19.06,
            "gross_profit": 20475,
            "gross_margin": 15.24,
            "gross_margin_4q_avg": 6.55,
            "net_income": -8215,
            "net_income_4q": null,
            "revenue": 134382,
            "revenue_4q": null,
            "common_shares": 290252,
            "book_valuer_per_share": 10.73,
            "book_valuer_per_share_4q_avg": 11.73,
            "equity": 311358,
            "current_ratio": 318.16,
            "debt_ratio": 22.33,
            "inventory_turnover_ratio": 0.61,
            "account_receivable_turnover_ratio": 1.78,
            "reinvestment_rate": 20.26,
            "research_to_sale_ratio": null,
            "price_fair": 62.07,
            "eps_avg_yearly": 1.77,
            "eps_latest_yearly": 1.36,
            "eps_growth_yearly": 432.63
        },
        "20092": {
            "year_quarter": 20092,
            "year": 2009,
            "quarter": 2,
            "eps": -0.61,
            "eps_growth_year": null,
            "eps_4q": -2.74,
            "eps_4q_growth_year": -248.23,
            "roe": -5.87,
            "roe_4q": -24.300000000000004,
            "gross_profit": 12138,
            "gross_margin": 8.48,
            "gross_margin_4q_avg": 7.22,
            "net_income": -17703,
            "net_income_4q": null,
            "revenue": 143112,
            "revenue_4q": null,
            "common_shares": 290252,
            "book_valuer_per_share": 10.07,
            "book_valuer_per_share_4q_avg": 11.16,
            "equity": 292262,
            "current_ratio": 228.27,
            "debt_ratio": 31.58,
            "inventory_turnover_ratio": 0.76,
            "account_receivable_turnover_ratio": 1.83,
            "reinvestment_rate": 26.17,
            "research_to_sale_ratio": null,
            "price_fair": 61.85,
            "eps_avg_yearly": 1.77,
            "eps_latest_yearly": 1.36,
            "eps_growth_yearly": 476.76
        },
        "20093": {
            "year_quarter": 20093,
            "year": 2009,
            "quarter": 3,
            "eps": 1.36,
            "eps_growth_year": 122.95,
            "eps_4q": -1.98,
            "eps_4q_growth_year": -207.05,
            "roe": 12.78,
            "roe_4q": -16.35,
            "gross_profit": 63997,
            "gross_margin": 31.92,
            "gross_margin_4q_avg": 7.82,
            "net_income": 39601,
            "net_income_4q": null,
            "revenue": 200478,
            "revenue_4q": null,
            "common_shares": 290252,
            "book_valuer_per_share": 11.29,
            "book_valuer_per_share_4q_avg": 10.75,
            "equity": 327691,
            "current_ratio": 219.59,
            "debt_ratio": 34.5,
            "inventory_turnover_ratio": 0.82,
            "account_receivable_turnover_ratio": 1.91,
            "reinvestment_rate": 18.04,
            "research_to_sale_ratio": null,
            "price_fair": 56.42,
            "eps_avg_yearly": 1.61,
            "eps_latest_yearly": 1.36,
            "eps_growth_yearly": 492.26
        },
        "20094": {
            "year_quarter": 20094,
            "year": 2009,
            "quarter": 4,
            "eps": 0.51,
            "eps_growth_year": null,
            "eps_4q": 0.98,
            "eps_4q_growth_year": null,
            "roe": 4.38,
            "roe_4q": 8.669999999999998,
            "gross_profit": 38303,
            "gross_margin": 24.37,
            "gross_margin_4q_avg": 20,
            "net_income": 14733,
            "net_income_4q": null,
            "revenue": 157179,
            "revenue_4q": null,
            "common_shares": 290252,
            "book_valuer_per_share": 11.88,
            "book_valuer_per_share_4q_avg": 10.99,
            "equity": 344784,
            "current_ratio": 230.12,
            "debt_ratio": 33.15,
            "inventory_turnover_ratio": 0.75,
            "account_receivable_turnover_ratio": 3.29,
            "reinvestment_rate": 204.08,
            "research_to_sale_ratio": null,
            "price_fair": 59.64,
            "eps_avg_yearly": 1.7,
            "eps_latest_yearly": 2.04,
            "eps_growth_yearly": 493.77
        },
        "20101": {
            "year_quarter": 20101,
            "year": 2010,
            "quarter": 1,
            "eps": 0.36,
            "eps_growth_year": null,
            "eps_4q": 1.62,
            "eps_4q_growth_year": null,
            "roe": 3,
            "roe_4q": 14.29,
            "gross_profit": 35872,
            "gross_margin": 26.85,
            "gross_margin_4q_avg": 22.91,
            "net_income": 10469,
            "net_income_4q": null,
            "revenue": 133604,
            "revenue_4q": null,
            "common_shares": 290252,
            "book_valuer_per_share": 12.19,
            "book_valuer_per_share_4q_avg": 11.36,
            "equity": 353726,
            "current_ratio": 304.01,
            "debt_ratio": 24.52,
            "inventory_turnover_ratio": 0.64,
            "account_receivable_turnover_ratio": 1.55,
            "reinvestment_rate": 232.44,
            "research_to_sale_ratio": 3.34,
            "price_fair": 62.58,
            "eps_avg_yearly": 1.79,
            "eps_latest_yearly": 1.44,
            "eps_growth_yearly": 500.58
        },
        "20102": {
            "year_quarter": 20102,
            "year": 2010,
            "quarter": 2,
            "eps": 0.64,
            "eps_growth_year": null,
            "eps_4q": 2.87,
            "eps_4q_growth_year": null,
            "roe": 5.06,
            "roe_4q": 25.22,
            "gross_profit": 44802,
            "gross_margin": 22.99,
            "gross_margin_4q_avg": 26.53,
            "net_income": 18482,
            "net_income_4q": null,
            "revenue": 194838,
            "revenue_4q": null,
            "common_shares": 290252,
            "book_valuer_per_share": 12.96,
            "book_valuer_per_share_4q_avg": 12.08,
            "equity": 376239,
            "current_ratio": 263.99,
            "debt_ratio": 29.91,
            "inventory_turnover_ratio": 1,
            "account_receivable_turnover_ratio": 2.12,
            "reinvestment_rate": 241.5,
            "research_to_sale_ratio": 2.02,
            "price_fair": 63.84,
            "eps_avg_yearly": 1.82,
            "eps_latest_yearly": 2.56,
            "eps_growth_yearly": 425.02
        },
        "20103": {
            "year_quarter": 20103,
            "year": 2010,
            "quarter": 3,
            "eps": 0.92,
            "eps_growth_year": -32.09,
            "eps_4q": 2.43,
            "eps_4q_growth_year": null,
            "roe": 6.91,
            "roe_4q": 19.349999999999998,
            "gross_profit": 49282,
            "gross_margin": 25.89,
            "gross_margin_4q_avg": 25.03,
            "net_income": 26808,
            "net_income_4q": null,
            "revenue": 190321,
            "revenue_4q": null,
            "common_shares": 290252,
            "book_valuer_per_share": 13.77,
            "book_valuer_per_share_4q_avg": 12.7,
            "equity": 399749,
            "current_ratio": 269.36,
            "debt_ratio": 30,
            "inventory_turnover_ratio": 0.96,
            "account_receivable_turnover_ratio": 2.01,
            "reinvestment_rate": 257.88,
            "research_to_sale_ratio": 3.08,
            "price_fair": 63.84,
            "eps_avg_yearly": 1.82,
            "eps_latest_yearly": 3.68,
            "eps_growth_yearly": 415.61
        },
        "20104": {
            "year_quarter": 20104,
            "year": 2010,
            "quarter": 4,
            "eps": 0.47,
            "eps_growth_year": -7.91,
            "eps_4q": 2.39,
            "eps_4q_growth_year": 144.2,
            "roe": 3.4,
            "roe_4q": 18.37,
            "gross_profit": 32486,
            "gross_margin": 16.42,
            "gross_margin_4q_avg": 23.04,
            "net_income": 13632,
            "net_income_4q": null,
            "revenue": 197797,
            "revenue_4q": null,
            "common_shares": 290252,
            "book_valuer_per_share": 13.84,
            "book_valuer_per_share_4q_avg": 13.19,
            "equity": 401819,
            "current_ratio": 272.29,
            "debt_ratio": 29.62,
            "inventory_turnover_ratio": 1.27,
            "account_receivable_turnover_ratio": 2.46,
            "reinvestment_rate": 186.39,
            "research_to_sale_ratio": 4.64,
            "price_fair": 70.28,
            "eps_avg_yearly": 2.01,
            "eps_latest_yearly": 1.88,
            "eps_growth_yearly": 435.61
        },
        "20111": {
            "year_quarter": 20111,
            "year": 2011,
            "quarter": 1,
            "eps": 0.48,
            "eps_growth_year": 33.33,
            "eps_4q": 2.51,
            "eps_4q_growth_year": 54.45,
            "roe": 3.37,
            "roe_4q": 18.74,
            "gross_profit": 39243,
            "gross_margin": 26.56,
            "gross_margin_4q_avg": 22.97,
            "net_income": 13824,
            "net_income_4q": null,
            "revenue": 147729,
            "revenue_4q": null,
            "common_shares": 290252,
            "book_valuer_per_share": 14.45,
            "book_valuer_per_share_4q_avg": 13.76,
            "equity": 419530,
            "current_ratio": 311.6,
            "debt_ratio": 26.08,
            "inventory_turnover_ratio": 0.93,
            "account_receivable_turnover_ratio": 1.9,
            "reinvestment_rate": 218.54,
            "research_to_sale_ratio": 3.05,
            "price_fair": 76.02,
            "eps_avg_yearly": 2.17,
            "eps_latest_yearly": 1.92,
            "eps_growth_yearly": 196.46
        },
        "20112": {
            "year_quarter": 20112,
            "year": 2011,
            "quarter": 2,
            "eps": 0.31,
            "eps_growth_year": -50.69,
            "eps_4q": 2.18,
            "eps_4q_growth_year": -23.9,
            "roe": 2.32,
            "roe_4q": 16,
            "gross_profit": 33264,
            "gross_margin": 23.58,
            "gross_margin_4q_avg": 23.11,
            "net_income": 9114,
            "net_income_4q": null,
            "revenue": 141057,
            "revenue_4q": null,
            "common_shares": 290252,
            "book_valuer_per_share": 12.59,
            "book_valuer_per_share_4q_avg": 13.66,
            "equity": 365462,
            "current_ratio": 207.38,
            "debt_ratio": 39.76,
            "inventory_turnover_ratio": 0.8,
            "account_receivable_turnover_ratio": 1.77,
            "reinvestment_rate": 215.64,
            "research_to_sale_ratio": 3.82,
            "price_fair": 78.82,
            "eps_avg_yearly": 2.25,
            "eps_latest_yearly": 1.24,
            "eps_growth_yearly": 159.44
        },
        "20113": {
            "year_quarter": 20113,
            "year": 2011,
            "quarter": 3,
            "eps": -0.18,
            "eps_growth_year": -119.87,
            "eps_4q": 1.08,
            "eps_4q_growth_year": -55.68,
            "roe": -1.43,
            "roe_4q": 7.66,
            "gross_profit": 14627,
            "gross_margin": 12.37,
            "gross_margin_4q_avg": 19.73,
            "net_income": -5326,
            "net_income_4q": null,
            "revenue": 118287,
            "revenue_4q": null,
            "common_shares": 290252,
            "book_valuer_per_share": 13.06,
            "book_valuer_per_share_4q_avg": 13.49,
            "equity": 378977,
            "current_ratio": 241.94,
            "debt_ratio": 33.7,
            "inventory_turnover_ratio": 0.65,
            "account_receivable_turnover_ratio": 1.7,
            "reinvestment_rate": 281.85,
            "research_to_sale_ratio": 3.96,
            "price_fair": 6.69,
            "eps_avg_yearly": 2.23,
            "eps_latest_yearly": 1.24,
            "eps_growth_yearly": -24.87
        },
        "20114": {
            "year_quarter": 20114,
            "year": 2011,
            "quarter": 4,
            "eps": 0.04,
            "eps_growth_year": -90.52,
            "eps_4q": 0.65,
            "eps_4q_growth_year": -72.76,
            "roe": 0.34,
            "roe_4q": 4.6,
            "gross_profit": 23128,
            "gross_margin": 13.38,
            "gross_margin_4q_avg": 18.97,
            "net_income": 1292,
            "net_income_4q": null,
            "revenue": 172836,
            "revenue_4q": null,
            "common_shares": 290252,
            "book_valuer_per_share": 13.07,
            "book_valuer_per_share_4q_avg": 13.29,
            "equity": 379433,
            "current_ratio": 305.69,
            "debt_ratio": 26,
            "inventory_turnover_ratio": 1,
            "account_receivable_turnover_ratio": 2.48,
            "reinvestment_rate": 337.06,
            "research_to_sale_ratio": 3.34,
            "price_fair": 6.05,
            "eps_avg_yearly": 2.02,
            "eps_latest_yearly": 1.24,
            "eps_growth_yearly": -59.12
        },
        "20121": {
            "year_quarter": 20121,
            "year": 2012,
            "quarter": 1,
            "eps": 0.24,
            "eps_growth_year": -50,
            "eps_4q": 0.41,
            "eps_4q_growth_year": -83.53,
            "roe": 1.82,
            "roe_4q": 3.05,
            "gross_profit": 31043,
            "gross_margin": 27.44,
            "gross_margin_4q_avg": 19.19,
            "net_income": 6903,
            "net_income_4q": null,
            "revenue": 113126,
            "revenue_4q": null,
            "common_shares": 290252,
            "book_valuer_per_share": 13.07,
            "book_valuer_per_share_4q_avg": 12.95,
            "equity": 379325,
            "current_ratio": 346.3,
            "debt_ratio": 22.8,
            "inventory_turnover_ratio": 0.65,
            "account_receivable_turnover_ratio": 1.49,
            "reinvestment_rate": 355.07,
            "research_to_sale_ratio": 5.04,
            "price_fair": 68.78,
            "eps_avg_yearly": 1.97,
            "eps_latest_yearly": 0.96,
            "eps_growth_yearly": 223.71
        },
        "20122": {
            "year_quarter": 20122,
            "year": 2012,
            "quarter": 2,
            "eps": -0.08,
            "eps_growth_year": -123.95,
            "eps_4q": 0.02,
            "eps_4q_growth_year": -98.92,
            "roe": -0.59,
            "roe_4q": 0.14000000000000012,
            "gross_profit": 14527,
            "gross_margin": 12.18,
            "gross_margin_4q_avg": 16.34,
            "net_income": -2183,
            "net_income_4q": null,
            "revenue": 119257,
            "revenue_4q": null,
            "common_shares": 290252,
            "book_valuer_per_share": 12.42,
            "book_valuer_per_share_4q_avg": 12.91,
            "equity": 360522,
            "current_ratio": 292.24,
            "debt_ratio": 26.81,
            "inventory_turnover_ratio": 0.84,
            "account_receivable_turnover_ratio": 1.76,
            "reinvestment_rate": 353.81,
            "research_to_sale_ratio": 4.7,
            "price_fair": 68.78,
            "eps_avg_yearly": 1.97,
            "eps_latest_yearly": 0.96,
            "eps_growth_yearly": 223.71
        },
        "20123": {
            "year_quarter": 20123,
            "year": 2012,
            "quarter": 3,
            "eps": 0.04,
            "eps_growth_year": null,
            "eps_4q": 0.25,
            "eps_4q_growth_year": -77.04,
            "roe": 0.32,
            "roe_4q": 1.8900000000000001,
            "gross_profit": 22334,
            "gross_margin": 18.07,
            "gross_margin_4q_avg": 17.77,
            "net_income": 1162,
            "net_income_4q": null,
            "revenue": 123608,
            "revenue_4q": null,
            "common_shares": 290252,
            "book_valuer_per_share": 12.38,
            "book_valuer_per_share_4q_avg": 12.74,
            "equity": 359296,
            "current_ratio": 278.89,
            "debt_ratio": 28.44,
            "inventory_turnover_ratio": 0.78,
            "account_receivable_turnover_ratio": 2.01,
            "reinvestment_rate": 482.93,
            "research_to_sale_ratio": 4.99,
            "price_fair": 68.78,
            "eps_avg_yearly": 1.97,
            "eps_latest_yearly": 0.96,
            "eps_growth_yearly": 223.71
        },
        "20124": {
            "year_quarter": 20124,
            "year": 2012,
            "quarter": 4,
            "eps": -1.12,
            "eps_growth_year": -2608.21,
            "eps_4q": -0.91,
            "eps_4q_growth_year": -240.31,
            "roe": -9.46,
            "roe_4q": -7.91,
            "gross_profit": -17873,
            "gross_margin": -21.22,
            "gross_margin_4q_avg": 9.12,
            "net_income": -32406,
            "net_income_4q": null,
            "revenue": 84229,
            "revenue_4q": null,
            "common_shares": 290252,
            "book_valuer_per_share": 11.24,
            "book_valuer_per_share_4q_avg": 12.28,
            "equity": 326106,
            "current_ratio": 300.63,
            "debt_ratio": 25.84,
            "inventory_turnover_ratio": 0.84,
            "account_receivable_turnover_ratio": 1.68,
            "reinvestment_rate": 248.91,
            "research_to_sale_ratio": 4.98,
            "price_fair": 68.78,
            "eps_avg_yearly": 1.97,
            "eps_latest_yearly": 0.96,
            "eps_growth_yearly": 223.71
        },
        "20131": {
            "year_quarter": 20131,
            "year": 2013,
            "quarter": 1,
            "eps": -0.12,
            "eps_growth_year": -150,
            "eps_4q": -1.27,
            "eps_4q_growth_year": -408.06,
            "roe": -1.07,
            "roe_4q": -10.8,
            "gross_profit": 19535,
            "gross_margin": 19.13,
            "gross_margin_4q_avg": 7.04,
            "net_income": -3488,
            "net_income_4q": null,
            "revenue": 102109,
            "revenue_4q": null,
            "common_shares": 290252,
            "book_valuer_per_share": 11.17,
            "book_valuer_per_share_4q_avg": 11.8,
            "equity": 324113,
            "current_ratio": 356.69,
            "debt_ratio": 23.05,
            "inventory_turnover_ratio": 0.8,
            "account_receivable_turnover_ratio": 2.02,
            "reinvestment_rate": -16.36,
            "research_to_sale_ratio": 4.91,
            "price_fair": 68.78,
            "eps_avg_yearly": 1.97,
            "eps_latest_yearly": 0.96,
            "eps_growth_yearly": 223.71
        },
        "20132": {
            "year_quarter": 20132,
            "year": 2013,
            "quarter": 2,
            "eps": -0.49,
            "eps_growth_year": null,
            "eps_4q": -1.69,
            "eps_4q_growth_year": -7254.12,
            "roe": -4.5,
            "roe_4q": -14.71,
            "gross_profit": 11189,
            "gross_margin": 11.87,
            "gross_margin_4q_avg": 6.96,
            "net_income": -14346,
            "net_income_4q": null,
            "revenue": 94268,
            "revenue_4q": null,
            "common_shares": 290252,
            "book_valuer_per_share": 10.8,
            "book_valuer_per_share_4q_avg": 11.4,
            "equity": 313489,
            "current_ratio": 294.41,
            "debt_ratio": 27.83,
            "inventory_turnover_ratio": 0.95,
            "account_receivable_turnover_ratio": 1.65,
            "reinvestment_rate": -13.59,
            "research_to_sale_ratio": 6.24,
            "price_fair": 68.78,
            "eps_avg_yearly": 1.97,
            "eps_latest_yearly": 0.96,
            "eps_growth_yearly": 223.71
        },
        "20133": {
            "year_quarter": 20133,
            "year": 2013,
            "quarter": 3,
            "eps": 0.25,
            "eps_growth_year": 524.47,
            "eps_4q": -1.49,
            "eps_4q_growth_year": -700.89,
            "roe": 2.26,
            "roe_4q": -12.770000000000001,
            "gross_profit": 32285,
            "gross_margin": 30.43,
            "gross_margin_4q_avg": 10.05,
            "net_income": 7132,
            "net_income_4q": null,
            "revenue": 106088,
            "revenue_4q": null,
            "common_shares": 290252,
            "book_valuer_per_share": 10.93,
            "book_valuer_per_share_4q_avg": 11.04,
            "equity": 317325,
            "current_ratio": 305.82,
            "debt_ratio": 26.65,
            "inventory_turnover_ratio": 0.93,
            "account_receivable_turnover_ratio": 1.78,
            "reinvestment_rate": -15.52,
            "research_to_sale_ratio": 5.21,
            "price_fair": 68.78,
            "eps_avg_yearly": 1.97,
            "eps_latest_yearly": 0.96,
            "eps_growth_yearly": 223.71
        },
        "20134": {
            "year_quarter": 20134,
            "year": 2013,
            "quarter": 4,
            "eps": -1.1,
            "eps_growth_year": null,
            "eps_4q": -1.47,
            "eps_4q_growth_year": null,
            "roe": -10.51,
            "roe_4q": -13.82,
            "gross_profit": 4256,
            "gross_margin": 5.42,
            "gross_margin_4q_avg": 16.71,
            "net_income": -31900,
            "net_income_4q": null,
            "revenue": 78572,
            "revenue_4q": null,
            "common_shares": 290252,
            "book_valuer_per_share": 9.99,
            "book_valuer_per_share_4q_avg": 10.72,
            "equity": 289834,
            "current_ratio": 297.44,
            "debt_ratio": 27.08,
            "inventory_turnover_ratio": 0.96,
            "account_receivable_turnover_ratio": 1.35,
            "reinvestment_rate": -1003.86,
            "research_to_sale_ratio": 9.47,
            "price_fair": 68.4,
            "eps_avg_yearly": 1.95,
            "eps_latest_yearly": 0.96,
            "eps_growth_yearly": 291.38
        },
        "20141": {
            "year_quarter": 20141,
            "year": 2014,
            "quarter": 1,
            "eps": 0.05,
            "eps_growth_year": null,
            "eps_4q": -1.3,
            "eps_4q_growth_year": null,
            "roe": 0.46,
            "roe_4q": -12.29,
            "gross_profit": 18896,
            "gross_margin": 25.92,
            "gross_margin_4q_avg": 18.41,
            "net_income": 1346,
            "net_income_4q": null,
            "revenue": 72898,
            "revenue_4q": null,
            "common_shares": 290252,
            "book_valuer_per_share": 10.01,
            "book_valuer_per_share_4q_avg": 10.43,
            "equity": 290474,
            "current_ratio": 459.07,
            "debt_ratio": 18.2,
            "inventory_turnover_ratio": 0.82,
            "account_receivable_turnover_ratio": 1.64,
            "reinvestment_rate": -1993.63,
            "research_to_sale_ratio": 7.96,
            "price_fair": 71.4,
            "eps_avg_yearly": 2.04,
            "eps_latest_yearly": 0.96,
            "eps_growth_yearly": 359.55
        },
        "20142": {
            "year_quarter": 20142,
            "year": 2014,
            "quarter": 2,
            "eps": -0.04,
            "eps_growth_year": null,
            "eps_4q": -0.85,
            "eps_4q_growth_year": null,
            "roe": -0.45,
            "roe_4q": -8.24,
            "gross_profit": 17769,
            "gross_margin": 24.68,
            "gross_margin_4q_avg": 21.61,
            "net_income": -1299,
            "net_income_4q": null,
            "revenue": 71984,
            "revenue_4q": null,
            "common_shares": 290252,
            "book_valuer_per_share": 9.85,
            "book_valuer_per_share_4q_avg": 10.2,
            "equity": 285859,
            "current_ratio": 374.33,
            "debt_ratio": 21.69,
            "inventory_turnover_ratio": 0.94,
            "account_receivable_turnover_ratio": 2.07,
            "reinvestment_rate": null,
            "research_to_sale_ratio": 7.83,
            "price_fair": 67.76,
            "eps_avg_yearly": 1.94,
            "eps_latest_yearly": 0.96,
            "eps_growth_yearly": 369.24
        },
        "20143": {
            "year_quarter": 20143,
            "year": 2014,
            "quarter": 3,
            "eps": -0.26,
            "eps_growth_year": -204,
            "eps_4q": -1.36,
            "eps_4q_growth_year": null,
            "roe": -2.68,
            "roe_4q": -13.18,
            "gross_profit": 18122,
            "gross_margin": 23.84,
            "gross_margin_4q_avg": 19.97,
            "net_income": -7611,
            "net_income_4q": null,
            "revenue": 76003,
            "revenue_4q": null,
            "common_shares": 290252,
            "book_valuer_per_share": 9.74,
            "book_valuer_per_share_4q_avg": 9.9,
            "equity": 282783,
            "current_ratio": 324.16,
            "debt_ratio": 25.09,
            "inventory_turnover_ratio": 0.98,
            "account_receivable_turnover_ratio": 1.84,
            "reinvestment_rate": null,
            "research_to_sale_ratio": 7.46,
            "price_fair": 52.5,
            "eps_avg_yearly": 1.5,
            "eps_latest_yearly": 0.96,
            "eps_growth_yearly": 417.8
        },
        "20144": {
            "year_quarter": 20144,
            "year": 2014,
            "quarter": 4,
            "eps": 0.43,
            "eps_growth_year": null,
            "eps_4q": 0.17,
            "eps_4q_growth_year": null,
            "roe": 4.31,
            "roe_4q": 1.6399999999999995,
            "gross_profit": 36457,
            "gross_margin": 30.51,
            "gross_margin_4q_avg": 26.24,
            "net_income": 12603,
            "net_income_4q": null,
            "revenue": 119482,
            "revenue_4q": null,
            "common_shares": 290252,
            "book_valuer_per_share": 10.38,
            "book_valuer_per_share_4q_avg": 10,
            "equity": 301407,
            "current_ratio": 330.11,
            "debt_ratio": 25.35,
            "inventory_turnover_ratio": 1.46,
            "account_receivable_turnover_ratio": 2.51,
            "reinvestment_rate": null,
            "research_to_sale_ratio": 4.86,
            "price_fair": 48.07,
            "eps_avg_yearly": 1.37,
            "eps_latest_yearly": 0.96,
            "eps_growth_yearly": 622.28
        },
        "20151": {
            "year_quarter": 20151,
            "year": 2015,
            "quarter": 1,
            "eps": -0.6,
            "eps_growth_year": -1300,
            "eps_4q": -0.47,
            "eps_4q_growth_year": null,
            "roe": -5.92,
            "roe_4q": -4.740000000000001,
            "gross_profit": 10663,
            "gross_margin": 18.46,
            "gross_margin_4q_avg": 24.37,
            "net_income": -17292,
            "net_income_4q": null,
            "revenue": 57750,
            "revenue_4q": null,
            "common_shares": 290252,
            "book_valuer_per_share": 9.73,
            "book_valuer_per_share_4q_avg": 9.93,
            "equity": 282300,
            "current_ratio": 365.43,
            "debt_ratio": 22.62,
            "inventory_turnover_ratio": 0.85,
            "account_receivable_turnover_ratio": 1.51,
            "reinvestment_rate": null,
            "research_to_sale_ratio": 10.62,
            "price_fair": 38.5,
            "eps_avg_yearly": 1.1,
            "eps_latest_yearly": 0.96,
            "eps_growth_yearly": 929.17
        },
        "20152": {
            "year_quarter": 20152,
            "year": 2015,
            "quarter": 2,
            "eps": -0.17,
            "eps_growth_year": null,
            "eps_4q": -0.59,
            "eps_4q_growth_year": null,
            "roe": -1.78,
            "roe_4q": -6.07,
            "gross_profit": 22418,
            "gross_margin": 24.26,
            "gross_margin_4q_avg": 24.27,
            "net_income": -4955,
            "net_income_4q": null,
            "revenue": 92417,
            "revenue_4q": null,
            "common_shares": 290252,
            "book_valuer_per_share": 9.46,
            "book_valuer_per_share_4q_avg": 9.83,
            "equity": 274694,
            "current_ratio": 305.55,
            "debt_ratio": 26.39,
            "inventory_turnover_ratio": 1.17,
            "account_receivable_turnover_ratio": 2.18,
            "reinvestment_rate": null,
            "research_to_sale_ratio": 8.23,
            "price_fair": 33.6,
            "eps_avg_yearly": 0.96,
            "eps_latest_yearly": 0.96,
            "eps_growth_yearly": 2000
        },
        "20153": {
            "year_quarter": 20153,
            "year": 2015,
            "quarter": 3,
            "eps": -0.39,
            "eps_growth_year": null,
            "eps_4q": -0.72,
            "eps_4q_growth_year": null,
            "roe": -4.18,
            "roe_4q": -7.569999999999999,
            "gross_profit": 14673,
            "gross_margin": 19.42,
            "gross_margin_4q_avg": 23.16,
            "net_income": -11388,
            "net_income_4q": null,
            "revenue": 75540,
            "revenue_4q": null,
            "common_shares": 290252,
            "book_valuer_per_share": 9.32,
            "book_valuer_per_share_4q_avg": 9.72,
            "equity": 270584,
            "current_ratio": 310.42,
            "debt_ratio": 26.22,
            "inventory_turnover_ratio": 0.96,
            "account_receivable_turnover_ratio": 1.43,
            "reinvestment_rate": null,
            "research_to_sale_ratio": 7.94,
            "price_fair": 33.6,
            "eps_avg_yearly": 0.96,
            "eps_latest_yearly": 0.96,
            "eps_growth_yearly": 2000
        },
        "20154": {
            "year_quarter": 20154,
            "year": 2015,
            "quarter": 4,
            "eps": -0.18,
            "eps_growth_year": -141.44,
            "eps_4q": -1.34,
            "eps_4q_growth_year": -871.14,
            "roe": -1.97,
            "roe_4q": -13.85,
            "gross_profit": 13662,
            "gross_margin": 19.7,
            "gross_margin_4q_avg": 20.46,
            "net_income": -5223,
            "net_income_4q": null,
            "revenue": 69336,
            "revenue_4q": null,
            "common_shares": 290252,
            "book_valuer_per_share": 8.91,
            "book_valuer_per_share_4q_avg": 9.36,
            "equity": 258515,
            "current_ratio": 372.64,
            "debt_ratio": 21.82,
            "inventory_turnover_ratio": 0.92,
            "account_receivable_turnover_ratio": 1.47,
            "reinvestment_rate": null,
            "research_to_sale_ratio": 8.2,
            "price_fair": 33.6,
            "eps_avg_yearly": 0.96,
            "eps_latest_yearly": 0.96,
            "eps_growth_yearly": 2000
        },
        "20161": {
            "year_quarter": 20161,
            "year": 2016,
            "quarter": 1,
            "eps": -0.65,
            "eps_growth_year": null,
            "eps_4q": -1.4,
            "eps_4q_growth_year": null,
            "roe": -7.63,
            "roe_4q": -15.559999999999999,
            "gross_profit": 8141,
            "gross_margin": 20.39,
            "gross_margin_4q_avg": 20.94,
            "net_income": -18980,
            "net_income_4q": null,
            "revenue": 39921,
            "revenue_4q": null,
            "common_shares": 290252,
            "book_valuer_per_share": 8.23,
            "book_valuer_per_share_4q_avg": 8.98,
            "equity": 238796,
            "current_ratio": 453.64,
            "debt_ratio": 18.1,
            "inventory_turnover_ratio": 0.61,
            "account_receivable_turnover_ratio": 1.13,
            "reinvestment_rate": null,
            "research_to_sale_ratio": 16.2,
            "price_fair": 0,
            "eps_avg_yearly": 0,
            "eps_latest_yearly": 0,
            "eps_growth_yearly": 0
        },
        "20162": {
            "year_quarter": 20162,
            "year": 2016,
            "quarter": 2,
            "eps": -0.25,
            "eps_growth_year": null,
            "eps_4q": -1.48,
            "eps_4q_growth_year": null,
            "roe": -3.1,
            "roe_4q": -16.880000000000003,
            "gross_profit": 10507,
            "gross_margin": 18.41,
            "gross_margin_4q_avg": 19.48,
            "net_income": -7222,
            "net_income_4q": null,
            "revenue": 57079,
            "revenue_4q": null,
            "common_shares": 290252,
            "book_valuer_per_share": 7.83,
            "book_valuer_per_share_4q_avg": 8.57,
            "equity": 227290,
            "current_ratio": 305.71,
            "debt_ratio": 24.91,
            "inventory_turnover_ratio": 0.91,
            "account_receivable_turnover_ratio": 1.96,
            "reinvestment_rate": null,
            "research_to_sale_ratio": 11.08,
            "price_fair": 0,
            "eps_avg_yearly": 0,
            "eps_latest_yearly": 0,
            "eps_growth_yearly": 0
        },
        "20163": {
            "year_quarter": 20163,
            "year": 2016,
            "quarter": 3,
            "eps": -0.08,
            "eps_growth_year": null,
            "eps_4q": -1.16,
            "eps_4q_growth_year": null,
            "roe": -0.98,
            "roe_4q": -13.680000000000001,
            "gross_profit": 17883,
            "gross_margin": 23.62,
            "gross_margin_4q_avg": 20.53,
            "net_income": -2196,
            "net_income_4q": null,
            "revenue": 75711,
            "revenue_4q": null,
            "common_shares": 290252,
            "book_valuer_per_share": 7.58,
            "book_valuer_per_share_4q_avg": 8.14,
            "equity": 219883,
            "current_ratio": 254.67,
            "debt_ratio": 29.22,
            "inventory_turnover_ratio": 1.09,
            "account_receivable_turnover_ratio": 2.5,
            "reinvestment_rate": null,
            "research_to_sale_ratio": 7.61,
            "price_fair": 0,
            "eps_avg_yearly": 0,
            "eps_latest_yearly": 0,
            "eps_growth_yearly": 0
        },
        "20164": {
            "year_quarter": 20164,
            "year": 2016,
            "quarter": 4,
            "eps": 0.44,
            "eps_growth_year": null,
            "eps_4q": -0.54,
            "eps_4q_growth_year": null,
            "roe": 5.72,
            "roe_4q": -5.99,
            "gross_profit": 28125,
            "gross_margin": 32.1,
            "gross_margin_4q_avg": 23.63,
            "net_income": 12866,
            "net_income_4q": null,
            "revenue": 87614,
            "revenue_4q": null,
            "common_shares": 290252,
            "book_valuer_per_share": 7.93,
            "book_valuer_per_share_4q_avg": 7.89,
            "equity": 230163,
            "current_ratio": 273.65,
            "debt_ratio": 27.57,
            "inventory_turnover_ratio": 1.13,
            "account_receivable_turnover_ratio": 3.05,
            "reinvestment_rate": null,
            "research_to_sale_ratio": 6.33,
            "price_fair": 0,
            "eps_avg_yearly": 0,
            "eps_latest_yearly": 0,
            "eps_growth_yearly": 0
        },
        "20171": {
            "year_quarter": 20171,
            "year": 2017,
            "quarter": 1,
            "eps": -0.15,
            "eps_growth_year": null,
            "eps_4q": -0.03,
            "eps_4q_growth_year": null,
            "roe": -1.96,
            "roe_4q": -0.3200000000000003,
            "gross_profit": 15048,
            "gross_margin": 26.33,
            "gross_margin_4q_avg": 25.12,
            "net_income": -4393,
            "net_income_4q": null,
            "revenue": 57160,
            "revenue_4q": null,
            "common_shares": 290252,
            "book_valuer_per_share": 7.53,
            "book_valuer_per_share_4q_avg": 7.72,
            "equity": 218477,
            "current_ratio": 294.74,
            "debt_ratio": 25.09,
            "inventory_turnover_ratio": 0.83,
            "account_receivable_turnover_ratio": 2.52,
            "reinvestment_rate": null,
            "research_to_sale_ratio": 10.24,
            "price_fair": 0,
            "eps_avg_yearly": 0,
            "eps_latest_yearly": 0,
            "eps_growth_yearly": 0
        },
        "20172": {
            "year_quarter": 20172,
            "year": 2017,
            "quarter": 2,
            "eps": -0.08,
            "eps_growth_year": null,
            "eps_4q": 0.14,
            "eps_4q_growth_year": null,
            "roe": -1.03,
            "roe_4q": 1.7499999999999996,
            "gross_profit": 19592,
            "gross_margin": 28.07,
            "gross_margin_4q_avg": 27.53,
            "net_income": -2247,
            "net_income_4q": null,
            "revenue": 69803,
            "revenue_4q": null,
            "common_shares": 290252,
            "book_valuer_per_share": 7.54,
            "book_valuer_per_share_4q_avg": 7.65,
            "equity": 218936,
            "current_ratio": 259.36,
            "debt_ratio": 28.59,
            "inventory_turnover_ratio": 0.95,
            "account_receivable_turnover_ratio": 4.04,
            "reinvestment_rate": null,
            "research_to_sale_ratio": 8.7,
            "price_fair": 0,
            "eps_avg_yearly": 0,
            "eps_latest_yearly": 0,
            "eps_growth_yearly": 0
        },
        "20173": {
            "year_quarter": 20173,
            "year": 2017,
            "quarter": 3,
            "eps": -0.34,
            "eps_growth_year": null,
            "eps_4q": -0.12,
            "eps_4q_growth_year": null,
            "roe": -4.58,
            "roe_4q": -1.8500000000000005,
            "gross_profit": 13785,
            "gross_margin": 20.4,
            "gross_margin_4q_avg": 26.73,
            "net_income": -9853,
            "net_income_4q": null,
            "revenue": 67564,
            "revenue_4q": null,
            "common_shares": 290252,
            "book_valuer_per_share": 7.28,
            "book_valuer_per_share_4q_avg": 7.57,
            "equity": 211314,
            "current_ratio": 261.82,
            "debt_ratio": 28.24,
            "inventory_turnover_ratio": 0.93,
            "account_receivable_turnover_ratio": 2.83,
            "reinvestment_rate": null,
            "research_to_sale_ratio": 7.06,
            "price_fair": 0,
            "eps_avg_yearly": 0,
            "eps_latest_yearly": 0,
            "eps_growth_yearly": 0
        },
        "20174": {
            "year_quarter": 20174,
            "year": 2017,
            "quarter": 4,
            "eps": -0.18,
            "eps_growth_year": -141.47,
            "eps_4q": -0.75,
            "eps_4q_growth_year": null,
            "roe": -2.55,
            "roe_4q": -10.120000000000001,
            "gross_profit": 19384,
            "gross_margin": 26.05,
            "gross_margin_4q_avg": 25.21,
            "net_income": -5336,
            "net_income_4q": null,
            "revenue": 74414,
            "revenue_4q": null,
            "common_shares": 290252,
            "book_valuer_per_share": 7.17,
            "book_valuer_per_share_4q_avg": 7.38,
            "equity": 208006,
            "current_ratio": 237.44,
            "debt_ratio": 30.02,
            "inventory_turnover_ratio": 0.91,
            "account_receivable_turnover_ratio": 2.88,
            "reinvestment_rate": null,
            "research_to_sale_ratio": 6.1,
            "price_fair": 0,
            "eps_avg_yearly": 0,
            "eps_latest_yearly": 0,
            "eps_growth_yearly": 0
        },
        "20181": {
            "year_quarter": 20181,
            "year": 2018,
            "quarter": 1,
            "eps": -0.53,
            "eps_growth_year": null,
            "eps_4q": -1.13,
            "eps_4q_growth_year": null,
            "roe": -7.59,
            "roe_4q": -15.75,
            "gross_profit": 9619,
            "gross_margin": 20.64,
            "gross_margin_4q_avg": 23.79,
            "net_income": -15326,
            "net_income_4q": null,
            "revenue": 46593,
            "revenue_4q": null,
            "common_shares": 290252,
            "book_valuer_per_share": 6.74,
            "book_valuer_per_share_4q_avg": 7.18,
            "equity": 195605,
            "current_ratio": 215.32,
            "debt_ratio": 32.72,
            "inventory_turnover_ratio": 0.56,
            "account_receivable_turnover_ratio": 2.64,
            "reinvestment_rate": null,
            "research_to_sale_ratio": 10.86,
            "price_fair": 0,
            "eps_avg_yearly": 0,
            "eps_latest_yearly": 0,
            "eps_growth_yearly": 0
        },
        "20182": {
            "year_quarter": 20182,
            "year": 2018,
            "quarter": 2,
            "eps": -0.23,
            "eps_growth_year": null,
            "eps_4q": -1.28,
            "eps_4q_growth_year": -1024.09,
            "roe": -3.51,
            "roe_4q": -18.229999999999997,
            "gross_profit": 10065,
            "gross_margin": 20.38,
            "gross_margin_4q_avg": 21.87,
            "net_income": -6726,
            "net_income_4q": null,
            "revenue": 49388,
            "revenue_4q": null,
            "common_shares": 290252,
            "book_valuer_per_share": 6.45,
            "book_valuer_per_share_4q_avg": 6.91,
            "equity": 187229,
            "current_ratio": 220.52,
            "debt_ratio": 31.25,
            "inventory_turnover_ratio": 0.54,
            "account_receivable_turnover_ratio": 3.74,
            "reinvestment_rate": null,
            "research_to_sale_ratio": 11.98,
            "price_fair": 0,
            "eps_avg_yearly": 0,
            "eps_latest_yearly": 0,
            "eps_growth_yearly": 0
        },
        "20183": {
            "year_quarter": 20183,
            "year": 2018,
            "quarter": 3,
            "eps": 0.11,
            "eps_growth_year": null,
            "eps_4q": -0.83,
            "eps_4q_growth_year": null,
            "roe": 1.69,
            "roe_4q": -11.96,
            "gross_profit": 16356,
            "gross_margin": 24.27,
            "gross_margin_4q_avg": 22.84,
            "net_income": 3159,
            "net_income_4q": null,
            "revenue": 67394,
            "revenue_4q": null,
            "common_shares": 290252,
            "book_valuer_per_share": 6.39,
            "book_valuer_per_share_4q_avg": 6.69,
            "equity": 185559,
            "current_ratio": 250.95,
            "debt_ratio": 26.6,
            "inventory_turnover_ratio": 0.72,
            "account_receivable_turnover_ratio": 5.4,
            "reinvestment_rate": null,
            "research_to_sale_ratio": 6.08,
            "price_fair": 0,
            "eps_avg_yearly": 0,
            "eps_latest_yearly": 0,
            "eps_growth_yearly": 0
        },
        "20184": {
            "year_quarter": 20184,
            "year": 2018,
            "quarter": 4,
            "eps": -0.29,
            "eps_growth_year": null,
            "eps_4q": -0.94,
            "eps_4q_growth_year": null,
            "roe": -4.58,
            "roe_4q": -13.99,
            "gross_profit": 8668,
            "gross_margin": 17.57,
            "gross_margin_4q_avg": 20.72,
            "net_income": -8362,
            "net_income_4q": null,
            "revenue": 49343,
            "revenue_4q": null,
            "common_shares": 290252,
            "book_valuer_per_share": 6.18,
            "book_valuer_per_share_4q_avg": 6.44,
            "equity": 179457,
            "current_ratio": 364.06,
            "debt_ratio": 17.76,
            "inventory_turnover_ratio": 0.72,
            "account_receivable_turnover_ratio": 2.27,
            "reinvestment_rate": null,
            "research_to_sale_ratio": 4.83,
            "price_fair": 0,
            "eps_avg_yearly": 0,
            "eps_latest_yearly": 0,
            "eps_growth_yearly": 0
        },
        "20191": {
            "year_quarter": 20191,
            "year": 2019,
            "quarter": 1,
            "eps": -0.71,
            "eps_growth_year": null,
            "eps_4q": -1.12,
            "eps_4q_growth_year": null,
            "roe": -12.07,
            "roe_4q": -18.47,
            "gross_profit": -2840,
            "gross_margin": -17.74,
            "gross_margin_4q_avg": 11.12,
            "net_income": -20598,
            "net_income_4q": null,
            "revenue": 16011,
            "revenue_4q": null,
            "common_shares": 290252,
            "book_valuer_per_share": 5.58,
            "book_valuer_per_share_4q_avg": 6.15,
            "equity": 161965,
            "current_ratio": 382.81,
            "debt_ratio": 16.05,
            "inventory_turnover_ratio": 0.44,
            "account_receivable_turnover_ratio": 0.78,
            "reinvestment_rate": null,
            "research_to_sale_ratio": 22.53,
            "price_fair": 0,
            "eps_avg_yearly": 0,
            "eps_latest_yearly": 0,
            "eps_growth_yearly": 0
        },
        "20192": {
            "year_quarter": 20192,
            "year": 2019,
            "quarter": 2,
            "eps": -0.02,
            "eps_growth_year": null,
            "eps_4q": -0.91,
            "eps_4q_growth_year": null,
            "roe": -0.38,
            "roe_4q": -15.340000000000002,
            "gross_profit": 7744,
            "gross_margin": 22.27,
            "gross_margin_4q_avg": 11.59,
            "net_income": -607,
            "net_income_4q": null,
            "revenue": 34768,
            "revenue_4q": null,
            "common_shares": 290252,
            "book_valuer_per_share": 5.5,
            "book_valuer_per_share_4q_avg": 5.91,
            "equity": 159735,
            "current_ratio": 363.29,
            "debt_ratio": 16.72,
            "inventory_turnover_ratio": 0.76,
            "account_receivable_turnover_ratio": 3.25,
            "reinvestment_rate": null,
            "research_to_sale_ratio": 6.4,
            "price_fair": 0,
            "eps_avg_yearly": 0,
            "eps_latest_yearly": 0,
            "eps_growth_yearly": 0
        },
        "20193": {
            "year_quarter": 20193,
            "year": 2019,
            "quarter": 3,
            "eps": 0.23,
            "eps_growth_year": 109.09,
            "eps_4q": -0.79,
            "eps_4q_growth_year": null,
            "roe": 4.22,
            "roe_4q": -12.81,
            "gross_profit": 8592,
            "gross_margin": 30.19,
            "gross_margin_4q_avg": 13.07,
            "net_income": 6782,
            "net_income_4q": null,
            "revenue": 28463,
            "revenue_4q": null,
            "common_shares": 290252,
            "book_valuer_per_share": 5.57,
            "book_valuer_per_share_4q_avg": 5.71,
            "equity": 161767,
            "current_ratio": 397.06,
            "debt_ratio": 15.83,
            "inventory_turnover_ratio": 0.7,
            "account_receivable_turnover_ratio": 2.76,
            "reinvestment_rate": null,
            "research_to_sale_ratio": 5.58,
            "price_fair": 0,
            "eps_avg_yearly": 0,
            "eps_latest_yearly": 0,
            "eps_growth_yearly": 0
        },
        "20194": {
            "year_quarter": 20194,
            "year": 2019,
            "quarter": 4,
            "eps": -0.11,
            "eps_growth_year": null,
            "eps_4q": -0.61,
            "eps_4q_growth_year": null,
            "roe": -1.97,
            "roe_4q": -10.2,
            "gross_profit": 11818,
            "gross_margin": 36.38,
            "gross_margin_4q_avg": 17.78,
            "net_income": -3211,
            "net_income_4q": null,
            "revenue": 32485,
            "revenue_4q": null,
            "common_shares": 290252,
            "book_valuer_per_share": 5.63,
            "book_valuer_per_share_4q_avg": 5.57,
            "equity": 163533,
            "current_ratio": 440,
            "debt_ratio": 11.75,
            "inventory_turnover_ratio": 0.91,
            "account_receivable_turnover_ratio": 3.51,
            "reinvestment_rate": null,
            "research_to_sale_ratio": 3.11,
            "price_fair": 0,
            "eps_avg_yearly": 0,
            "eps_latest_yearly": 0,
            "eps_growth_yearly": 0
        },
        "20201": {
            "year_quarter": 20201,
            "year": 2020,
            "quarter": 1,
            "eps": -0.28,
            "eps_growth_year": null,
            "eps_4q": -0.18,
            "eps_4q_growth_year": null,
            "roe": -5.14,
            "roe_4q": -3.2699999999999996,
            "gross_profit": -446,
            "gross_margin": -3.36,
            "gross_margin_4q_avg": 21.37,
            "net_income": -8190,
            "net_income_4q": null,
            "revenue": 13274,
            "revenue_4q": null,
            "common_shares": 290252,
            "book_valuer_per_share": 5.34,
            "book_valuer_per_share_4q_avg": 5.51,
            "equity": 155078,
            "current_ratio": 386.65,
            "debt_ratio": 13.4,
            "inventory_turnover_ratio": 0.69,
            "account_receivable_turnover_ratio": 1.42,
            "reinvestment_rate": null,
            "research_to_sale_ratio": 8.72,
            "price_fair": 0,
            "eps_avg_yearly": 0,
            "eps_latest_yearly": 0,
            "eps_growth_yearly": 0
        },
        "20202": {
            "year_quarter": 20202,
            "year": 2020,
            "quarter": 2,
            "eps": -0.16,
            "eps_growth_year": null,
            "eps_4q": -0.31,
            "eps_4q_growth_year": null,
            "roe": -2.95,
            "roe_4q": -5.840000000000001,
            "gross_profit": 991,
            "gross_margin": 7.45,
            "gross_margin_4q_avg": 17.67,
            "net_income": -4504,
            "net_income_4q": null,
            "revenue": 13302,
            "revenue_4q": null,
            "common_shares": 290252,
            "book_valuer_per_share": 5.18,
            "book_valuer_per_share_4q_avg": 5.43,
            "equity": 150303,
            "current_ratio": 356.55,
            "debt_ratio": 13.69,
            "inventory_turnover_ratio": 0.64,
            "account_receivable_turnover_ratio": 1.52,
            "reinvestment_rate": null,
            "research_to_sale_ratio": 6.68,
            "price_fair": 0,
            "eps_avg_yearly": 0,
            "eps_latest_yearly": 0,
            "eps_growth_yearly": 0
        },
        "20203": {
            "year_quarter": 20203,
            "year": 2020,
            "quarter": 3,
            "eps": -0.07,
            "eps_growth_year": -130.43,
            "eps_4q": -0.62,
            "eps_4q_growth_year": null,
            "roe": -1.37,
            "roe_4q": -11.430000000000001,
            "gross_profit": 5090,
            "gross_margin": 25.95,
            "gross_margin_4q_avg": 16.61,
            "net_income": -2052,
            "net_income_4q": null,
            "revenue": 19614,
            "revenue_4q": null,
            "common_shares": 290252,
            "book_valuer_per_share": 5.12,
            "book_valuer_per_share_4q_avg": 5.32,
            "equity": 148636,
            "current_ratio": 410.78,
            "debt_ratio": 11.29,
            "inventory_turnover_ratio": 0.92,
            "account_receivable_turnover_ratio": 1.98,
            "reinvestment_rate": null,
            "research_to_sale_ratio": 4.13,
            "price_fair": 0,
            "eps_avg_yearly": 0,
            "eps_latest_yearly": 0,
            "eps_growth_yearly": 0
        },
        "20204": {
            "year_quarter": 20204,
            "year": 2020,
            "quarter": 4,
            "eps": -0.29,
            "eps_growth_year": null,
            "eps_4q": -0.8,
            "eps_4q_growth_year": null,
            "roe": -5.56,
            "roe_4q": -15.02,
            "gross_profit": -387,
            "gross_margin": -3.39,
            "gross_margin_4q_avg": 6.66,
            "net_income": -8532,
            "net_income_4q": null,
            "revenue": 11427,
            "revenue_4q": null,
            "common_shares": 290252,
            "book_valuer_per_share": 5.45,
            "book_valuer_per_share_4q_avg": 5.27,
            "equity": 158278,
            "current_ratio": 443.12,
            "debt_ratio": 11.02,
            "inventory_turnover_ratio": 0.93,
            "account_receivable_turnover_ratio": 1.07,
            "reinvestment_rate": null,
            "research_to_sale_ratio": 15,
            "price_fair": 0,
            "eps_avg_yearly": 0,
            "eps_latest_yearly": 0,
            "eps_growth_yearly": 0
        },
        "20211": {
            "year_quarter": 20211,
            "year": 2021,
            "quarter": 1,
            "eps": -0.16,
            "eps_growth_year": null,
            "eps_4q": -0.68,
            "eps_4q_growth_year": null,
            "roe": -3.06,
            "roe_4q": -12.939999999999998,
            "gross_profit": -1104,
            "gross_margin": -20.4,
            "gross_margin_4q_avg": 2.4,
            "net_income": -4776,
            "net_income_4q": null,
            "revenue": 5412,
            "revenue_4q": null,
            "common_shares": 290252,
            "book_valuer_per_share": 5.28,
            "book_valuer_per_share_4q_avg": 5.26,
            "equity": 153378,
            "current_ratio": 485.78,
            "debt_ratio": 9.78,
            "inventory_turnover_ratio": 0.52,
            "account_receivable_turnover_ratio": 0.75,
            "reinvestment_rate": null,
            "research_to_sale_ratio": 3.27,
            "price_fair": 0,
            "eps_avg_yearly": 0,
            "eps_latest_yearly": 0,
            "eps_growth_yearly": 0
        },
        "20212": {
            "year_quarter": 20212,
            "year": 2021,
            "quarter": 2,
            "eps": -0.06,
            "eps_growth_year": null,
            "eps_4q": -0.59,
            "eps_4q_growth_year": null,
            "roe": -1.19,
            "roe_4q": -11.18,
            "gross_profit": 4609,
            "gross_margin": 29.14,
            "gross_margin_4q_avg": 7.83,
            "net_income": -1812,
            "net_income_4q": null,
            "revenue": 15819,
            "revenue_4q": null,
            "common_shares": 290252,
            "book_valuer_per_share": 5.22,
            "book_valuer_per_share_4q_avg": 5.27,
            "equity": 151420,
            "current_ratio": 327.21,
            "debt_ratio": 26.26,
            "inventory_turnover_ratio": 0.83,
            "account_receivable_turnover_ratio": 2.71,
            "reinvestment_rate": null,
            "research_to_sale_ratio": 4.72,
            "price_fair": 0,
            "eps_avg_yearly": 0,
            "eps_latest_yearly": 0,
            "eps_growth_yearly": 0
        },
        "20213": {
            "year_quarter": 20213,
            "year": 2021,
            "quarter": 3,
            "eps": -0.14,
            "eps_growth_year": null,
            "eps_4q": -0.67,
            "eps_4q_growth_year": null,
            "roe": -2.8,
            "roe_4q": -12.61,
            "gross_profit": 1835,
            "gross_margin": 11.26,
            "gross_margin_4q_avg": 4.15,
            "net_income": -4183,
            "net_income_4q": null,
            "revenue": 16292,
            "revenue_4q": null,
            "common_shares": 290252,
            "book_valuer_per_share": 5.07,
            "book_valuer_per_share_4q_avg": 5.26,
            "equity": 147227,
            "current_ratio": 300.35,
            "debt_ratio": 39.45,
            "inventory_turnover_ratio": 1.11,
            "account_receivable_turnover_ratio": 2.1,
            "reinvestment_rate": null,
            "research_to_sale_ratio": 2.6,
            "price_fair": 0,
            "eps_avg_yearly": 0,
            "eps_latest_yearly": 0,
            "eps_growth_yearly": 0
        },
        "20214": {
            "year_quarter": 20214,
            "year": 2021,
            "quarter": 4,
            "eps": 5.24,
            "eps_growth_year": null,
            "eps_4q": 4.71,
            "eps_4q_growth_year": null,
            "roe": 52.53,
            "roe_4q": 45.480000000000004,
            "gross_profit": -1772,
            "gross_margin": -8.48,
            "gross_margin_4q_avg": 2.88,
            "net_income": 104873,
            "net_income_4q": null,
            "revenue": 20891,
            "revenue_4q": null,
            "common_shares": 200000,
            "book_valuer_per_share": 12.6,
            "book_valuer_per_share_4q_avg": 7.04,
            "equity": 252031,
            "current_ratio": 865.77,
            "debt_ratio": 20.39,
            "inventory_turnover_ratio": 2.25,
            "account_receivable_turnover_ratio": 2.5,
            "reinvestment_rate": -193.47,
            "research_to_sale_ratio": 1.61,
            "price_fair": 0,
            "eps_avg_yearly": 0,
            "eps_latest_yearly": 0,
            "eps_growth_yearly": 0
        },
        "20221": {
            "year_quarter": 20221,
            "year": 2022,
            "quarter": 1,
            "eps": -0.04,
            "eps_growth_year": null,
            "eps_4q": 4.91,
            "eps_4q_growth_year": null,
            "roe": -0.29,
            "roe_4q": 48.25000000000001,
            "gross_profit": 5367,
            "gross_margin": 44.89,
            "gross_margin_4q_avg": 19.2,
            "net_income": -720,
            "net_income_4q": null,
            "revenue": 11956,
            "revenue_4q": null,
            "common_shares": 200000,
            "book_valuer_per_share": 12.58,
            "book_valuer_per_share_4q_avg": 8.87,
            "equity": 251676,
            "current_ratio": 830.14,
            "debt_ratio": 20.52,
            "inventory_turnover_ratio": 0.5,
            "account_receivable_turnover_ratio": 2.51,
            "reinvestment_rate": -122.36,
            "research_to_sale_ratio": 2.53,
            "price_fair": 0,
            "eps_avg_yearly": 0,
            "eps_latest_yearly": 0,
            "eps_growth_yearly": 0
        },
        "20222": {
            "year_quarter": 20222,
            "year": 2022,
            "quarter": 2,
            "eps": -0.33,
            "eps_growth_year": null,
            "eps_4q": 4.67,
            "eps_4q_growth_year": null,
            "roe": -2.65,
            "roe_4q": 46.790000000000006,
            "gross_profit": 1469,
            "gross_margin": 9.69,
            "gross_margin_4q_avg": 14.34,
            "net_income": -6581,
            "net_income_4q": null,
            "revenue": 15161,
            "revenue_4q": null,
            "common_shares": 200000,
            "book_valuer_per_share": 12.25,
            "book_valuer_per_share_4q_avg": 10.63,
            "equity": 244915,
            "current_ratio": 592.56,
            "debt_ratio": 24.14,
            "inventory_turnover_ratio": 0.63,
            "account_receivable_turnover_ratio": 4.8,
            "reinvestment_rate": -119.52,
            "research_to_sale_ratio": 8.5,
            "price_fair": 0,
            "eps_avg_yearly": 0,
            "eps_latest_yearly": 0,
            "eps_growth_yearly": 0
        },
        "20223": {
            "year_quarter": 20223,
            "year": 2022,
            "quarter": 3,
            "eps": -0.01,
            "eps_growth_year": null,
            "eps_4q": 4.87,
            "eps_4q_growth_year": null,
            "roe": -0.07,
            "roe_4q": 49.52,
            "gross_profit": 9458,
            "gross_margin": 27.08,
            "gross_margin_4q_avg": 18.3,
            "net_income": -168,
            "net_income_4q": null,
            "revenue": 34920,
            "revenue_4q": null,
            "common_shares": 200000,
            "book_valuer_per_share": 12.24,
            "book_valuer_per_share_4q_avg": 12.42,
            "equity": 244840,
            "current_ratio": 569.56,
            "debt_ratio": 24.45,
            "inventory_turnover_ratio": 1.15,
            "account_receivable_turnover_ratio": 4.24,
            "reinvestment_rate": -57.9,
            "research_to_sale_ratio": 1.13,
            "price_fair": 0,
            "eps_avg_yearly": 0,
            "eps_latest_yearly": 0,
            "eps_growth_yearly": 0
        },
        "20224": {
            "year_quarter": 20224,
            "year": 2022,
            "quarter": 4,
            "eps": 0.03,
            "eps_growth_year": -99.49,
            "eps_4q": -0.35,
            "eps_4q_growth_year": -107.37,
            "roe": 0.22,
            "roe_4q": -2.79,
            "gross_profit": 8693,
            "gross_margin": 24.44,
            "gross_margin_4q_avg": 26.53,
            "net_income": 532,
            "net_income_4q": null,
            "revenue": 35570,
            "revenue_4q": null,
            "common_shares": 200000,
            "book_valuer_per_share": 12.26,
            "book_valuer_per_share_4q_avg": 12.33,
            "equity": 245221,
            "current_ratio": 475.91,
            "debt_ratio": 26.92,
            "inventory_turnover_ratio": 1.42,
            "account_receivable_turnover_ratio": 4.76,
            "reinvestment_rate": -45.61,
            "research_to_sale_ratio": 1.14,
            "price_fair": 0,
            "eps_avg_yearly": 0,
            "eps_latest_yearly": 0,
            "eps_growth_yearly": 0
        },
        "20231": {
            "year_quarter": 20231,
            "year": 2023,
            "quarter": 1,
            "eps": 0.06,
            "eps_growth_year": null,
            "eps_4q": -0.25,
            "eps_4q_growth_year": -105.03,
            "roe": 0.52,
            "roe_4q": -1.98,
            "gross_profit": 10218,
            "gross_margin": 33.76,
            "gross_margin_4q_avg": 23.74,
            "net_income": 1284,
            "net_income_4q": null,
            "revenue": 30268,
            "revenue_4q": null,
            "common_shares": 200000,
            "book_valuer_per_share": 12.33,
            "book_valuer_per_share_4q_avg": 12.27,
            "equity": 246564,
            "current_ratio": 448.95,
            "debt_ratio": 27.83,
            "inventory_turnover_ratio": 0.93,
            "account_receivable_turnover_ratio": 9.06,
            "reinvestment_rate": -30.25,
            "research_to_sale_ratio": 1.29,
            "price_fair": 8.4,
            "eps_avg_yearly": 0.24,
            "eps_latest_yearly": 0.24,
            "eps_growth_yearly": 400
        },
        "20232": {
            "year_quarter": 20232,
            "year": 2023,
            "quarter": 2,
            "eps": 0.28,
            "eps_growth_year": null,
            "eps_4q": 0.36,
            "eps_4q_growth_year": -92.32,
            "roe": 2.22,
            "roe_4q": 2.8900000000000006,
            "gross_profit": 13713,
            "gross_margin": 33.82,
            "gross_margin_4q_avg": 29.78,
            "net_income": 5524,
            "net_income_4q": null,
            "revenue": 40544,
            "revenue_4q": null,
            "common_shares": 200000,
            "book_valuer_per_share": 12.58,
            "book_valuer_per_share_4q_avg": 12.35,
            "equity": 251578,
            "current_ratio": 429.74,
            "debt_ratio": 28.66,
            "inventory_turnover_ratio": 1,
            "account_receivable_turnover_ratio": 16.07,
            "reinvestment_rate": -27.01,
            "research_to_sale_ratio": 1.26,
            "price_fair": 23.8,
            "eps_avg_yearly": 0.68,
            "eps_latest_yearly": 1.12,
            "eps_growth_yearly": 933.33
        },
        "20233": {
            "year_quarter": 20233,
            "year": 2023,
            "quarter": 3,
            "eps": 0.58,
            "eps_growth_year": null,
            "eps_4q": 0.95,
            "eps_4q_growth_year": -80.47,
            "roe": 4.54,
            "roe_4q": 7.499999999999999,
            "gross_profit": 19971,
            "gross_margin": 40.33,
            "gross_margin_4q_avg": 33.09,
            "net_income": 11686,
            "net_income_4q": null,
            "revenue": 49525,
            "revenue_4q": null,
            "common_shares": 200000,
            "book_valuer_per_share": 13.19,
            "book_valuer_per_share_4q_avg": 12.59,
            "equity": 263797,
            "current_ratio": 372.09,
            "debt_ratio": 24.12,
            "inventory_turnover_ratio": 1.31,
            "account_receivable_turnover_ratio": 14.29,
            "reinvestment_rate": -23.84,
            "research_to_sale_ratio": 0.74,
            "price_fair": 42.93,
            "eps_avg_yearly": 1.23,
            "eps_latest_yearly": 2.32,
            "eps_growth_yearly": 765.08
        }
    },
    "months": {
        "2003-09": {
            "month": "2003-09",
            "price": "41.22",
            "revenue": 81284
        },
        "2003-10": {
            "month": "2003-10",
            "price": "38.19",
            "revenue": 80507
        },
        "2003-11": {
            "month": "2003-11",
            "price": "37.76",
            "revenue": 67593
        },
        "2003-12": {
            "month": "2003-12",
            "price": "36.92",
            "revenue": 70137
        },
        "2004-01": {
            "month": "2004-01",
            "price": "36.94",
            "revenue": 48074
        },
        "2004-02": {
            "month": "2004-02",
            "price": "38.76",
            "revenue": 77985
        },
        "2004-03": {
            "month": "2004-03",
            "price": "38.41",
            "revenue": 84759
        },
        "2004-04": {
            "month": "2004-04",
            "price": "37.41",
            "revenue": 68895
        },
        "2004-05": {
            "month": "2004-05",
            "price": "37.05",
            "revenue": 77845
        },
        "2004-06": {
            "month": "2004-06",
            "price": "36.90",
            "revenue": 80552
        },
        "2004-07": {
            "month": "2004-07",
            "price": "35.59",
            "revenue": 80470
        },
        "2004-08": {
            "month": "2004-08",
            "price": "29.26",
            "revenue": 92867
        },
        "2004-09": {
            "month": "2004-09",
            "price": "30.38",
            "revenue": 90656
        },
        "2004-10": {
            "month": "2004-10",
            "price": "30.36",
            "revenue": 91846
        },
        "2004-11": {
            "month": "2004-11",
            "price": "31.87",
            "revenue": 80415
        },
        "2004-12": {
            "month": "2004-12",
            "price": "28.30",
            "revenue": 58305
        },
        "2005-01": {
            "month": "2005-01",
            "price": "24.31",
            "revenue": 46003
        },
        "2005-02": {
            "month": "2005-02",
            "price": "24.97",
            "revenue": 74129
        },
        "2005-03": {
            "month": "2005-03",
            "price": "26.10",
            "revenue": 76390
        },
        "2005-04": {
            "month": "2005-04",
            "price": "24.51",
            "revenue": 62252
        },
        "2005-05": {
            "month": "2005-05",
            "price": "24.16",
            "revenue": 72595
        },
        "2005-06": {
            "month": "2005-06",
            "price": "24.42",
            "revenue": 75631
        },
        "2005-07": {
            "month": "2005-07",
            "price": "25.45",
            "revenue": 79396
        },
        "2005-08": {
            "month": "2005-08",
            "price": "23.63",
            "revenue": 94601
        },
        "2005-09": {
            "month": "2005-09",
            "price": "22.35",
            "revenue": 81381
        },
        "2005-10": {
            "month": "2005-10",
            "price": "22.40",
            "revenue": 79960
        },
        "2005-11": {
            "month": "2005-11",
            "price": "22.28",
            "revenue": 81065
        },
        "2005-12": {
            "month": "2005-12",
            "price": "22.63",
            "revenue": 61420
        },
        "2006-01": {
            "month": "2006-01",
            "price": "22.94",
            "revenue": 40510
        },
        "2006-02": {
            "month": "2006-02",
            "price": "22.21",
            "revenue": 36351
        },
        "2006-03": {
            "month": "2006-03",
            "price": "22.10",
            "revenue": 59004
        },
        "2006-04": {
            "month": "2006-04",
            "price": "23.26",
            "revenue": 83967
        },
        "2006-05": {
            "month": "2006-05",
            "price": "23.67",
            "revenue": 78600
        },
        "2006-06": {
            "month": "2006-06",
            "price": "27.59",
            "revenue": 78568
        },
        "2006-07": {
            "month": "2006-07",
            "price": "23.54",
            "revenue": 80231
        },
        "2006-08": {
            "month": "2006-08",
            "price": "22.65",
            "revenue": 97866
        },
        "2006-09": {
            "month": "2006-09",
            "price": "26.43",
            "revenue": 65081
        },
        "2006-10": {
            "month": "2006-10",
            "price": "23.34",
            "revenue": 81103
        },
        "2006-11": {
            "month": "2006-11",
            "price": "25.72",
            "revenue": 67198
        },
        "2006-12": {
            "month": "2006-12",
            "price": "26.64",
            "revenue": 100034
        },
        "2007-01": {
            "month": "2007-01",
            "price": "27.25",
            "revenue": 34360
        },
        "2007-02": {
            "month": "2007-02",
            "price": "27.81",
            "revenue": 67973
        },
        "2007-03": {
            "month": "2007-03",
            "price": "27.15",
            "revenue": 57588
        },
        "2007-04": {
            "month": "2007-04",
            "price": "27.74",
            "revenue": 73897
        },
        "2007-05": {
            "month": "2007-05",
            "price": "24.81",
            "revenue": 65866
        },
        "2007-06": {
            "month": "2007-06",
            "price": "24.63",
            "revenue": 54538
        },
        "2007-07": {
            "month": "2007-07",
            "price": "25.95",
            "revenue": 73153
        },
        "2007-08": {
            "month": "2007-08",
            "price": "23.04",
            "revenue": 87907
        },
        "2007-09": {
            "month": "2007-09",
            "price": "20.81",
            "revenue": 53107
        },
        "2007-10": {
            "month": "2007-10",
            "price": "19.82",
            "revenue": 79258
        },
        "2007-11": {
            "month": "2007-11",
            "price": "19.99",
            "revenue": 48903
        },
        "2007-12": {
            "month": "2007-12",
            "price": "17.51",
            "revenue": 48858
        },
        "2008-01": {
            "month": "2008-01",
            "price": "16.61",
            "revenue": 46906
        },
        "2008-02": {
            "month": "2008-02",
            "price": "16.68",
            "revenue": 42764
        },
        "2008-03": {
            "month": "2008-03",
            "price": "16.84",
            "revenue": 65214
        },
        "2008-04": {
            "month": "2008-04",
            "price": "17.59",
            "revenue": 72471
        },
        "2008-05": {
            "month": "2008-05",
            "price": "19.00",
            "revenue": 43439
        },
        "2008-06": {
            "month": "2008-06",
            "price": "19.00",
            "revenue": 46792
        },
        "2008-07": {
            "month": "2008-07",
            "price": "17.49",
            "revenue": 59307
        },
        "2008-08": {
            "month": "2008-08",
            "price": "17.62",
            "revenue": 66610
        },
        "2008-09": {
            "month": "2008-09",
            "price": "14.46",
            "revenue": 50780
        },
        "2008-10": {
            "month": "2008-10",
            "price": "12.71",
            "revenue": 48545
        },
        "2008-11": {
            "month": "2008-11",
            "price": "12.32",
            "revenue": 38104
        },
        "2008-12": {
            "month": "2008-12",
            "price": "12.15",
            "revenue": 38918
        },
        "2009-01": {
            "month": "2009-01",
            "price": "12.90",
            "revenue": 23825
        },
        "2009-02": {
            "month": "2009-02",
            "price": "13.58",
            "revenue": 34081
        },
        "2009-03": {
            "month": "2009-03",
            "price": "12.42",
            "revenue": 43838
        },
        "2009-04": {
            "month": "2009-04",
            "price": "13.41",
            "revenue": 32569
        },
        "2009-05": {
            "month": "2009-05",
            "price": "12.27",
            "revenue": 43809
        },
        "2009-06": {
            "month": "2009-06",
            "price": "12.45",
            "revenue": 54952
        },
        "2009-07": {
            "month": "2009-07",
            "price": "12.88",
            "revenue": 57241
        },
        "2009-08": {
            "month": "2009-08",
            "price": "13.30",
            "revenue": 44380
        },
        "2009-09": {
            "month": "2009-09",
            "price": "13.96",
            "revenue": 75638
        },
        "2009-10": {
            "month": "2009-10",
            "price": "14.01",
            "revenue": 62262
        },
        "2009-11": {
            "month": "2009-11",
            "price": "16.63",
            "revenue": 60032
        },
        "2009-12": {
            "month": "2009-12",
            "price": "17.91",
            "revenue": 57663
        },
        "2010-01": {
            "month": "2010-01",
            "price": "18.99",
            "revenue": 40051
        },
        "2010-02": {
            "month": "2010-02",
            "price": "20.97",
            "revenue": 40830
        },
        "2010-03": {
            "month": "2010-03",
            "price": "32.59",
            "revenue": 52724
        },
        "2010-04": {
            "month": "2010-04",
            "price": "34.09",
            "revenue": 57501
        },
        "2010-05": {
            "month": "2010-05",
            "price": "29.95",
            "revenue": 70319
        },
        "2010-06": {
            "month": "2010-06",
            "price": "24.21",
            "revenue": 67017
        },
        "2010-07": {
            "month": "2010-07",
            "price": "23.98",
            "revenue": 62468
        },
        "2010-08": {
            "month": "2010-08",
            "price": "28.70",
            "revenue": 59726
        },
        "2010-09": {
            "month": "2010-09",
            "price": "27.98",
            "revenue": 68127
        },
        "2010-10": {
            "month": "2010-10",
            "price": "27.25",
            "revenue": 61275
        },
        "2010-11": {
            "month": "2010-11",
            "price": "26.37",
            "revenue": 63193
        },
        "2010-12": {
            "month": "2010-12",
            "price": "26.38",
            "revenue": 74777
        },
        "2011-01": {
            "month": "2011-01",
            "price": "27.90",
            "revenue": 46341
        },
        "2011-02": {
            "month": "2011-02",
            "price": "28.25",
            "revenue": 45546
        },
        "2011-03": {
            "month": "2011-03",
            "price": "28.10",
            "revenue": 54307
        },
        "2011-04": {
            "month": "2011-04",
            "price": "27.79",
            "revenue": 55822
        },
        "2011-05": {
            "month": "2011-05",
            "price": "28.42",
            "revenue": 51601
        },
        "2011-06": {
            "month": "2011-06",
            "price": "27.71",
            "revenue": 38846
        },
        "2011-07": {
            "month": "2011-07",
            "price": "27.75",
            "revenue": 49557
        },
        "2011-08": {
            "month": "2011-08",
            "price": "25.88",
            "revenue": 34670
        },
        "2011-09": {
            "month": "2011-09",
            "price": "23.28",
            "revenue": 31004
        },
        "2011-10": {
            "month": "2011-10",
            "price": "23.69",
            "revenue": 58738
        },
        "2011-11": {
            "month": "2011-11",
            "price": "22.14",
            "revenue": 59753
        },
        "2011-12": {
            "month": "2011-12",
            "price": "20.59",
            "revenue": 54900
        },
        "2012-01": {
            "month": "2012-01",
            "price": "19.78",
            "revenue": 39681
        },
        "2012-02": {
            "month": "2012-02",
            "price": "19.01",
            "revenue": 28491
        },
        "2012-03": {
            "month": "2012-03",
            "price": "19.01",
            "revenue": 45455
        },
        "2012-04": {
            "month": "2012-04",
            "price": "19.08",
            "revenue": 45546
        },
        "2012-05": {
            "month": "2012-05",
            "price": "18.92",
            "revenue": 43057
        },
        "2012-06": {
            "month": "2012-06",
            "price": "18.80",
            "revenue": 30850
        },
        "2012-07": {
            "month": "2012-07",
            "price": "18.65",
            "revenue": 47925
        },
        "2012-08": {
            "month": "2012-08",
            "price": "17.96",
            "revenue": 41375
        },
        "2012-09": {
            "month": "2012-09",
            "price": "17.87",
            "revenue": 33163
        },
        "2012-10": {
            "month": "2012-10",
            "price": "18.62",
            "revenue": 37386
        },
        "2012-11": {
            "month": "2012-11",
            "price": "18.46",
            "revenue": 41666
        },
        "2012-12": {
            "month": "2012-12",
            "price": "18.15",
            "revenue": 5753
        },
        "2013-01": {
            "month": "2013-01",
            "price": "17.63",
            "revenue": 26961
        },
        "2013-02": {
            "month": "2013-02",
            "price": "17.23",
            "revenue": 32629
        },
        "2013-03": {
            "month": "2013-03",
            "price": "18.53",
            "revenue": 42521
        },
        "2013-04": {
            "month": "2013-04",
            "price": "18.14",
            "revenue": 39042
        },
        "2013-05": {
            "month": "2013-05",
            "price": "17.98",
            "revenue": 36188
        },
        "2013-06": {
            "month": "2013-06",
            "price": "17.64",
            "revenue": 19037
        },
        "2013-07": {
            "month": "2013-07",
            "price": "16.71",
            "revenue": 40894
        },
        "2013-08": {
            "month": "2013-08",
            "price": "16.66",
            "revenue": 29073
        },
        "2013-09": {
            "month": "2013-09",
            "price": "16.21",
            "revenue": 36754
        },
        "2013-10": {
            "month": "2013-10",
            "price": "17.21",
            "revenue": 34290
        },
        "2013-11": {
            "month": "2013-11",
            "price": "20.45",
            "revenue": 23714
        },
        "2013-12": {
            "month": "2013-12",
            "price": "19.38",
            "revenue": 19938
        },
        "2014-01": {
            "month": "2014-01",
            "price": "19.00",
            "revenue": 18403
        },
        "2014-02": {
            "month": "2014-02",
            "price": "18.13",
            "revenue": 23151
        },
        "2014-03": {
            "month": "2014-03",
            "price": "19.63",
            "revenue": 31338
        },
        "2014-04": {
            "month": "2014-04",
            "price": "17.85",
            "revenue": 26084
        },
        "2014-05": {
            "month": "2014-05",
            "price": "16.83",
            "revenue": 27327
        },
        "2014-06": {
            "month": "2014-06",
            "price": "16.20",
            "revenue": 18579
        },
        "2014-07": {
            "month": "2014-07",
            "price": "16.82",
            "revenue": 25073
        },
        "2014-08": {
            "month": "2014-08",
            "price": "17.01",
            "revenue": 25825
        },
        "2014-09": {
            "month": "2014-09",
            "price": "16.84",
            "revenue": 25084
        },
        "2014-10": {
            "month": "2014-10",
            "price": "16.63",
            "revenue": 27829
        },
        "2014-11": {
            "month": "2014-11",
            "price": "16.73",
            "revenue": 42247
        },
        "2014-12": {
            "month": "2014-12",
            "price": "18.51",
            "revenue": 49426
        },
        "2015-01": {
            "month": "2015-01",
            "price": "22.84",
            "revenue": 23056
        },
        "2015-02": {
            "month": "2015-02",
            "price": "21.35",
            "revenue": 13505
        },
        "2015-03": {
            "month": "2015-03",
            "price": "18.73",
            "revenue": 21190
        },
        "2015-04": {
            "month": "2015-04",
            "price": "17.72",
            "revenue": 28835
        },
        "2015-05": {
            "month": "2015-05",
            "price": "17.42",
            "revenue": 27020
        },
        "2015-06": {
            "month": "2015-06",
            "price": "17.36",
            "revenue": 36561
        },
        "2015-07": {
            "month": "2015-07",
            "price": "17.70",
            "revenue": 28331
        },
        "2015-08": {
            "month": "2015-08",
            "price": "15.85",
            "revenue": 24487
        },
        "2015-09": {
            "month": "2015-09",
            "price": "12.72",
            "revenue": 22722
        },
        "2015-10": {
            "month": "2015-10",
            "price": "13.78",
            "revenue": 21360
        },
        "2015-11": {
            "month": "2015-11",
            "price": "14.02",
            "revenue": 22766
        },
        "2015-12": {
            "month": "2015-12",
            "price": "12.79",
            "revenue": 25211
        },
        "2016-01": {
            "month": "2016-01",
            "price": "12.67",
            "revenue": 13682
        },
        "2016-02": {
            "month": "2016-02",
            "price": "12.39",
            "revenue": 1890
        },
        "2016-03": {
            "month": "2016-03",
            "price": "12.96",
            "revenue": 24349
        },
        "2016-04": {
            "month": "2016-04",
            "price": "12.50",
            "revenue": 7309
        },
        "2016-05": {
            "month": "2016-05",
            "price": "12.28",
            "revenue": 27609
        },
        "2016-06": {
            "month": "2016-06",
            "price": "12.33",
            "revenue": 22161
        },
        "2016-07": {
            "month": "2016-07",
            "price": "12.54",
            "revenue": 22656
        },
        "2016-08": {
            "month": "2016-08",
            "price": "12.87",
            "revenue": 19553
        },
        "2016-09": {
            "month": "2016-09",
            "price": "14.30",
            "revenue": 33502
        },
        "2016-10": {
            "month": "2016-10",
            "price": "13.59",
            "revenue": 27001
        },
        "2016-11": {
            "month": "2016-11",
            "price": "12.85",
            "revenue": 25773
        },
        "2016-12": {
            "month": "2016-12",
            "price": "12.99",
            "revenue": 35385
        },
        "2017-01": {
            "month": "2017-01",
            "price": "12.68",
            "revenue": 11698
        },
        "2017-02": {
            "month": "2017-02",
            "price": "13.06",
            "revenue": 22072
        },
        "2017-03": {
            "month": "2017-03",
            "price": "12.35",
            "revenue": 22996
        },
        "2017-04": {
            "month": "2017-04",
            "price": "12.55",
            "revenue": 21339
        },
        "2017-05": {
            "month": "2017-05",
            "price": "12.41",
            "revenue": 26344
        },
        "2017-06": {
            "month": "2017-06",
            "price": "12.12",
            "revenue": 22168
        },
        "2017-07": {
            "month": "2017-07",
            "price": "11.96",
            "revenue": 22872
        },
        "2017-08": {
            "month": "2017-08",
            "price": "12.04",
            "revenue": 20996
        },
        "2017-09": {
            "month": "2017-09",
            "price": "12.76",
            "revenue": 23475
        },
        "2017-10": {
            "month": "2017-10",
            "price": "12.34",
            "revenue": 21407
        },
        "2017-11": {
            "month": "2017-11",
            "price": "12.41",
            "revenue": 29991
        },
        "2017-12": {
            "month": "2017-12",
            "price": "11.98",
            "revenue": 23006
        },
        "2018-01": {
            "month": "2018-01",
            "price": "11.57",
            "revenue": 23503
        },
        "2018-02": {
            "month": "2018-02",
            "price": "10.58",
            "revenue": 6830
        },
        "2018-03": {
            "month": "2018-03",
            "price": "10.74",
            "revenue": 16295
        },
        "2018-04": {
            "month": "2018-04",
            "price": "10.76",
            "revenue": 20108
        },
        "2018-05": {
            "month": "2018-05",
            "price": "10.77",
            "revenue": 14517
        },
        "2018-06": {
            "month": "2018-06",
            "price": "10.66",
            "revenue": 14636
        },
        "2018-07": {
            "month": "2018-07",
            "price": "10.68",
            "revenue": 15696
        },
        "2018-08": {
            "month": "2018-08",
            "price": "10.55",
            "revenue": 19719
        },
        "2018-09": {
            "month": "2018-09",
            "price": "10.40",
            "revenue": 31978
        },
        "2018-10": {
            "month": "2018-10",
            "price": "10.12",
            "revenue": 21151
        },
        "2018-11": {
            "month": "2018-11",
            "price": "9.98",
            "revenue": 15324
        },
        "2018-12": {
            "month": "2018-12",
            "price": "9.91",
            "revenue": 12967
        },
        "2019-01": {
            "month": "2019-01",
            "price": "9.82",
            "revenue": 5251
        },
        "2019-02": {
            "month": "2019-02",
            "price": "10.02",
            "revenue": 3212
        },
        "2019-03": {
            "month": "2019-03",
            "price": "9.79",
            "revenue": 7531
        },
        "2019-04": {
            "month": "2019-04",
            "price": "9.79",
            "revenue": 10592
        },
        "2019-05": {
            "month": "2019-05",
            "price": "9.71",
            "revenue": 13641
        },
        "2019-06": {
            "month": "2019-06",
            "price": "10.67",
            "revenue": 10574
        },
        "2019-07": {
            "month": "2019-07",
            "price": "11.05",
            "revenue": 11735
        },
        "2019-08": {
            "month": "2019-08",
            "price": "10.50",
            "revenue": 8456
        },
        "2019-09": {
            "month": "2019-09",
            "price": "10.62",
            "revenue": 8239
        },
        "2019-10": {
            "month": "2019-10",
            "price": "11.01",
            "revenue": 6959
        },
        "2019-11": {
            "month": "2019-11",
            "price": "12.25",
            "revenue": 9720
        },
        "2019-12": {
            "month": "2019-12",
            "price": "16.99",
            "revenue": 15767
        },
        "2020-01": {
            "month": "2020-01",
            "price": "27.89",
            "revenue": 5343
        },
        "2020-02": {
            "month": "2020-02",
            "price": "39.59",
            "revenue": 4869
        },
        "2020-03": {
            "month": "2020-03",
            "price": "42.68",
            "revenue": 3034
        },
        "2020-04": {
            "month": "2020-04",
            "price": "34.98",
            "revenue": 4591
        },
        "2020-05": {
            "month": "2020-05",
            "price": "26.78",
            "revenue": 3953
        },
        "2020-06": {
            "month": "2020-06",
            "price": "25.39",
            "revenue": 4742
        },
        "2020-07": {
            "month": "2020-07",
            "price": "26.45",
            "revenue": 3290
        },
        "2020-08": {
            "month": "2020-08",
            "price": "25.61",
            "revenue": 4826
        },
        "2020-09": {
            "month": "2020-09",
            "price": "27.31",
            "revenue": 11501
        },
        "2020-10": {
            "month": "2020-10",
            "price": "29.73",
            "revenue": 4603
        },
        "2020-11": {
            "month": "2020-11",
            "price": "31.48",
            "revenue": 3652
        },
        "2020-12": {
            "month": "2020-12",
            "price": "30.95",
            "revenue": 3211
        },
        "2021-01": {
            "month": "2021-01",
            "price": "30.22",
            "revenue": 837
        },
        "2021-02": {
            "month": "2021-02",
            "price": "33.06",
            "revenue": 159
        },
        "2021-03": {
            "month": "2021-03",
            "price": "32.57",
            "revenue": 4416
        },
        "2021-04": {
            "month": "2021-04",
            "price": "31.12",
            "revenue": 4527
        },
        "2021-05": {
            "month": "2021-05",
            "price": "28.08",
            "revenue": 4578
        },
        "2021-06": {
            "month": "2021-06",
            "price": "27.43",
            "revenue": 6708
        },
        "2021-07": {
            "month": "2021-07",
            "price": "28.14",
            "revenue": 5915
        },
        "2021-08": {
            "month": "2021-08",
            "price": "28.36",
            "revenue": 5454
        },
        "2021-09": {
            "month": "2021-09",
            "price": "28.26",
            "revenue": 4929
        },
        "2021-10": {
            "month": "2021-10",
            "price": "27.92",
            "revenue": 5543
        },
        "2021-11": {
            "month": "2021-11",
            "price": "27.77",
            "revenue": 4710
        },
        "2021-12": {
            "month": "2021-12",
            "price": "39.59",
            "revenue": 10376
        },
        "2022-01": {
            "month": "2022-01",
            "price": "34.99",
            "revenue": 9191
        },
        "2022-02": {
            "month": "2022-02",
            "price": "39.82",
            "revenue": 2116
        },
        "2022-03": {
            "month": "2022-03",
            "price": "40.63",
            "revenue": 528
        },
        "2022-04": {
            "month": "2022-04",
            "price": "41.20",
            "revenue": 5227
        },
        "2022-05": {
            "month": "2022-05",
            "price": "41.04",
            "revenue": 7668
        },
        "2022-06": {
            "month": "2022-06",
            "price": "40.83",
            "revenue": 2410
        },
        "2022-07": {
            "month": "2022-07",
            "price": "40.25",
            "revenue": 6184
        },
        "2022-08": {
            "month": "2022-08",
            "price": "38.50",
            "revenue": 13100
        },
        "2022-09": {
            "month": "2022-09",
            "price": "37.52",
            "revenue": 14288
        },
        "2022-10": {
            "month": "2022-10",
            "price": "38.00",
            "revenue": 8173
        },
        "2022-11": {
            "month": "2022-11",
            "price": "37.60",
            "revenue": 11817
        },
        "2022-12": {
            "month": "2022-12",
            "price": "33.54",
            "revenue": 15809
        },
        "2023-01": {
            "month": "2023-01",
            "price": "35.98",
            "revenue": 15495
        },
        "2023-02": {
            "month": "2023-02",
            "price": "33.46",
            "revenue": 3353
        },
        "2023-03": {
            "month": "2023-03",
            "price": "33.04",
            "revenue": 11131
        },
        "2023-04": {
            "month": "2023-04",
            "price": "34.05",
            "revenue": 17221
        },
        "2023-05": {
            "month": "2023-05",
            "price": "35.84",
            "revenue": 9222
        },
        "2023-06": {
            "month": "2023-06",
            "price": "39.38",
            "revenue": 10426
        },
        "2023-07": {
            "month": "2023-07",
            "price": "38.46",
            "revenue": 22342
        },
        "2023-08": {
            "month": "2023-08",
            "price": "40.17",
            "revenue": 15658
        },
        "2023-09": {
            "month": "2023-09",
            "price": "38.29",
            "revenue": 11528
        },
        "2023-10": {
            "month": "2023-10",
            "price": "38.42",
            "revenue": 12112
        },
        "2023-11": {
            "month": "2023-11",
            "price": "37.99",
            "revenue": 25126
        }
    }
}
