{
    "summary": {
        "stock_name": "美磊",
        "stock_id": "3068",
        "category": "通信網路",
        "main_business": "電氣器材(電感表面黏著零組件、線圈等)之製造、加工、買賣業務。<br>各項有關電氣器材、原料、半成品、成品之進出口貿易業務。<br>無",
        "website_url": "",
        "ceo": "許正源",
        "pe_ratio": 29,
        "report_year_from": 2001,
        "report_year_to": 2018,
        "age": 23,
        "eps_negative_percentage": 0,
        "eps_growth_avg": {
            "last_all": 14.64,
            "last_2y": 4.54,
            "last_4y": 8.71,
            "last_8y": 2.48,
            "last_12y": null,
            "last_16y": null,
            "last_20y": null,
            "at_2006_last_3y": null,
            "at_2007_last_3y": null,
            "at_2008_last_3y": null,
            "at_2009_last_3y": null,
            "at_2010_last_3y": 48.97,
            "at_2011_last_3y": 11.67,
            "at_2012_last_3y": 5.54,
            "at_2013_last_3y": -5.29,
            "at_2014_last_3y": -15.41,
            "at_2015_last_3y": 3.83,
            "at_2016_last_3y": 46.64,
            "at_2017_last_3y": 33.59,
            "at_2018_last_3y": 10.35,
            "at_2019_last_3y": 10.35,
            "at_2020_last_3y": 10.35,
            "at_2021_last_3y": 10.35,
            "at_2022_last_3y": 10.35,
            "at_2023_last_3y": 10.35,
            "at_2024_last_3y": 10.35,
            "at_2006_last_all": null,
            "at_2007_last_all": null,
            "at_2008_last_all": 26.64,
            "at_2009_last_all": 51.1,
            "at_2010_last_all": 48.97,
            "at_2011_last_all": 29.34,
            "at_2012_last_all": 12.57,
            "at_2013_last_all": 18.87,
            "at_2014_last_all": 16.78,
            "at_2015_last_all": 18,
            "at_2016_last_all": 26.2,
            "at_2017_last_all": 24.23,
            "at_2018_last_all": 14.64,
            "at_2019_last_all": 14.64,
            "at_2020_last_all": 14.64,
            "at_2021_last_all": 14.64,
            "at_2022_last_all": 14.64,
            "at_2023_last_all": 14.64,
            "at_2024_last_all": 14.64
        },
        "latest_eps": 4.15,
        "latest_price": 121,
        "latest_roe": 16.72,
        "latest_gross_margin": 20.99,
        "latest_equity": 2605574,
        "latest_revenue": 657235,
        "latest_gross_profit": 137922,
        "latest_net_income": 41648,
        "latest_debt_ratio": 42.12,
        "latest_current_ratio": 193.47,
        "latest_account_receivable_turnover_ratio": 0.71,
        "latest_inventory_turnover_ratio": 0.64,
        "latest_reinvestment_rate": -51.44,
        "latest_research_to_sale_ratio": 3.5
    },
    "eps_dividends": {
        "2001": {
            "cash": 0,
            "stock": 0,
            "eps": 0
        },
        "2002": {
            "cash": 0,
            "stock": 0,
            "eps": 0
        },
        "2003": {
            "cash": 0,
            "stock": 0,
            "eps": 0
        },
        "2004": {
            "cash": 0,
            "stock": 0,
            "eps": 0
        },
        "2005": {
            "cash": 0,
            "stock": 0,
            "eps": 0
        },
        "2006": {
            "cash": 0,
            "stock": 0,
            "eps": 0.83
        },
        "2007": {
            "cash": 0,
            "stock": 0,
            "eps": 3.04
        },
        "2008": {
            "cash": 1.91,
            "stock": 0.21,
            "eps": 1.62
        },
        "2009": {
            "cash": 0.9,
            "stock": 0,
            "eps": 4.32
        },
        "2010": {
            "cash": 3,
            "stock": 0,
            "eps": 6.16
        },
        "2011": {
            "cash": 4,
            "stock": 0,
            "eps": 3.13
        },
        "2012": {
            "cash": 1,
            "stock": 1,
            "eps": 0.9
        },
        "2013": {
            "cash": 0.5,
            "stock": 0.5,
            "eps": 1.41
        },
        "2014": {
            "cash": 0.5,
            "stock": 0.5,
            "eps": 1.44
        },
        "2015": {
            "cash": 0.9,
            "stock": 0,
            "eps": 1.84
        },
        "2016": {
            "cash": 1,
            "stock": 0,
            "eps": 4.7
        },
        "2017": {
            "cash": 3,
            "stock": 1,
            "eps": 4.91
        },
        "2018": {
            "cash": 3.65,
            "stock": 0,
            "eps": 0.45
        }
    },
    "dividends": {
        "2008-03-13": {
            "cash": 1.91,
            "stock": 0.21
        },
        "2009-06-19": {
            "cash": 0.9,
            "stock": 0
        },
        "2010-03-18": {
            "cash": 3,
            "stock": 0
        },
        "2011-03-15": {
            "cash": 4,
            "stock": 0
        },
        "2012-04-19": {
            "cash": 1,
            "stock": 1
        },
        "2013-07-31": {
            "cash": 0.5,
            "stock": 0.5
        },
        "2014-09-24": {
            "cash": 0.5,
            "stock": 0.5
        },
        "2015-08-20": {
            "cash": 0.9,
            "stock": 0
        },
        "2016-09-12": {
            "cash": 1,
            "stock": 0
        },
        "2017-09-12": {
            "cash": 3,
            "stock": 1
        },
        "2018-04-26": {
            "cash": 3.65,
            "stock": 0
        }
    },
    "prices": {
        "200101": "無",
        "200102": "無",
        "200103": "無",
        "200104": "無",
        "200105": "無",
        "200106": "無",
        "200107": "無",
        "200108": "無",
        "200109": "無",
        "200110": "無",
        "200111": "無",
        "200112": "無",
        "200201": "無",
        "200202": "無",
        "200203": "無",
        "200204": "無",
        "200205": "無",
        "200206": "無",
        "200207": "無",
        "200208": "無",
        "200209": "無",
        "200210": "無",
        "200211": "無",
        "200212": "無",
        "200301": "無",
        "200302": "無",
        "200303": "無",
        "200304": "無",
        "200305": "無",
        "200306": "無",
        "200307": "無",
        "200308": "無",
        "200309": "7.78",
        "200310": "9.00",
        "200311": "8.37",
        "200312": "8.38",
        "200401": "8.93",
        "200402": "8.93",
        "200403": "9.67",
        "200404": "9.45",
        "200405": "9.53",
        "200406": "9.26",
        "200407": "8.73",
        "200408": "8.00",
        "200409": "6.64",
        "200410": "6.49",
        "200411": "6.45",
        "200412": "7.01",
        "200501": "5.94",
        "200502": "5.30",
        "200503": "5.35",
        "200504": "5.76",
        "200505": "6.01",
        "200506": "6.07",
        "200507": "6.48",
        "200508": "6.85",
        "200509": "6.42",
        "200510": "6.38",
        "200511": "6.13",
        "200512": "6.49",
        "200601": "7.77",
        "200602": "8.02",
        "200603": "16.89",
        "200604": "18.50",
        "200605": "16.80",
        "200606": "14.99",
        "200607": "14.32",
        "200608": "15.37",
        "200609": "16.63",
        "200610": "18.71",
        "200611": "19.79",
        "200612": "20.81",
        "200701": "26.10",
        "200702": "25.12",
        "200703": "24.96",
        "200704": "24.40",
        "200705": "29.37",
        "200706": "36.58",
        "200707": "37.08",
        "200708": "36.91",
        "200709": "36.45",
        "200710": "33.85",
        "200711": "31.06",
        "200712": "29.65",
        "200801": "28.40",
        "200802": "25.31",
        "200803": "28.56",
        "200804": "38.03",
        "200805": "39.64",
        "200806": "32.15",
        "200807": "28.23",
        "200808": "29.35",
        "200809": "24.76",
        "200810": "20.72",
        "200811": "17.48",
        "200812": "13.39",
        "200901": "12.26",
        "200902": "13.35",
        "200903": "17.61",
        "200904": "26.49",
        "200905": "30.98",
        "200906": "31.58",
        "200907": "37.51",
        "200908": "47.11",
        "200909": "60.85",
        "200910": "64.03",
        "200911": "69.41",
        "200912": "77.10",
        "201001": "79.59",
        "201002": "69.26",
        "201003": "81.80",
        "201004": "82.95",
        "201005": "84.83",
        "201006": "87.22",
        "201007": "86.81",
        "201008": "83.96",
        "201009": "74.83",
        "201010": "73.38",
        "201011": "81.36",
        "201012": "86.79",
        "201101": "81.96",
        "201102": "79.24",
        "201103": "83.01",
        "201104": "79.31",
        "201105": "64.49",
        "201106": "60.89",
        "201107": "54.83",
        "201108": "50.74",
        "201109": "44.69",
        "201110": "43.51",
        "201111": "38.70",
        "201112": "38.05",
        "201201": "38.31",
        "201202": "50.22",
        "201203": "50.17",
        "201204": "46.03",
        "201205": "41.55",
        "201206": "41.30",
        "201207": "41.74",
        "201208": "42.57",
        "201209": "42.56",
        "201210": "39.43",
        "201211": "38.60",
        "201212": "37.70",
        "201301": "37.42",
        "201302": "37.80",
        "201303": "37.62",
        "201304": "36.19",
        "201305": "37.69",
        "201306": "38.07",
        "201307": "37.52",
        "201308": "36.91",
        "201309": "35.56",
        "201310": "46.84",
        "201311": "46.33",
        "201312": "45.73",
        "201401": "45.32",
        "201402": "45.29",
        "201403": "43.53",
        "201404": "40.06",
        "201405": "38.45",
        "201406": "42.26",
        "201407": "39.05",
        "201408": "34.83",
        "201409": "35.08",
        "201410": "33.04",
        "201411": "32.37",
        "201412": "33.67",
        "201501": "34.35",
        "201502": "35.65",
        "201503": "34.81",
        "201504": "33.74",
        "201505": "32.66",
        "201506": "30.78",
        "201507": "30.61",
        "201508": "29.07",
        "201509": "30.63",
        "201510": "32.64",
        "201511": "32.04",
        "201512": "33.89",
        "201601": "35.45",
        "201602": "42.34",
        "201603": "42.30",
        "201604": "41.06",
        "201605": "40.23",
        "201606": "42.65",
        "201607": "44.16",
        "201608": "49.56",
        "201609": "51.82",
        "201610": "51.90",
        "201611": "49.65",
        "201612": "51.43",
        "201701": "54.32",
        "201702": "65.22",
        "201703": "68.60",
        "201704": "69.74",
        "201705": "69.57",
        "201706": "68.47",
        "201707": "65.80",
        "201708": "61.84",
        "201709": "63.22",
        "201710": "63.01",
        "201711": "61.56",
        "201712": "60.49",
        "201801": "67.90",
        "201802": "62.20",
        "201803": "66.53",
        "201804": "72.48",
        "201805": "84.59",
        "201806": "116.12",
        "201807": "無",
        "201808": "無",
        "201809": "無",
        "201810": "無",
        "201811": "無",
        "201812": "無",
        "201901": "無",
        "201902": "無",
        "201903": "無",
        "201904": "無",
        "201905": "無",
        "201906": "無",
        "201907": "無",
        "201908": "無",
        "201909": "無",
        "201910": "無",
        "201911": "無",
        "201912": "無",
        "202001": "無",
        "202002": "無",
        "202003": "無",
        "202004": "無",
        "202005": "無",
        "202006": "無",
        "202007": "無",
        "202008": "無",
        "202009": "無",
        "202010": "無",
        "202011": "無",
        "202012": "無",
        "202101": "無",
        "202102": "無",
        "202103": "無",
        "202104": "無",
        "202105": "無",
        "202106": "無",
        "202107": "無",
        "202108": "無",
        "202109": "無",
        "202110": "無",
        "202111": "無",
        "202112": "無",
        "202201": "無",
        "202202": "無",
        "202203": "無",
        "202204": "無",
        "202205": "無",
        "202206": "無",
        "202207": "無",
        "202208": "無",
        "202209": "無",
        "202210": "無",
        "202211": "無",
        "202212": "無",
        "202301": "無",
        "202302": "無",
        "202303": "無",
        "202304": "無",
        "202305": "無",
        "202306": "無",
        "202307": "無",
        "202308": "無",
        "202309": "無",
        "202310": "無",
        "202311": "無",
        "202312": "無",
        "202401": "無",
        "202402": "無",
        "202403": "無",
        "202404": "無"
    },
    "quarters": {
        "20011": {
            "year_quarter": 20011,
            "year": 2001,
            "quarter": 1,
            "eps": null,
            "eps_growth_year": null,
            "eps_4q": null,
            "eps_4q_growth_year": null,
            "roe": null,
            "roe_4q": 0,
            "gross_profit": null,
            "gross_margin": null,
            "gross_margin_4q_avg": 0,
            "net_income": null,
            "net_income_4q": null,
            "revenue": null,
            "revenue_4q": null,
            "common_shares": null,
            "book_valuer_per_share": null,
            "book_valuer_per_share_4q_avg": 0,
            "equity": null,
            "current_ratio": null,
            "debt_ratio": null,
            "inventory_turnover_ratio": null,
            "account_receivable_turnover_ratio": null,
            "reinvestment_rate": null,
            "research_to_sale_ratio": null,
            "price_fair": 0,
            "eps_avg_yearly": 0,
            "eps_latest_yearly": 0,
            "eps_growth_yearly": 0
        },
        "20012": {
            "year_quarter": 20012,
            "year": 2001,
            "quarter": 2,
            "eps": null,
            "eps_growth_year": null,
            "eps_4q": null,
            "eps_4q_growth_year": null,
            "roe": null,
            "roe_4q": 0,
            "gross_profit": null,
            "gross_margin": null,
            "gross_margin_4q_avg": 0,
            "net_income": null,
            "net_income_4q": null,
            "revenue": null,
            "revenue_4q": null,
            "common_shares": null,
            "book_valuer_per_share": null,
            "book_valuer_per_share_4q_avg": 0,
            "equity": null,
            "current_ratio": null,
            "debt_ratio": null,
            "inventory_turnover_ratio": null,
            "account_receivable_turnover_ratio": null,
            "reinvestment_rate": null,
            "research_to_sale_ratio": null,
            "price_fair": 0,
            "eps_avg_yearly": 0,
            "eps_latest_yearly": 0,
            "eps_growth_yearly": 0
        },
        "20013": {
            "year_quarter": 20013,
            "year": 2001,
            "quarter": 3,
            "eps": null,
            "eps_growth_year": null,
            "eps_4q": null,
            "eps_4q_growth_year": null,
            "roe": null,
            "roe_4q": 0,
            "gross_profit": null,
            "gross_margin": null,
            "gross_margin_4q_avg": 0,
            "net_income": null,
            "net_income_4q": null,
            "revenue": null,
            "revenue_4q": null,
            "common_shares": null,
            "book_valuer_per_share": null,
            "book_valuer_per_share_4q_avg": 0,
            "equity": null,
            "current_ratio": null,
            "debt_ratio": null,
            "inventory_turnover_ratio": null,
            "account_receivable_turnover_ratio": null,
            "reinvestment_rate": null,
            "research_to_sale_ratio": null,
            "price_fair": 0,
            "eps_avg_yearly": 0,
            "eps_latest_yearly": 0,
            "eps_growth_yearly": 0
        },
        "20014": {
            "year_quarter": 20014,
            "year": 2001,
            "quarter": 4,
            "eps": null,
            "eps_growth_year": null,
            "eps_4q": null,
            "eps_4q_growth_year": null,
            "roe": null,
            "roe_4q": 0,
            "gross_profit": null,
            "gross_margin": null,
            "gross_margin_4q_avg": 0,
            "net_income": null,
            "net_income_4q": null,
            "revenue": null,
            "revenue_4q": null,
            "common_shares": 407455,
            "book_valuer_per_share": 17.46,
            "book_valuer_per_share_4q_avg": 4.37,
            "equity": 719099,
            "current_ratio": 146.8,
            "debt_ratio": 33.69,
            "inventory_turnover_ratio": null,
            "account_receivable_turnover_ratio": null,
            "reinvestment_rate": null,
            "research_to_sale_ratio": null,
            "price_fair": 0,
            "eps_avg_yearly": 0,
            "eps_latest_yearly": 0,
            "eps_growth_yearly": 0
        },
        "20021": {
            "year_quarter": 20021,
            "year": 2002,
            "quarter": 1,
            "eps": null,
            "eps_growth_year": null,
            "eps_4q": null,
            "eps_4q_growth_year": null,
            "roe": null,
            "roe_4q": 0,
            "gross_profit": null,
            "gross_margin": null,
            "gross_margin_4q_avg": 0,
            "net_income": null,
            "net_income_4q": null,
            "revenue": null,
            "revenue_4q": null,
            "common_shares": null,
            "book_valuer_per_share": null,
            "book_valuer_per_share_4q_avg": 4.37,
            "equity": null,
            "current_ratio": null,
            "debt_ratio": null,
            "inventory_turnover_ratio": null,
            "account_receivable_turnover_ratio": null,
            "reinvestment_rate": null,
            "research_to_sale_ratio": null,
            "price_fair": 0,
            "eps_avg_yearly": 0,
            "eps_latest_yearly": 0,
            "eps_growth_yearly": 0
        },
        "20022": {
            "year_quarter": 20022,
            "year": 2002,
            "quarter": 2,
            "eps": null,
            "eps_growth_year": null,
            "eps_4q": null,
            "eps_4q_growth_year": null,
            "roe": null,
            "roe_4q": 0,
            "gross_profit": null,
            "gross_margin": null,
            "gross_margin_4q_avg": 0,
            "net_income": null,
            "net_income_4q": null,
            "revenue": null,
            "revenue_4q": null,
            "common_shares": null,
            "book_valuer_per_share": null,
            "book_valuer_per_share_4q_avg": 4.37,
            "equity": null,
            "current_ratio": null,
            "debt_ratio": null,
            "inventory_turnover_ratio": null,
            "account_receivable_turnover_ratio": null,
            "reinvestment_rate": null,
            "research_to_sale_ratio": null,
            "price_fair": 0,
            "eps_avg_yearly": 0,
            "eps_latest_yearly": 0,
            "eps_growth_yearly": 0
        },
        "20023": {
            "year_quarter": 20023,
            "year": 2002,
            "quarter": 3,
            "eps": null,
            "eps_growth_year": null,
            "eps_4q": null,
            "eps_4q_growth_year": null,
            "roe": null,
            "roe_4q": 0,
            "gross_profit": null,
            "gross_margin": null,
            "gross_margin_4q_avg": 0,
            "net_income": null,
            "net_income_4q": null,
            "revenue": null,
            "revenue_4q": null,
            "common_shares": null,
            "book_valuer_per_share": null,
            "book_valuer_per_share_4q_avg": 4.37,
            "equity": null,
            "current_ratio": null,
            "debt_ratio": null,
            "inventory_turnover_ratio": null,
            "account_receivable_turnover_ratio": null,
            "reinvestment_rate": null,
            "research_to_sale_ratio": null,
            "price_fair": 0,
            "eps_avg_yearly": 0,
            "eps_latest_yearly": 0,
            "eps_growth_yearly": 0
        },
        "20024": {
            "year_quarter": 20024,
            "year": 2002,
            "quarter": 4,
            "eps": null,
            "eps_growth_year": null,
            "eps_4q": null,
            "eps_4q_growth_year": null,
            "roe": null,
            "roe_4q": 0,
            "gross_profit": null,
            "gross_margin": null,
            "gross_margin_4q_avg": 0,
            "net_income": null,
            "net_income_4q": null,
            "revenue": null,
            "revenue_4q": null,
            "common_shares": 407455,
            "book_valuer_per_share": 14.93,
            "book_valuer_per_share_4q_avg": 3.73,
            "equity": 612560,
            "current_ratio": 126.84,
            "debt_ratio": 41,
            "inventory_turnover_ratio": null,
            "account_receivable_turnover_ratio": null,
            "reinvestment_rate": null,
            "research_to_sale_ratio": null,
            "price_fair": 0,
            "eps_avg_yearly": 0,
            "eps_latest_yearly": 0,
            "eps_growth_yearly": 0
        },
        "20031": {
            "year_quarter": 20031,
            "year": 2003,
            "quarter": 1,
            "eps": null,
            "eps_growth_year": null,
            "eps_4q": null,
            "eps_4q_growth_year": null,
            "roe": null,
            "roe_4q": 0,
            "gross_profit": null,
            "gross_margin": null,
            "gross_margin_4q_avg": 0,
            "net_income": null,
            "net_income_4q": null,
            "revenue": null,
            "revenue_4q": null,
            "common_shares": null,
            "book_valuer_per_share": null,
            "book_valuer_per_share_4q_avg": 3.73,
            "equity": null,
            "current_ratio": null,
            "debt_ratio": null,
            "inventory_turnover_ratio": null,
            "account_receivable_turnover_ratio": null,
            "reinvestment_rate": null,
            "research_to_sale_ratio": null,
            "price_fair": 0,
            "eps_avg_yearly": 0,
            "eps_latest_yearly": 0,
            "eps_growth_yearly": 0
        },
        "20032": {
            "year_quarter": 20032,
            "year": 2003,
            "quarter": 2,
            "eps": null,
            "eps_growth_year": null,
            "eps_4q": null,
            "eps_4q_growth_year": null,
            "roe": null,
            "roe_4q": 0,
            "gross_profit": null,
            "gross_margin": null,
            "gross_margin_4q_avg": 0,
            "net_income": null,
            "net_income_4q": null,
            "revenue": null,
            "revenue_4q": null,
            "common_shares": null,
            "book_valuer_per_share": null,
            "book_valuer_per_share_4q_avg": 3.73,
            "equity": null,
            "current_ratio": null,
            "debt_ratio": null,
            "inventory_turnover_ratio": null,
            "account_receivable_turnover_ratio": null,
            "reinvestment_rate": null,
            "research_to_sale_ratio": null,
            "price_fair": 0,
            "eps_avg_yearly": 0,
            "eps_latest_yearly": 0,
            "eps_growth_yearly": 0
        },
        "20033": {
            "year_quarter": 20033,
            "year": 2003,
            "quarter": 3,
            "eps": null,
            "eps_growth_year": null,
            "eps_4q": null,
            "eps_4q_growth_year": null,
            "roe": null,
            "roe_4q": 0,
            "gross_profit": null,
            "gross_margin": null,
            "gross_margin_4q_avg": 0,
            "net_income": null,
            "net_income_4q": null,
            "revenue": null,
            "revenue_4q": null,
            "common_shares": null,
            "book_valuer_per_share": null,
            "book_valuer_per_share_4q_avg": 3.73,
            "equity": null,
            "current_ratio": null,
            "debt_ratio": null,
            "inventory_turnover_ratio": null,
            "account_receivable_turnover_ratio": null,
            "reinvestment_rate": null,
            "research_to_sale_ratio": null,
            "price_fair": 0,
            "eps_avg_yearly": 0,
            "eps_latest_yearly": 0,
            "eps_growth_yearly": 0
        },
        "20034": {
            "year_quarter": 20034,
            "year": 2003,
            "quarter": 4,
            "eps": null,
            "eps_growth_year": null,
            "eps_4q": null,
            "eps_4q_growth_year": null,
            "roe": null,
            "roe_4q": 0,
            "gross_profit": null,
            "gross_margin": null,
            "gross_margin_4q_avg": 0,
            "net_income": null,
            "net_income_4q": null,
            "revenue": null,
            "revenue_4q": null,
            "common_shares": 452992,
            "book_valuer_per_share": 10.99,
            "book_valuer_per_share_4q_avg": 2.75,
            "equity": 497682,
            "current_ratio": 97.87,
            "debt_ratio": 44.78,
            "inventory_turnover_ratio": null,
            "account_receivable_turnover_ratio": null,
            "reinvestment_rate": null,
            "research_to_sale_ratio": null,
            "price_fair": 0,
            "eps_avg_yearly": 0,
            "eps_latest_yearly": 0,
            "eps_growth_yearly": 0
        },
        "20041": {
            "year_quarter": 20041,
            "year": 2004,
            "quarter": 1,
            "eps": null,
            "eps_growth_year": null,
            "eps_4q": null,
            "eps_4q_growth_year": null,
            "roe": null,
            "roe_4q": 0,
            "gross_profit": null,
            "gross_margin": null,
            "gross_margin_4q_avg": 0,
            "net_income": null,
            "net_income_4q": null,
            "revenue": null,
            "revenue_4q": null,
            "common_shares": null,
            "book_valuer_per_share": null,
            "book_valuer_per_share_4q_avg": 2.75,
            "equity": null,
            "current_ratio": null,
            "debt_ratio": null,
            "inventory_turnover_ratio": null,
            "account_receivable_turnover_ratio": null,
            "reinvestment_rate": null,
            "research_to_sale_ratio": null,
            "price_fair": 0,
            "eps_avg_yearly": 0,
            "eps_latest_yearly": 0,
            "eps_growth_yearly": 0
        },
        "20042": {
            "year_quarter": 20042,
            "year": 2004,
            "quarter": 2,
            "eps": null,
            "eps_growth_year": null,
            "eps_4q": null,
            "eps_4q_growth_year": null,
            "roe": null,
            "roe_4q": 0,
            "gross_profit": null,
            "gross_margin": null,
            "gross_margin_4q_avg": 0,
            "net_income": null,
            "net_income_4q": null,
            "revenue": null,
            "revenue_4q": null,
            "common_shares": null,
            "book_valuer_per_share": null,
            "book_valuer_per_share_4q_avg": 2.75,
            "equity": null,
            "current_ratio": null,
            "debt_ratio": null,
            "inventory_turnover_ratio": null,
            "account_receivable_turnover_ratio": null,
            "reinvestment_rate": null,
            "research_to_sale_ratio": null,
            "price_fair": 0,
            "eps_avg_yearly": 0,
            "eps_latest_yearly": 0,
            "eps_growth_yearly": 0
        },
        "20043": {
            "year_quarter": 20043,
            "year": 2004,
            "quarter": 3,
            "eps": null,
            "eps_growth_year": null,
            "eps_4q": null,
            "eps_4q_growth_year": null,
            "roe": null,
            "roe_4q": 0,
            "gross_profit": null,
            "gross_margin": null,
            "gross_margin_4q_avg": 0,
            "net_income": null,
            "net_income_4q": null,
            "revenue": null,
            "revenue_4q": null,
            "common_shares": null,
            "book_valuer_per_share": null,
            "book_valuer_per_share_4q_avg": 2.75,
            "equity": null,
            "current_ratio": null,
            "debt_ratio": null,
            "inventory_turnover_ratio": null,
            "account_receivable_turnover_ratio": null,
            "reinvestment_rate": null,
            "research_to_sale_ratio": null,
            "price_fair": 0,
            "eps_avg_yearly": 0,
            "eps_latest_yearly": 0,
            "eps_growth_yearly": 0
        },
        "20044": {
            "year_quarter": 20044,
            "year": 2004,
            "quarter": 4,
            "eps": null,
            "eps_growth_year": null,
            "eps_4q": null,
            "eps_4q_growth_year": null,
            "roe": null,
            "roe_4q": 0,
            "gross_profit": null,
            "gross_margin": null,
            "gross_margin_4q_avg": 0,
            "net_income": null,
            "net_income_4q": null,
            "revenue": null,
            "revenue_4q": null,
            "common_shares": 512992,
            "book_valuer_per_share": 8.99,
            "book_valuer_per_share_4q_avg": 2.25,
            "equity": 461051,
            "current_ratio": 107.11,
            "debt_ratio": 47.03,
            "inventory_turnover_ratio": null,
            "account_receivable_turnover_ratio": null,
            "reinvestment_rate": null,
            "research_to_sale_ratio": null,
            "price_fair": 0,
            "eps_avg_yearly": 0,
            "eps_latest_yearly": 0,
            "eps_growth_yearly": 0
        },
        "20051": {
            "year_quarter": 20051,
            "year": 2005,
            "quarter": 1,
            "eps": null,
            "eps_growth_year": null,
            "eps_4q": null,
            "eps_4q_growth_year": null,
            "roe": null,
            "roe_4q": 0,
            "gross_profit": null,
            "gross_margin": null,
            "gross_margin_4q_avg": 0,
            "net_income": null,
            "net_income_4q": null,
            "revenue": null,
            "revenue_4q": null,
            "common_shares": null,
            "book_valuer_per_share": null,
            "book_valuer_per_share_4q_avg": 2.25,
            "equity": null,
            "current_ratio": null,
            "debt_ratio": null,
            "inventory_turnover_ratio": null,
            "account_receivable_turnover_ratio": null,
            "reinvestment_rate": null,
            "research_to_sale_ratio": null,
            "price_fair": 0,
            "eps_avg_yearly": 0,
            "eps_latest_yearly": 0,
            "eps_growth_yearly": 0
        },
        "20052": {
            "year_quarter": 20052,
            "year": 2005,
            "quarter": 2,
            "eps": null,
            "eps_growth_year": null,
            "eps_4q": null,
            "eps_4q_growth_year": null,
            "roe": null,
            "roe_4q": 0,
            "gross_profit": null,
            "gross_margin": null,
            "gross_margin_4q_avg": 0,
            "net_income": null,
            "net_income_4q": null,
            "revenue": null,
            "revenue_4q": null,
            "common_shares": null,
            "book_valuer_per_share": null,
            "book_valuer_per_share_4q_avg": 2.25,
            "equity": null,
            "current_ratio": null,
            "debt_ratio": null,
            "inventory_turnover_ratio": null,
            "account_receivable_turnover_ratio": null,
            "reinvestment_rate": null,
            "research_to_sale_ratio": null,
            "price_fair": 0,
            "eps_avg_yearly": 0,
            "eps_latest_yearly": 0,
            "eps_growth_yearly": 0
        },
        "20053": {
            "year_quarter": 20053,
            "year": 2005,
            "quarter": 3,
            "eps": null,
            "eps_growth_year": null,
            "eps_4q": null,
            "eps_4q_growth_year": null,
            "roe": null,
            "roe_4q": 0,
            "gross_profit": null,
            "gross_margin": null,
            "gross_margin_4q_avg": 0,
            "net_income": null,
            "net_income_4q": null,
            "revenue": null,
            "revenue_4q": null,
            "common_shares": null,
            "book_valuer_per_share": null,
            "book_valuer_per_share_4q_avg": 2.25,
            "equity": null,
            "current_ratio": null,
            "debt_ratio": null,
            "inventory_turnover_ratio": null,
            "account_receivable_turnover_ratio": null,
            "reinvestment_rate": null,
            "research_to_sale_ratio": null,
            "price_fair": 0,
            "eps_avg_yearly": 0,
            "eps_latest_yearly": 0,
            "eps_growth_yearly": 0
        },
        "20054": {
            "year_quarter": 20054,
            "year": 2005,
            "quarter": 4,
            "eps": null,
            "eps_growth_year": null,
            "eps_4q": null,
            "eps_4q_growth_year": null,
            "roe": null,
            "roe_4q": 0,
            "gross_profit": null,
            "gross_margin": null,
            "gross_margin_4q_avg": 0,
            "net_income": null,
            "net_income_4q": null,
            "revenue": null,
            "revenue_4q": null,
            "common_shares": 410393,
            "book_valuer_per_share": 9.72,
            "book_valuer_per_share_4q_avg": 2.43,
            "equity": 399365,
            "current_ratio": 91.68,
            "debt_ratio": 58.46,
            "inventory_turnover_ratio": null,
            "account_receivable_turnover_ratio": null,
            "reinvestment_rate": null,
            "research_to_sale_ratio": null,
            "price_fair": 0,
            "eps_avg_yearly": 0,
            "eps_latest_yearly": 0,
            "eps_growth_yearly": 0
        },
        "20061": {
            "year_quarter": 20061,
            "year": 2006,
            "quarter": 1,
            "eps": null,
            "eps_growth_year": null,
            "eps_4q": null,
            "eps_4q_growth_year": null,
            "roe": null,
            "roe_4q": 0,
            "gross_profit": null,
            "gross_margin": null,
            "gross_margin_4q_avg": 0,
            "net_income": null,
            "net_income_4q": null,
            "revenue": null,
            "revenue_4q": null,
            "common_shares": null,
            "book_valuer_per_share": null,
            "book_valuer_per_share_4q_avg": 2.43,
            "equity": null,
            "current_ratio": null,
            "debt_ratio": null,
            "inventory_turnover_ratio": null,
            "account_receivable_turnover_ratio": null,
            "reinvestment_rate": null,
            "research_to_sale_ratio": null,
            "price_fair": 0,
            "eps_avg_yearly": 0,
            "eps_latest_yearly": 0,
            "eps_growth_yearly": 0
        },
        "20062": {
            "year_quarter": 20062,
            "year": 2006,
            "quarter": 2,
            "eps": null,
            "eps_growth_year": null,
            "eps_4q": null,
            "eps_4q_growth_year": null,
            "roe": null,
            "roe_4q": 0,
            "gross_profit": null,
            "gross_margin": null,
            "gross_margin_4q_avg": 0,
            "net_income": null,
            "net_income_4q": null,
            "revenue": null,
            "revenue_4q": null,
            "common_shares": null,
            "book_valuer_per_share": null,
            "book_valuer_per_share_4q_avg": 2.43,
            "equity": null,
            "current_ratio": null,
            "debt_ratio": null,
            "inventory_turnover_ratio": null,
            "account_receivable_turnover_ratio": null,
            "reinvestment_rate": null,
            "research_to_sale_ratio": null,
            "price_fair": 0,
            "eps_avg_yearly": 0,
            "eps_latest_yearly": 0,
            "eps_growth_yearly": 0
        },
        "20063": {
            "year_quarter": 20063,
            "year": 2006,
            "quarter": 3,
            "eps": 0.4,
            "eps_growth_year": null,
            "eps_4q": null,
            "eps_4q_growth_year": null,
            "roe": 3.65,
            "roe_4q": 3.65,
            "gross_profit": 41773,
            "gross_margin": 21.26,
            "gross_margin_4q_avg": 5.32,
            "net_income": 19768,
            "net_income_4q": null,
            "revenue": 196469,
            "revenue_4q": null,
            "common_shares": 530393,
            "book_valuer_per_share": 10.2,
            "book_valuer_per_share_4q_avg": 4.98,
            "equity": 541069,
            "current_ratio": 106.14,
            "debt_ratio": 53.13,
            "inventory_turnover_ratio": 0.65,
            "account_receivable_turnover_ratio": null,
            "reinvestment_rate": null,
            "research_to_sale_ratio": null,
            "price_fair": 0,
            "eps_avg_yearly": 0,
            "eps_latest_yearly": 0,
            "eps_growth_yearly": 0
        },
        "20064": {
            "year_quarter": 20064,
            "year": 2006,
            "quarter": 4,
            "eps": 0.43,
            "eps_growth_year": null,
            "eps_4q": null,
            "eps_4q_growth_year": null,
            "roe": 3.3,
            "roe_4q": 6.949999999999999,
            "gross_profit": 45197,
            "gross_margin": 26.21,
            "gross_margin_4q_avg": 11.87,
            "net_income": 22249,
            "net_income_4q": null,
            "revenue": 172423,
            "revenue_4q": null,
            "common_shares": 650394,
            "book_valuer_per_share": 12.42,
            "book_valuer_per_share_4q_avg": 5.66,
            "equity": 807840,
            "current_ratio": 201.12,
            "debt_ratio": 36.01,
            "inventory_turnover_ratio": 0.5,
            "account_receivable_turnover_ratio": null,
            "reinvestment_rate": null,
            "research_to_sale_ratio": null,
            "price_fair": 60.2,
            "eps_avg_yearly": 1.72,
            "eps_latest_yearly": 1.72,
            "eps_growth_yearly": 30
        },
        "20071": {
            "year_quarter": 20071,
            "year": 2007,
            "quarter": 1,
            "eps": 0.74,
            "eps_growth_year": null,
            "eps_4q": null,
            "eps_4q_growth_year": null,
            "roe": 5.78,
            "roe_4q": 12.73,
            "gross_profit": 52843,
            "gross_margin": 28.8,
            "gross_margin_4q_avg": 19.07,
            "net_income": 48239,
            "net_income_4q": null,
            "revenue": 183499,
            "revenue_4q": null,
            "common_shares": 650394,
            "book_valuer_per_share": 13.24,
            "book_valuer_per_share_4q_avg": 8.97,
            "equity": 861069,
            "current_ratio": 215.97,
            "debt_ratio": 32.26,
            "inventory_turnover_ratio": 0.58,
            "account_receivable_turnover_ratio": null,
            "reinvestment_rate": null,
            "research_to_sale_ratio": null,
            "price_fair": 81.9,
            "eps_avg_yearly": 2.34,
            "eps_latest_yearly": 2.96,
            "eps_growth_yearly": 159.19
        },
        "20072": {
            "year_quarter": 20072,
            "year": 2007,
            "quarter": 2,
            "eps": 0.11,
            "eps_growth_year": null,
            "eps_4q": 1.47,
            "eps_4q_growth_year": null,
            "roe": 0.84,
            "roe_4q": 13.57,
            "gross_profit": 51228,
            "gross_margin": 30.05,
            "gross_margin_4q_avg": 26.58,
            "net_income": 7291,
            "net_income_4q": null,
            "revenue": 170452,
            "revenue_4q": null,
            "common_shares": 650394,
            "book_valuer_per_share": 13.38,
            "book_valuer_per_share_4q_avg": 12.31,
            "equity": 870455,
            "current_ratio": 203.67,
            "debt_ratio": 32.58,
            "inventory_turnover_ratio": 0.7,
            "account_receivable_turnover_ratio": null,
            "reinvestment_rate": null,
            "research_to_sale_ratio": null,
            "price_fair": 5.12,
            "eps_avg_yearly": 1.71,
            "eps_latest_yearly": 0.44,
            "eps_growth_yearly": -7.39
        },
        "20073": {
            "year_quarter": 20073,
            "year": 2007,
            "quarter": 3,
            "eps": 0.74,
            "eps_growth_year": 85,
            "eps_4q": 1.93,
            "eps_4q_growth_year": null,
            "roe": 5.41,
            "roe_4q": 15.330000000000002,
            "gross_profit": 92306,
            "gross_margin": 38.66,
            "gross_margin_4q_avg": 30.93,
            "net_income": 48327,
            "net_income_4q": null,
            "revenue": 238776,
            "revenue_4q": null,
            "common_shares": 650394,
            "book_valuer_per_share": 14.08,
            "book_valuer_per_share_4q_avg": 13.28,
            "equity": 915434,
            "current_ratio": 177.96,
            "debt_ratio": 34.6,
            "inventory_turnover_ratio": 0.99,
            "account_receivable_turnover_ratio": null,
            "reinvestment_rate": null,
            "research_to_sale_ratio": null,
            "price_fair": 70.7,
            "eps_avg_yearly": 2.02,
            "eps_latest_yearly": 2.96,
            "eps_growth_yearly": 567.19
        },
        "20074": {
            "year_quarter": 20074,
            "year": 2007,
            "quarter": 4,
            "eps": 1.45,
            "eps_growth_year": 237.21,
            "eps_4q": 3.05,
            "eps_4q_growth_year": null,
            "roe": 9.72,
            "roe_4q": 21.75,
            "gross_profit": 118093,
            "gross_margin": 44.1,
            "gross_margin_4q_avg": 35.4,
            "net_income": 94135,
            "net_income_4q": null,
            "revenue": 267811,
            "revenue_4q": null,
            "common_shares": 650394,
            "book_valuer_per_share": 15.71,
            "book_valuer_per_share_4q_avg": 14.1,
            "equity": 1021860,
            "current_ratio": 179.23,
            "debt_ratio": 37.66,
            "inventory_turnover_ratio": 0.68,
            "account_receivable_turnover_ratio": null,
            "reinvestment_rate": null,
            "research_to_sale_ratio": null,
            "price_fair": 97.16,
            "eps_avg_yearly": 2.78,
            "eps_latest_yearly": 5.8,
            "eps_growth_yearly": 530.5
        },
        "20081": {
            "year_quarter": 20081,
            "year": 2008,
            "quarter": 1,
            "eps": 0.13,
            "eps_growth_year": -82.43,
            "eps_4q": 2.37,
            "eps_4q_growth_year": null,
            "roe": 0.85,
            "roe_4q": 16.82,
            "gross_profit": 87128,
            "gross_margin": 34.24,
            "gross_margin_4q_avg": 36.76,
            "net_income": 8702,
            "net_income_4q": null,
            "revenue": 254464,
            "revenue_4q": null,
            "common_shares": 650394,
            "book_valuer_per_share": 15.7,
            "book_valuer_per_share_4q_avg": 14.72,
            "equity": 1021178,
            "current_ratio": 155.69,
            "debt_ratio": 44.46,
            "inventory_turnover_ratio": 0.58,
            "account_receivable_turnover_ratio": null,
            "reinvestment_rate": null,
            "research_to_sale_ratio": null,
            "price_fair": 84,
            "eps_avg_yearly": 2.4,
            "eps_latest_yearly": 0.52,
            "eps_growth_yearly": 381.4
        },
        "20082": {
            "year_quarter": 20082,
            "year": 2008,
            "quarter": 2,
            "eps": 0.47,
            "eps_growth_year": 327.27,
            "eps_4q": 2.72,
            "eps_4q_growth_year": 84.86,
            "roe": 2.9,
            "roe_4q": 18.880000000000003,
            "gross_profit": 116294,
            "gross_margin": 38.22,
            "gross_margin_4q_avg": 38.81,
            "net_income": 31569,
            "net_income_4q": null,
            "revenue": 304242,
            "revenue_4q": null,
            "common_shares": 731394,
            "book_valuer_per_share": 15.82,
            "book_valuer_per_share_4q_avg": 15.33,
            "equity": 1156971,
            "current_ratio": 198.98,
            "debt_ratio": 36.02,
            "inventory_turnover_ratio": 0.6,
            "account_receivable_turnover_ratio": null,
            "reinvestment_rate": null,
            "research_to_sale_ratio": null,
            "price_fair": 81.4,
            "eps_avg_yearly": 2.33,
            "eps_latest_yearly": 1.88,
            "eps_growth_yearly": 476.36
        },
        "20083": {
            "year_quarter": 20083,
            "year": 2008,
            "quarter": 3,
            "eps": 0.91,
            "eps_growth_year": 22.97,
            "eps_4q": 2.8,
            "eps_4q_growth_year": 44.85,
            "roe": 5.71,
            "roe_4q": 19.18,
            "gross_profit": 97676,
            "gross_margin": 25.62,
            "gross_margin_4q_avg": 35.55,
            "net_income": 64818,
            "net_income_4q": null,
            "revenue": 381197,
            "revenue_4q": null,
            "common_shares": 756021,
            "book_valuer_per_share": 14.71,
            "book_valuer_per_share_4q_avg": 15.49,
            "equity": 1111855,
            "current_ratio": 163.85,
            "debt_ratio": 42.58,
            "inventory_turnover_ratio": 0.82,
            "account_receivable_turnover_ratio": null,
            "reinvestment_rate": null,
            "research_to_sale_ratio": null,
            "price_fair": 87.15,
            "eps_avg_yearly": 2.49,
            "eps_latest_yearly": 3.64,
            "eps_growth_yearly": 463.63
        },
        "20084": {
            "year_quarter": 20084,
            "year": 2008,
            "quarter": 4,
            "eps": 0.11,
            "eps_growth_year": -92.41,
            "eps_4q": 1.58,
            "eps_4q_growth_year": -48.32,
            "roe": 0.73,
            "roe_4q": 10.19,
            "gross_profit": 53656,
            "gross_margin": 15.22,
            "gross_margin_4q_avg": 28.33,
            "net_income": 7884,
            "net_income_4q": null,
            "revenue": 352636,
            "revenue_4q": null,
            "common_shares": 693062,
            "book_valuer_per_share": 15.28,
            "book_valuer_per_share_4q_avg": 15.38,
            "equity": 1058868,
            "current_ratio": 152.04,
            "debt_ratio": 42.65,
            "inventory_turnover_ratio": 0.89,
            "account_receivable_turnover_ratio": 1.52,
            "reinvestment_rate": null,
            "research_to_sale_ratio": null,
            "price_fair": 79.18,
            "eps_avg_yearly": 2.26,
            "eps_latest_yearly": 0.44,
            "eps_growth_yearly": 373.04
        },
        "20091": {
            "year_quarter": 20091,
            "year": 2009,
            "quarter": 1,
            "eps": 0.54,
            "eps_growth_year": 315.38,
            "eps_4q": 2.05,
            "eps_4q_growth_year": -13.55,
            "roe": 3.41,
            "roe_4q": 12.750000000000002,
            "gross_profit": 97913,
            "gross_margin": 28.91,
            "gross_margin_4q_avg": 26.99,
            "net_income": 37377,
            "net_income_4q": null,
            "revenue": 338689,
            "revenue_4q": null,
            "common_shares": 693062,
            "book_valuer_per_share": 16.4,
            "book_valuer_per_share_4q_avg": 15.55,
            "equity": 1136396,
            "current_ratio": 177.24,
            "debt_ratio": 39.57,
            "inventory_turnover_ratio": 0.77,
            "account_receivable_turnover_ratio": 0.77,
            "reinvestment_rate": null,
            "research_to_sale_ratio": null,
            "price_fair": 78.82,
            "eps_avg_yearly": 2.25,
            "eps_latest_yearly": 2.16,
            "eps_growth_yearly": 492.1
        },
        "20092": {
            "year_quarter": 20092,
            "year": 2009,
            "quarter": 2,
            "eps": 1.01,
            "eps_growth_year": 114.89,
            "eps_4q": 2.6,
            "eps_4q_growth_year": -4.44,
            "roe": 6.14,
            "roe_4q": 15.990000000000002,
            "gross_profit": 154918,
            "gross_margin": 36.76,
            "gross_margin_4q_avg": 26.63,
            "net_income": 69935,
            "net_income_4q": null,
            "revenue": 421478,
            "revenue_4q": null,
            "common_shares": 693062,
            "book_valuer_per_share": 16.47,
            "book_valuer_per_share_4q_avg": 15.72,
            "equity": 1141479,
            "current_ratio": 152.54,
            "debt_ratio": 45.65,
            "inventory_turnover_ratio": 0.82,
            "account_receivable_turnover_ratio": 0.84,
            "reinvestment_rate": null,
            "research_to_sale_ratio": null,
            "price_fair": 84.51,
            "eps_avg_yearly": 2.41,
            "eps_latest_yearly": 4.04,
            "eps_growth_yearly": 479.01
        },
        "20093": {
            "year_quarter": 20093,
            "year": 2009,
            "quarter": 3,
            "eps": 1.47,
            "eps_growth_year": 61.54,
            "eps_4q": 3.14,
            "eps_4q_growth_year": 12.17,
            "roe": 8.33,
            "roe_4q": 18.61,
            "gross_profit": 173843,
            "gross_margin": 36.35,
            "gross_margin_4q_avg": 29.31,
            "net_income": 101562,
            "net_income_4q": null,
            "revenue": 478207,
            "revenue_4q": null,
            "common_shares": 693062,
            "book_valuer_per_share": 18.7,
            "book_valuer_per_share_4q_avg": 16.71,
            "equity": 1296337,
            "current_ratio": 165.44,
            "debt_ratio": 43.26,
            "inventory_turnover_ratio": 0.82,
            "account_receivable_turnover_ratio": 0.75,
            "reinvestment_rate": null,
            "research_to_sale_ratio": null,
            "price_fair": 94.62,
            "eps_avg_yearly": 2.7,
            "eps_latest_yearly": 5.88,
            "eps_growth_yearly": 454.28
        },
        "20094": {
            "year_quarter": 20094,
            "year": 2009,
            "quarter": 4,
            "eps": 1.3,
            "eps_growth_year": 1081.82,
            "eps_4q": 4.31,
            "eps_4q_growth_year": 173.49,
            "roe": 6.65,
            "roe_4q": 24.53,
            "gross_profit": 160866,
            "gross_margin": 30.44,
            "gross_margin_4q_avg": 33.12,
            "net_income": 89897,
            "net_income_4q": null,
            "revenue": 528430,
            "revenue_4q": null,
            "common_shares": 693062,
            "book_valuer_per_share": 20.32,
            "book_valuer_per_share_4q_avg": 17.97,
            "equity": 1408209,
            "current_ratio": 139.24,
            "debt_ratio": 47.86,
            "inventory_turnover_ratio": 0.9,
            "account_receivable_turnover_ratio": 0.95,
            "reinvestment_rate": null,
            "research_to_sale_ratio": null,
            "price_fair": 101.34,
            "eps_avg_yearly": 2.9,
            "eps_latest_yearly": 5.2,
            "eps_growth_yearly": 415.77
        },
        "20101": {
            "year_quarter": 20101,
            "year": 2010,
            "quarter": 1,
            "eps": 1.42,
            "eps_growth_year": 162.96,
            "eps_4q": 5.11,
            "eps_4q_growth_year": 149.63,
            "roe": 6.68,
            "roe_4q": 27.8,
            "gross_profit": 179447,
            "gross_margin": 33.42,
            "gross_margin_4q_avg": 34.24,
            "net_income": 100145,
            "net_income_4q": null,
            "revenue": 536953,
            "revenue_4q": null,
            "common_shares": 707712,
            "book_valuer_per_share": 22.45,
            "book_valuer_per_share_4q_avg": 19.49,
            "equity": 1589126,
            "current_ratio": 152.11,
            "debt_ratio": 45.01,
            "inventory_turnover_ratio": 0.87,
            "account_receivable_turnover_ratio": 0.47,
            "reinvestment_rate": null,
            "research_to_sale_ratio": 4.28,
            "price_fair": 108.3,
            "eps_avg_yearly": 3.09,
            "eps_latest_yearly": 5.68,
            "eps_growth_yearly": 388.71
        },
        "20102": {
            "year_quarter": 20102,
            "year": 2010,
            "quarter": 2,
            "eps": 1.91,
            "eps_growth_year": 89,
            "eps_4q": 6.03,
            "eps_4q_growth_year": 131.88,
            "roe": 8.78,
            "roe_4q": 30.439999999999998,
            "gross_profit": 209548,
            "gross_margin": 31.62,
            "gross_margin_4q_avg": 32.96,
            "net_income": 135125,
            "net_income_4q": null,
            "revenue": 662690,
            "revenue_4q": null,
            "common_shares": 707862,
            "book_valuer_per_share": 21.04,
            "book_valuer_per_share_4q_avg": 20.63,
            "equity": 1488996,
            "current_ratio": 132.25,
            "debt_ratio": 57.31,
            "inventory_turnover_ratio": 1.02,
            "account_receivable_turnover_ratio": 0.61,
            "reinvestment_rate": 209.71,
            "research_to_sale_ratio": 4.04,
            "price_fair": 118.91,
            "eps_avg_yearly": 3.4,
            "eps_latest_yearly": 7.64,
            "eps_growth_yearly": 372
        },
        "20103": {
            "year_quarter": 20103,
            "year": 2010,
            "quarter": 3,
            "eps": 1.96,
            "eps_growth_year": 33.42,
            "eps_4q": 6.55,
            "eps_4q_growth_year": 108.93,
            "roe": 8.9,
            "roe_4q": 31.009999999999998,
            "gross_profit": 215070,
            "gross_margin": 32.86,
            "gross_margin_4q_avg": 32.09,
            "net_income": 138831,
            "net_income_4q": null,
            "revenue": 654412,
            "revenue_4q": null,
            "common_shares": 707862,
            "book_valuer_per_share": 23.04,
            "book_valuer_per_share_4q_avg": 21.71,
            "equity": 1631124,
            "current_ratio": 131.99,
            "debt_ratio": 55.97,
            "inventory_turnover_ratio": 0.92,
            "account_receivable_turnover_ratio": 0.55,
            "reinvestment_rate": 174.61,
            "research_to_sale_ratio": 3.43,
            "price_fair": 128.63,
            "eps_avg_yearly": 3.68,
            "eps_latest_yearly": 7.84,
            "eps_growth_yearly": 349.41
        },
        "20104": {
            "year_quarter": 20104,
            "year": 2010,
            "quarter": 4,
            "eps": 0.87,
            "eps_growth_year": -32.89,
            "eps_4q": 6.07,
            "eps_4q_growth_year": 40.88,
            "roe": 3.77,
            "roe_4q": 28.13,
            "gross_profit": 242045,
            "gross_margin": 38.87,
            "gross_margin_4q_avg": 34.19,
            "net_income": 62756,
            "net_income_4q": null,
            "revenue": 622783,
            "revenue_4q": null,
            "common_shares": 707862,
            "book_valuer_per_share": 23.64,
            "book_valuer_per_share_4q_avg": 22.54,
            "equity": 1694434,
            "current_ratio": 205.11,
            "debt_ratio": 56.85,
            "inventory_turnover_ratio": 0.75,
            "account_receivable_turnover_ratio": 0.56,
            "reinvestment_rate": 86.59,
            "research_to_sale_ratio": 3.49,
            "price_fair": 132.48,
            "eps_avg_yearly": 3.79,
            "eps_latest_yearly": 3.48,
            "eps_growth_yearly": 333.63
        },
        "20111": {
            "year_quarter": 20111,
            "year": 2011,
            "quarter": 1,
            "eps": 0.92,
            "eps_growth_year": -35.21,
            "eps_4q": 5.76,
            "eps_4q_growth_year": 12.66,
            "roe": 3.96,
            "roe_4q": 25.410000000000004,
            "gross_profit": 146698,
            "gross_margin": 24.43,
            "gross_margin_4q_avg": 31.95,
            "net_income": 66098,
            "net_income_4q": null,
            "revenue": 600440,
            "revenue_4q": null,
            "common_shares": 717326,
            "book_valuer_per_share": 23.47,
            "book_valuer_per_share_4q_avg": 22.8,
            "equity": 1642469,
            "current_ratio": 187.06,
            "debt_ratio": 58.31,
            "inventory_turnover_ratio": 0.8,
            "account_receivable_turnover_ratio": 0.61,
            "reinvestment_rate": 187.13,
            "research_to_sale_ratio": 4.19,
            "price_fair": 134.05,
            "eps_avg_yearly": 3.83,
            "eps_latest_yearly": 3.68,
            "eps_growth_yearly": 317.04
        },
        "20112": {
            "year_quarter": 20112,
            "year": 2011,
            "quarter": 2,
            "eps": 0.28,
            "eps_growth_year": -85.34,
            "eps_4q": 4.35,
            "eps_4q_growth_year": -27.91,
            "roe": 1.38,
            "roe_4q": 18.009999999999998,
            "gross_profit": 147711,
            "gross_margin": 23.55,
            "gross_margin_4q_avg": 29.93,
            "net_income": 18419,
            "net_income_4q": null,
            "revenue": 627254,
            "revenue_4q": null,
            "common_shares": 717327,
            "book_valuer_per_share": 15.51,
            "book_valuer_per_share_4q_avg": 21.42,
            "equity": 1021274,
            "current_ratio": 131.93,
            "debt_ratio": 73.99,
            "inventory_turnover_ratio": 0.81,
            "account_receivable_turnover_ratio": 0.62,
            "reinvestment_rate": 185.79,
            "research_to_sale_ratio": 4.15,
            "price_fair": 135.54,
            "eps_avg_yearly": 3.87,
            "eps_latest_yearly": 1.12,
            "eps_growth_yearly": 320.93
        },
        "20113": {
            "year_quarter": 20113,
            "year": 2011,
            "quarter": 3,
            "eps": 1.21,
            "eps_growth_year": -38.32,
            "eps_4q": 3.45,
            "eps_4q_growth_year": -47.42,
            "roe": 7.69,
            "roe_4q": 16.8,
            "gross_profit": 122791,
            "gross_margin": 18.98,
            "gross_margin_4q_avg": 26.46,
            "net_income": 79642,
            "net_income_4q": null,
            "revenue": 646806,
            "revenue_4q": null,
            "common_shares": 717327,
            "book_valuer_per_share": 15.97,
            "book_valuer_per_share_4q_avg": 19.65,
            "equity": 1051358,
            "current_ratio": 137.47,
            "debt_ratio": 75.29,
            "inventory_turnover_ratio": 0.88,
            "account_receivable_turnover_ratio": 0.62,
            "reinvestment_rate": 193.12,
            "research_to_sale_ratio": 3.55,
            "price_fair": 139.65,
            "eps_avg_yearly": 3.99,
            "eps_latest_yearly": 4.84,
            "eps_growth_yearly": 260.79
        },
        "20114": {
            "year_quarter": 20114,
            "year": 2011,
            "quarter": 4,
            "eps": 0.72,
            "eps_growth_year": -17.42,
            "eps_4q": 3.2,
            "eps_4q_growth_year": -47.32,
            "roe": 4.72,
            "roe_4q": 17.75,
            "gross_profit": 122124,
            "gross_margin": 19.77,
            "gross_margin_4q_avg": 21.68,
            "net_income": 47708,
            "net_income_4q": null,
            "revenue": 617626,
            "revenue_4q": null,
            "common_shares": 717327,
            "book_valuer_per_share": 14.68,
            "book_valuer_per_share_4q_avg": 17.41,
            "equity": 970794,
            "current_ratio": 98.64,
            "debt_ratio": 76.29,
            "inventory_turnover_ratio": 0.83,
            "account_receivable_turnover_ratio": 0.6,
            "reinvestment_rate": 184.78,
            "research_to_sale_ratio": 3.2,
            "price_fair": 133.26,
            "eps_avg_yearly": 3.81,
            "eps_latest_yearly": 2.88,
            "eps_growth_yearly": 226.68
        },
        "20121": {
            "year_quarter": 20121,
            "year": 2012,
            "quarter": 1,
            "eps": 0.25,
            "eps_growth_year": -72.83,
            "eps_4q": 2.44,
            "eps_4q_growth_year": -57.53,
            "roe": 1.54,
            "roe_4q": 15.329999999999998,
            "gross_profit": 97477,
            "gross_margin": 16.59,
            "gross_margin_4q_avg": 19.72,
            "net_income": 16397,
            "net_income_4q": null,
            "revenue": 587681,
            "revenue_4q": null,
            "common_shares": 722454,
            "book_valuer_per_share": 17.4,
            "book_valuer_per_share_4q_avg": 15.89,
            "equity": 1154471,
            "current_ratio": 108.88,
            "debt_ratio": 72.79,
            "inventory_turnover_ratio": 0.79,
            "account_receivable_turnover_ratio": 0.6,
            "reinvestment_rate": 176.8,
            "research_to_sale_ratio": 3.96,
            "price_fair": 134.31,
            "eps_avg_yearly": 3.84,
            "eps_latest_yearly": 1,
            "eps_growth_yearly": 233.12
        },
        "20122": {
            "year_quarter": 20122,
            "year": 2012,
            "quarter": 2,
            "eps": 0.25,
            "eps_growth_year": -9.35,
            "eps_4q": 2.22,
            "eps_4q_growth_year": -48.88,
            "roe": 1.66,
            "roe_4q": 15.61,
            "gross_profit": 109835,
            "gross_margin": 17.44,
            "gross_margin_4q_avg": 18.2,
            "net_income": 18528,
            "net_income_4q": null,
            "revenue": 629782,
            "revenue_4q": null,
            "common_shares": 722454,
            "book_valuer_per_share": 16.26,
            "book_valuer_per_share_4q_avg": 16.08,
            "equity": 1079627,
            "current_ratio": 99.64,
            "debt_ratio": 75.29,
            "inventory_turnover_ratio": 0.83,
            "account_receivable_turnover_ratio": 0.63,
            "reinvestment_rate": 182.24,
            "research_to_sale_ratio": 4.16,
            "price_fair": 132.39,
            "eps_avg_yearly": 3.78,
            "eps_latest_yearly": 1,
            "eps_growth_yearly": 167.73
        },
        "20123": {
            "year_quarter": 20123,
            "year": 2012,
            "quarter": 3,
            "eps": 0.62,
            "eps_growth_year": -48.57,
            "eps_4q": 1.75,
            "eps_4q_growth_year": -49.12,
            "roe": 4.15,
            "roe_4q": 12.07,
            "gross_profit": 117478,
            "gross_margin": 17.81,
            "gross_margin_4q_avg": 17.9,
            "net_income": 45442,
            "net_income_4q": null,
            "revenue": 659533,
            "revenue_4q": null,
            "common_shares": 789349,
            "book_valuer_per_share": 15.23,
            "book_valuer_per_share_4q_avg": 15.89,
            "equity": 1112179,
            "current_ratio": 100.5,
            "debt_ratio": 73.97,
            "inventory_turnover_ratio": 0.87,
            "account_receivable_turnover_ratio": 0.66,
            "reinvestment_rate": 178.59,
            "research_to_sale_ratio": 4.8,
            "price_fair": 129.85,
            "eps_avg_yearly": 3.71,
            "eps_latest_yearly": 2.48,
            "eps_growth_yearly": 181.33
        },
        "20124": {
            "year_quarter": 20124,
            "year": 2012,
            "quarter": 4,
            "eps": -0.22,
            "eps_growth_year": -129.85,
            "eps_4q": 0.88,
            "eps_4q_growth_year": -72.37,
            "roe": -1.43,
            "roe_4q": 5.920000000000001,
            "gross_profit": 108133,
            "gross_margin": 17.59,
            "gross_margin_4q_avg": 17.36,
            "net_income": -15727,
            "net_income_4q": null,
            "revenue": 614703,
            "revenue_4q": null,
            "common_shares": 789349,
            "book_valuer_per_share": 14.95,
            "book_valuer_per_share_4q_avg": 15.96,
            "equity": 1092812,
            "current_ratio": 107.2,
            "debt_ratio": 73.2,
            "inventory_turnover_ratio": 0.8,
            "account_receivable_turnover_ratio": 0.63,
            "reinvestment_rate": 179.22,
            "research_to_sale_ratio": 4.22,
            "price_fair": 137.48,
            "eps_avg_yearly": 3.93,
            "eps_latest_yearly": 2.48,
            "eps_growth_yearly": 216.86
        },
        "20131": {
            "year_quarter": 20131,
            "year": 2013,
            "quarter": 1,
            "eps": 0.11,
            "eps_growth_year": -56,
            "eps_4q": 0.77,
            "eps_4q_growth_year": -68.48,
            "roe": 0.7,
            "roe_4q": 5.08,
            "gross_profit": 95081,
            "gross_margin": 15.65,
            "gross_margin_4q_avg": 17.12,
            "net_income": 8088,
            "net_income_4q": null,
            "revenue": 607534,
            "revenue_4q": null,
            "common_shares": 790099,
            "book_valuer_per_share": 16.86,
            "book_valuer_per_share_4q_avg": 15.83,
            "equity": 1232738,
            "current_ratio": 112.77,
            "debt_ratio": 70.52,
            "inventory_turnover_ratio": 0.76,
            "account_receivable_turnover_ratio": 0.68,
            "reinvestment_rate": 73.7,
            "research_to_sale_ratio": 5.34,
            "price_fair": 141.9,
            "eps_avg_yearly": 4.05,
            "eps_latest_yearly": 2.48,
            "eps_growth_yearly": 120.66
        },
        "20132": {
            "year_quarter": 20132,
            "year": 2013,
            "quarter": 2,
            "eps": 0.45,
            "eps_growth_year": 77.42,
            "eps_4q": 0.92,
            "eps_4q_growth_year": -58.65,
            "roe": 2.66,
            "roe_4q": 6.080000000000001,
            "gross_profit": 137255,
            "gross_margin": 19.97,
            "gross_margin_4q_avg": 17.76,
            "net_income": 32716,
            "net_income_4q": null,
            "revenue": 687326,
            "revenue_4q": null,
            "common_shares": 826654,
            "book_valuer_per_share": 15.96,
            "book_valuer_per_share_4q_avg": 15.75,
            "equity": 1225263,
            "current_ratio": 110.57,
            "debt_ratio": 71.1,
            "inventory_turnover_ratio": 0.74,
            "account_receivable_turnover_ratio": 0.76,
            "reinvestment_rate": 78.38,
            "research_to_sale_ratio": 5.59,
            "price_fair": 136.3,
            "eps_avg_yearly": 3.89,
            "eps_latest_yearly": 1.8,
            "eps_growth_yearly": 184.1
        },
        "20133": {
            "year_quarter": 20133,
            "year": 2013,
            "quarter": 3,
            "eps": 1.07,
            "eps_growth_year": 71.97,
            "eps_4q": 1.37,
            "eps_4q_growth_year": -21.79,
            "roe": 6.56,
            "roe_4q": 8.489999999999998,
            "gross_profit": 130231,
            "gross_margin": 18.02,
            "gross_margin_4q_avg": 17.81,
            "net_income": 83884,
            "net_income_4q": null,
            "revenue": 722734,
            "revenue_4q": null,
            "common_shares": 826654,
            "book_valuer_per_share": 16.77,
            "book_valuer_per_share_4q_avg": 16.14,
            "equity": 1332353,
            "current_ratio": 109.74,
            "debt_ratio": 68.79,
            "inventory_turnover_ratio": 0.75,
            "account_receivable_turnover_ratio": 0.76,
            "reinvestment_rate": 77.46,
            "research_to_sale_ratio": 3.54,
            "price_fair": 132.3,
            "eps_avg_yearly": 3.78,
            "eps_latest_yearly": 4.28,
            "eps_growth_yearly": 210.46
        },
        "20134": {
            "year_quarter": 20134,
            "year": 2013,
            "quarter": 4,
            "eps": -0.22,
            "eps_growth_year": null,
            "eps_4q": 1.35,
            "eps_4q_growth_year": 53.11,
            "roe": -1.28,
            "roe_4q": 8.639999999999999,
            "gross_profit": 94829,
            "gross_margin": 14.67,
            "gross_margin_4q_avg": 17.08,
            "net_income": -17152,
            "net_income_4q": null,
            "revenue": 646312,
            "revenue_4q": null,
            "common_shares": 826654,
            "book_valuer_per_share": 16.98,
            "book_valuer_per_share_4q_avg": 16.64,
            "equity": 1349320,
            "current_ratio": 108.04,
            "debt_ratio": 68.38,
            "inventory_turnover_ratio": 0.69,
            "account_receivable_turnover_ratio": 0.67,
            "reinvestment_rate": 3.69,
            "research_to_sale_ratio": 3.19,
            "price_fair": 128.48,
            "eps_avg_yearly": 3.67,
            "eps_latest_yearly": 4.28,
            "eps_growth_yearly": 230.2
        },
        "20141": {
            "year_quarter": 20141,
            "year": 2014,
            "quarter": 1,
            "eps": 0.17,
            "eps_growth_year": 54.55,
            "eps_4q": 1.43,
            "eps_4q_growth_year": 85.13,
            "roe": 1,
            "roe_4q": 8.94,
            "gross_profit": 93916,
            "gross_margin": 15.54,
            "gross_margin_4q_avg": 17.05,
            "net_income": 13883,
            "net_income_4q": null,
            "revenue": 604437,
            "revenue_4q": null,
            "common_shares": 826654,
            "book_valuer_per_share": 17.83,
            "book_valuer_per_share_4q_avg": 16.89,
            "equity": 1416973,
            "current_ratio": 108.64,
            "debt_ratio": 65.85,
            "inventory_turnover_ratio": 0.63,
            "account_receivable_turnover_ratio": 0.66,
            "reinvestment_rate": -0.82,
            "research_to_sale_ratio": 3.46,
            "price_fair": 122.62,
            "eps_avg_yearly": 3.5,
            "eps_latest_yearly": 4.28,
            "eps_growth_yearly": 246.31
        },
        "20142": {
            "year_quarter": 20142,
            "year": 2014,
            "quarter": 2,
            "eps": 0.19,
            "eps_growth_year": -57.78,
            "eps_4q": 1.15,
            "eps_4q_growth_year": 25.23,
            "roe": 1.11,
            "roe_4q": 7.39,
            "gross_profit": 97795,
            "gross_margin": 14.98,
            "gross_margin_4q_avg": 15.8,
            "net_income": 15355,
            "net_income_4q": null,
            "revenue": 652819,
            "revenue_4q": null,
            "common_shares": 794514,
            "book_valuer_per_share": 16.87,
            "book_valuer_per_share_4q_avg": 17.11,
            "equity": 1339981,
            "current_ratio": 109.17,
            "debt_ratio": 66.19,
            "inventory_turnover_ratio": 0.71,
            "account_receivable_turnover_ratio": 0.73,
            "reinvestment_rate": -55.61,
            "research_to_sale_ratio": 3.33,
            "price_fair": 102.55,
            "eps_avg_yearly": 2.93,
            "eps_latest_yearly": 0.76,
            "eps_growth_yearly": 238.73
        },
        "20143": {
            "year_quarter": 20143,
            "year": 2014,
            "quarter": 3,
            "eps": 0.69,
            "eps_growth_year": -35.51,
            "eps_4q": 0.81,
            "eps_4q_growth_year": -41.14,
            "roe": 4.15,
            "roe_4q": 4.98,
            "gross_profit": 109186,
            "gross_margin": 15.36,
            "gross_margin_4q_avg": 15.14,
            "net_income": 55257,
            "net_income_4q": null,
            "revenue": 710874,
            "revenue_4q": null,
            "common_shares": 834240,
            "book_valuer_per_share": 15.85,
            "book_valuer_per_share_4q_avg": 16.88,
            "equity": 1321973,
            "current_ratio": 105.61,
            "debt_ratio": 66.96,
            "inventory_turnover_ratio": 0.8,
            "account_receivable_turnover_ratio": 0.76,
            "reinvestment_rate": -132.38,
            "research_to_sale_ratio": 3.21,
            "price_fair": 87.73,
            "eps_avg_yearly": 2.51,
            "eps_latest_yearly": 2.76,
            "eps_growth_yearly": 325.58
        },
        "20144": {
            "year_quarter": 20144,
            "year": 2014,
            "quarter": 4,
            "eps": 0.39,
            "eps_growth_year": null,
            "eps_4q": 1.4,
            "eps_4q_growth_year": 3.41,
            "roe": 2.41,
            "roe_4q": 8.670000000000002,
            "gross_profit": 110437,
            "gross_margin": 15.77,
            "gross_margin_4q_avg": 15.41,
            "net_income": 32266,
            "net_income_4q": null,
            "revenue": 700441,
            "revenue_4q": null,
            "common_shares": 834240,
            "book_valuer_per_share": 16.22,
            "book_valuer_per_share_4q_avg": 16.69,
            "equity": 1353392,
            "current_ratio": 106.52,
            "debt_ratio": 66.66,
            "inventory_turnover_ratio": 0.79,
            "account_receivable_turnover_ratio": 0.69,
            "reinvestment_rate": 3.7,
            "research_to_sale_ratio": 3.33,
            "price_fair": 82.13,
            "eps_avg_yearly": 2.35,
            "eps_latest_yearly": 1.56,
            "eps_growth_yearly": 329.62
        },
        "20151": {
            "year_quarter": 20151,
            "year": 2015,
            "quarter": 1,
            "eps": 0.31,
            "eps_growth_year": 82.35,
            "eps_4q": 1.51,
            "eps_4q_growth_year": 5.67,
            "roe": 1.87,
            "roe_4q": 9.54,
            "gross_profit": 108132,
            "gross_margin": 16.97,
            "gross_margin_4q_avg": 15.77,
            "net_income": 25884,
            "net_income_4q": null,
            "revenue": 637019,
            "revenue_4q": null,
            "common_shares": 854240,
            "book_valuer_per_share": 16.61,
            "book_valuer_per_share_4q_avg": 16.39,
            "equity": 1418569,
            "current_ratio": 109.7,
            "debt_ratio": 64,
            "inventory_turnover_ratio": 0.71,
            "account_receivable_turnover_ratio": 0.63,
            "reinvestment_rate": -223.8,
            "research_to_sale_ratio": 3.4,
            "price_fair": 75.02,
            "eps_avg_yearly": 2.14,
            "eps_latest_yearly": 1.24,
            "eps_growth_yearly": 320.87
        },
        "20152": {
            "year_quarter": 20152,
            "year": 2015,
            "quarter": 2,
            "eps": 0.29,
            "eps_growth_year": 52.63,
            "eps_4q": 1.61,
            "eps_4q_growth_year": 40.3,
            "roe": 1.8,
            "roe_4q": 10.23,
            "gross_profit": 111945,
            "gross_margin": 18.06,
            "gross_margin_4q_avg": 16.54,
            "net_income": 24466,
            "net_income_4q": null,
            "revenue": 619797,
            "revenue_4q": null,
            "common_shares": 854240,
            "book_valuer_per_share": 15.19,
            "book_valuer_per_share_4q_avg": 15.97,
            "equity": 1297216,
            "current_ratio": 104.52,
            "debt_ratio": 65.04,
            "inventory_turnover_ratio": 0.69,
            "account_receivable_turnover_ratio": 0.68,
            "reinvestment_rate": -229.5,
            "research_to_sale_ratio": 3.8,
            "price_fair": 75.13,
            "eps_avg_yearly": 2.15,
            "eps_latest_yearly": 1.16,
            "eps_growth_yearly": 341.91
        },
        "20153": {
            "year_quarter": 20153,
            "year": 2015,
            "quarter": 3,
            "eps": 0.71,
            "eps_growth_year": 2.9,
            "eps_4q": 1.67,
            "eps_4q_growth_year": 107.14,
            "roe": 4.45,
            "roe_4q": 10.530000000000001,
            "gross_profit": 117189,
            "gross_margin": 16.34,
            "gross_margin_4q_avg": 16.79,
            "net_income": 60152,
            "net_income_4q": null,
            "revenue": 717250,
            "revenue_4q": null,
            "common_shares": 853820,
            "book_valuer_per_share": 16.46,
            "book_valuer_per_share_4q_avg": 16.12,
            "equity": 1405710,
            "current_ratio": 108.77,
            "debt_ratio": 63.68,
            "inventory_turnover_ratio": 0.84,
            "account_receivable_turnover_ratio": 0.78,
            "reinvestment_rate": -268.1,
            "research_to_sale_ratio": 3.65,
            "price_fair": 69.3,
            "eps_avg_yearly": 1.98,
            "eps_latest_yearly": 2.84,
            "eps_growth_yearly": 279.47
        },
        "20154": {
            "year_quarter": 20154,
            "year": 2015,
            "quarter": 4,
            "eps": 0.53,
            "eps_growth_year": 37.91,
            "eps_4q": 1.83,
            "eps_4q_growth_year": 30.58,
            "roe": 3.21,
            "roe_4q": 11.330000000000002,
            "gross_profit": 140908,
            "gross_margin": 18.67,
            "gross_margin_4q_avg": 17.51,
            "net_income": 45543,
            "net_income_4q": null,
            "revenue": 754661,
            "revenue_4q": null,
            "common_shares": 853820,
            "book_valuer_per_share": 16.77,
            "book_valuer_per_share_4q_avg": 16.26,
            "equity": 1431774,
            "current_ratio": 110.35,
            "debt_ratio": 63.03,
            "inventory_turnover_ratio": 0.97,
            "account_receivable_turnover_ratio": 0.74,
            "reinvestment_rate": -283.25,
            "research_to_sale_ratio": 3.4,
            "price_fair": 67.08,
            "eps_avg_yearly": 1.92,
            "eps_latest_yearly": 2.12,
            "eps_growth_yearly": 284.52
        },
        "20161": {
            "year_quarter": 20161,
            "year": 2016,
            "quarter": 1,
            "eps": 0.7,
            "eps_growth_year": 125.81,
            "eps_4q": 2.21,
            "eps_4q_growth_year": 46.61,
            "roe": 3.85,
            "roe_4q": 13.310000000000002,
            "gross_profit": 162513,
            "gross_margin": 24.14,
            "gross_margin_4q_avg": 19.3,
            "net_income": 58224,
            "net_income_4q": null,
            "revenue": 673249,
            "revenue_4q": null,
            "common_shares": 852450,
            "book_valuer_per_share": 18.66,
            "book_valuer_per_share_4q_avg": 16.77,
            "equity": 1590770,
            "current_ratio": 130.14,
            "debt_ratio": 59.13,
            "inventory_turnover_ratio": 0.89,
            "account_receivable_turnover_ratio": 0.66,
            "reinvestment_rate": -253.38,
            "research_to_sale_ratio": 3.75,
            "price_fair": 72.33,
            "eps_avg_yearly": 2.07,
            "eps_latest_yearly": 2.8,
            "eps_growth_yearly": 316.97
        },
        "20162": {
            "year_quarter": 20162,
            "year": 2016,
            "quarter": 2,
            "eps": 1.03,
            "eps_growth_year": 255.17,
            "eps_4q": 2.93,
            "eps_4q_growth_year": 81.82,
            "roe": 5.37,
            "roe_4q": 16.88,
            "gross_profit": 172267,
            "gross_margin": 23.41,
            "gross_margin_4q_avg": 20.64,
            "net_income": 86238,
            "net_income_4q": null,
            "revenue": 735916,
            "revenue_4q": null,
            "common_shares": 852450,
            "book_valuer_per_share": 19.05,
            "book_valuer_per_share_4q_avg": 17.74,
            "equity": 1623973,
            "current_ratio": 131.53,
            "debt_ratio": 57.98,
            "inventory_turnover_ratio": 0.97,
            "account_receivable_turnover_ratio": 0.76,
            "reinvestment_rate": -237.88,
            "research_to_sale_ratio": 3.71,
            "price_fair": 81.43,
            "eps_avg_yearly": 2.33,
            "eps_latest_yearly": 4.12,
            "eps_growth_yearly": 332.68
        },
        "20163": {
            "year_quarter": 20163,
            "year": 2016,
            "quarter": 3,
            "eps": 1.55,
            "eps_growth_year": 118.31,
            "eps_4q": 3.77,
            "eps_4q_growth_year": 125.21,
            "roe": 7.82,
            "roe_4q": 20.250000000000004,
            "gross_profit": 211699,
            "gross_margin": 25.25,
            "gross_margin_4q_avg": 22.87,
            "net_income": 130236,
            "net_income_4q": null,
            "revenue": 838473,
            "revenue_4q": null,
            "common_shares": 850392,
            "book_valuer_per_share": 20.09,
            "book_valuer_per_share_4q_avg": 18.64,
            "equity": 1708131,
            "current_ratio": 135.08,
            "debt_ratio": 56.31,
            "inventory_turnover_ratio": 1.09,
            "account_receivable_turnover_ratio": 0.81,
            "reinvestment_rate": -206.72,
            "research_to_sale_ratio": 3.31,
            "price_fair": 92.28,
            "eps_avg_yearly": 2.64,
            "eps_latest_yearly": 6.2,
            "eps_growth_yearly": 300.18
        },
        "20164": {
            "year_quarter": 20164,
            "year": 2016,
            "quarter": 4,
            "eps": 1.42,
            "eps_growth_year": 165.73,
            "eps_4q": 4.65,
            "eps_4q_growth_year": 154.3,
            "roe": 6.79,
            "roe_4q": 23.830000000000002,
            "gross_profit": 202187,
            "gross_margin": 25.37,
            "gross_margin_4q_avg": 24.54,
            "net_income": 120536,
            "net_income_4q": null,
            "revenue": 797055,
            "revenue_4q": null,
            "common_shares": 850392,
            "book_valuer_per_share": 21.66,
            "book_valuer_per_share_4q_avg": 19.87,
            "equity": 1841808,
            "current_ratio": 139.05,
            "debt_ratio": 55.36,
            "inventory_turnover_ratio": 1.03,
            "account_receivable_turnover_ratio": 0.73,
            "reinvestment_rate": -177.61,
            "research_to_sale_ratio": 4.14,
            "price_fair": 100.48,
            "eps_avg_yearly": 2.87,
            "eps_latest_yearly": 5.68,
            "eps_growth_yearly": 274.5
        },
        "20171": {
            "year_quarter": 20171,
            "year": 2017,
            "quarter": 1,
            "eps": 1.08,
            "eps_growth_year": 54.29,
            "eps_4q": 5.03,
            "eps_4q_growth_year": 127.55,
            "roe": 4.67,
            "roe_4q": 24.650000000000002,
            "gross_profit": 201871,
            "gross_margin": 28.8,
            "gross_margin_4q_avg": 25.71,
            "net_income": 90469,
            "net_income_4q": null,
            "revenue": 700987,
            "revenue_4q": null,
            "common_shares": 850084,
            "book_valuer_per_share": 23.9,
            "book_valuer_per_share_4q_avg": 21.18,
            "equity": 2032107,
            "current_ratio": 149.18,
            "debt_ratio": 52.17,
            "inventory_turnover_ratio": 0.81,
            "account_receivable_turnover_ratio": 0.66,
            "reinvestment_rate": -39.6,
            "research_to_sale_ratio": 4.24,
            "price_fair": 104.1,
            "eps_avg_yearly": 2.97,
            "eps_latest_yearly": 4.32,
            "eps_growth_yearly": 248.06
        },
        "20172": {
            "year_quarter": 20172,
            "year": 2017,
            "quarter": 2,
            "eps": 0.92,
            "eps_growth_year": -10.68,
            "eps_4q": 4.47,
            "eps_4q_growth_year": 52.42,
            "roe": 3.95,
            "roe_4q": 23.23,
            "gross_profit": 210487,
            "gross_margin": 27.82,
            "gross_margin_4q_avg": 26.81,
            "net_income": 76837,
            "net_income_4q": null,
            "revenue": 756727,
            "revenue_4q": null,
            "common_shares": 849704,
            "book_valuer_per_share": 21.89,
            "book_valuer_per_share_4q_avg": 21.89,
            "equity": 1860118,
            "current_ratio": 137.71,
            "debt_ratio": 55.66,
            "inventory_turnover_ratio": 0.83,
            "account_receivable_turnover_ratio": 0.74,
            "reinvestment_rate": -43.2,
            "research_to_sale_ratio": 4.54,
            "price_fair": 108.8,
            "eps_avg_yearly": 3.11,
            "eps_latest_yearly": 3.68,
            "eps_growth_yearly": 155.51
        },
        "20173": {
            "year_quarter": 20173,
            "year": 2017,
            "quarter": 3,
            "eps": 2.05,
            "eps_growth_year": 32.26,
            "eps_4q": 5.1,
            "eps_4q_growth_year": 35.49,
            "roe": 9.11,
            "roe_4q": 24.519999999999996,
            "gross_profit": 193218,
            "gross_margin": 25.06,
            "gross_margin_4q_avg": 26.76,
            "net_income": 189050,
            "net_income_4q": null,
            "revenue": 770999,
            "revenue_4q": null,
            "common_shares": 934674,
            "book_valuer_per_share": 24.52,
            "book_valuer_per_share_4q_avg": 22.99,
            "equity": 2292073,
            "current_ratio": 166.79,
            "debt_ratio": 48.17,
            "inventory_turnover_ratio": 0.81,
            "account_receivable_turnover_ratio": 0.76,
            "reinvestment_rate": -38.08,
            "research_to_sale_ratio": 4.55,
            "price_fair": 118.6,
            "eps_avg_yearly": 3.39,
            "eps_latest_yearly": 8.2,
            "eps_growth_yearly": 151.24
        },
        "20174": {
            "year_quarter": 20174,
            "year": 2017,
            "quarter": 4,
            "eps": 0.86,
            "eps_growth_year": -39.47,
            "eps_4q": 4.67,
            "eps_4q_growth_year": 0.49,
            "roe": 3.38,
            "roe_4q": 21.11,
            "gross_profit": 151313,
            "gross_margin": 21.37,
            "gross_margin_4q_avg": 25.76,
            "net_income": 80194,
            "net_income_4q": null,
            "revenue": 708138,
            "revenue_4q": null,
            "common_shares": 934674,
            "book_valuer_per_share": 26.19,
            "book_valuer_per_share_4q_avg": 24.13,
            "equity": 2447858,
            "current_ratio": 172.88,
            "debt_ratio": 46.97,
            "inventory_turnover_ratio": 0.73,
            "account_receivable_turnover_ratio": 0.71,
            "reinvestment_rate": -52.85,
            "research_to_sale_ratio": 3.95,
            "price_fair": 118.72,
            "eps_avg_yearly": 3.39,
            "eps_latest_yearly": 3.44,
            "eps_growth_yearly": 125.68
        },
        "20181": {
            "year_quarter": 20181,
            "year": 2018,
            "quarter": 1,
            "eps": 0.45,
            "eps_growth_year": -58.33,
            "eps_4q": 4.15,
            "eps_4q_growth_year": -17.51,
            "roe": 1.65,
            "roe_4q": 18.09,
            "gross_profit": 137922,
            "gross_margin": 20.99,
            "gross_margin_4q_avg": 23.81,
            "net_income": 41648,
            "net_income_4q": null,
            "revenue": 657235,
            "revenue_4q": null,
            "common_shares": 934674,
            "book_valuer_per_share": 27.88,
            "book_valuer_per_share_4q_avg": 25.12,
            "equity": 2605574,
            "current_ratio": 193.47,
            "debt_ratio": 42.12,
            "inventory_turnover_ratio": 0.64,
            "account_receivable_turnover_ratio": 0.71,
            "reinvestment_rate": -51.44,
            "research_to_sale_ratio": 3.5,
            "price_fair": 115.24,
            "eps_avg_yearly": 3.29,
            "eps_latest_yearly": 1.8,
            "eps_growth_yearly": 105.9
        }
    },
    "months": {
        "2003-09": {
            "month": "2003-09",
            "price": "7.78",
            "revenue": 26537
        },
        "2003-10": {
            "month": "2003-10",
            "price": "9.00",
            "revenue": 36364
        },
        "2003-11": {
            "month": "2003-11",
            "price": "8.37",
            "revenue": 26549
        },
        "2003-12": {
            "month": "2003-12",
            "price": "8.38",
            "revenue": 27045
        },
        "2004-01": {
            "month": "2004-01",
            "price": "8.93",
            "revenue": 19238
        },
        "2004-02": {
            "month": "2004-02",
            "price": "8.93",
            "revenue": 21673
        },
        "2004-03": {
            "month": "2004-03",
            "price": "9.67",
            "revenue": 26906
        },
        "2004-04": {
            "month": "2004-04",
            "price": "9.45",
            "revenue": 25805
        },
        "2004-05": {
            "month": "2004-05",
            "price": "9.53",
            "revenue": 18769
        },
        "2004-06": {
            "month": "2004-06",
            "price": "9.26",
            "revenue": 22163
        },
        "2004-07": {
            "month": "2004-07",
            "price": "8.73",
            "revenue": 25957
        },
        "2004-08": {
            "month": "2004-08",
            "price": "8.00",
            "revenue": 30740
        },
        "2004-09": {
            "month": "2004-09",
            "price": "6.64",
            "revenue": 32807
        },
        "2004-10": {
            "month": "2004-10",
            "price": "6.49",
            "revenue": 28416
        },
        "2004-11": {
            "month": "2004-11",
            "price": "6.45",
            "revenue": 23915
        },
        "2004-12": {
            "month": "2004-12",
            "price": "7.01",
            "revenue": 18904
        },
        "2005-01": {
            "month": "2005-01",
            "price": "5.94",
            "revenue": 25845
        },
        "2005-02": {
            "month": "2005-02",
            "price": "5.30",
            "revenue": 18710
        },
        "2005-03": {
            "month": "2005-03",
            "price": "5.35",
            "revenue": 25018
        },
        "2005-04": {
            "month": "2005-04",
            "price": "5.76",
            "revenue": 29498
        },
        "2005-05": {
            "month": "2005-05",
            "price": "6.01",
            "revenue": 31987
        },
        "2005-06": {
            "month": "2005-06",
            "price": "6.07",
            "revenue": 34089
        },
        "2005-07": {
            "month": "2005-07",
            "price": "6.48",
            "revenue": 43154
        },
        "2005-08": {
            "month": "2005-08",
            "price": "6.85",
            "revenue": 48174
        },
        "2005-09": {
            "month": "2005-09",
            "price": "6.42",
            "revenue": 44825
        },
        "2005-10": {
            "month": "2005-10",
            "price": "6.38",
            "revenue": 44060
        },
        "2005-11": {
            "month": "2005-11",
            "price": "6.13",
            "revenue": 45113
        },
        "2005-12": {
            "month": "2005-12",
            "price": "6.49",
            "revenue": 40526
        },
        "2006-01": {
            "month": "2006-01",
            "price": "7.77",
            "revenue": 49801
        },
        "2006-02": {
            "month": "2006-02",
            "price": "8.02",
            "revenue": 42611
        },
        "2006-03": {
            "month": "2006-03",
            "price": "16.89",
            "revenue": 43381
        },
        "2006-04": {
            "month": "2006-04",
            "price": "18.50",
            "revenue": 49644
        },
        "2006-05": {
            "month": "2006-05",
            "price": "16.80",
            "revenue": 53146
        },
        "2006-06": {
            "month": "2006-06",
            "price": "14.99",
            "revenue": 51734
        },
        "2006-07": {
            "month": "2006-07",
            "price": "14.32",
            "revenue": 60966
        },
        "2006-08": {
            "month": "2006-08",
            "price": "15.37",
            "revenue": 64186
        },
        "2006-09": {
            "month": "2006-09",
            "price": "16.63",
            "revenue": 59530
        },
        "2006-10": {
            "month": "2006-10",
            "price": "18.71",
            "revenue": 62181
        },
        "2006-11": {
            "month": "2006-11",
            "price": "19.79",
            "revenue": 72407
        },
        "2006-12": {
            "month": "2006-12",
            "price": "20.81",
            "revenue": 45438
        },
        "2007-01": {
            "month": "2007-01",
            "price": "26.10",
            "revenue": 68919
        },
        "2007-02": {
            "month": "2007-02",
            "price": "25.12",
            "revenue": 45653
        },
        "2007-03": {
            "month": "2007-03",
            "price": "24.96",
            "revenue": 68927
        },
        "2007-04": {
            "month": "2007-04",
            "price": "24.40",
            "revenue": 69355
        },
        "2007-05": {
            "month": "2007-05",
            "price": "29.37",
            "revenue": 64348
        },
        "2007-06": {
            "month": "2007-06",
            "price": "36.58",
            "revenue": 48194
        },
        "2007-07": {
            "month": "2007-07",
            "price": "37.08",
            "revenue": 81274
        },
        "2007-08": {
            "month": "2007-08",
            "price": "36.91",
            "revenue": 76082
        },
        "2007-09": {
            "month": "2007-09",
            "price": "36.45",
            "revenue": 85016
        },
        "2007-10": {
            "month": "2007-10",
            "price": "33.85",
            "revenue": 90324
        },
        "2007-11": {
            "month": "2007-11",
            "price": "31.06",
            "revenue": 91359
        },
        "2007-12": {
            "month": "2007-12",
            "price": "29.65",
            "revenue": 86505
        },
        "2008-01": {
            "month": "2008-01",
            "price": "28.40",
            "revenue": 82628
        },
        "2008-02": {
            "month": "2008-02",
            "price": "25.31",
            "revenue": 56128
        },
        "2008-03": {
            "month": "2008-03",
            "price": "28.56",
            "revenue": 111991
        },
        "2008-04": {
            "month": "2008-04",
            "price": "38.03",
            "revenue": 112866
        },
        "2008-05": {
            "month": "2008-05",
            "price": "39.64",
            "revenue": 113005
        },
        "2008-06": {
            "month": "2008-06",
            "price": "32.15",
            "revenue": 80251
        },
        "2008-07": {
            "month": "2008-07",
            "price": "28.23",
            "revenue": 116234
        },
        "2008-08": {
            "month": "2008-08",
            "price": "29.35",
            "revenue": 120440
        },
        "2008-09": {
            "month": "2008-09",
            "price": "24.76",
            "revenue": 143988
        },
        "2008-10": {
            "month": "2008-10",
            "price": "20.72",
            "revenue": 140211
        },
        "2008-11": {
            "month": "2008-11",
            "price": "17.48",
            "revenue": 76449
        },
        "2008-12": {
            "month": "2008-12",
            "price": "13.39",
            "revenue": 69605
        },
        "2009-01": {
            "month": "2009-01",
            "price": "12.26",
            "revenue": 87740
        },
        "2009-02": {
            "month": "2009-02",
            "price": "13.35",
            "revenue": 102510
        },
        "2009-03": {
            "month": "2009-03",
            "price": "17.61",
            "revenue": 140818
        },
        "2009-04": {
            "month": "2009-04",
            "price": "26.49",
            "revenue": 150389
        },
        "2009-05": {
            "month": "2009-05",
            "price": "30.98",
            "revenue": 138077
        },
        "2009-06": {
            "month": "2009-06",
            "price": "31.58",
            "revenue": 132348
        },
        "2009-07": {
            "month": "2009-07",
            "price": "37.51",
            "revenue": 140945
        },
        "2009-08": {
            "month": "2009-08",
            "price": "47.11",
            "revenue": 158370
        },
        "2009-09": {
            "month": "2009-09",
            "price": "60.85",
            "revenue": 182197
        },
        "2009-10": {
            "month": "2009-10",
            "price": "64.03",
            "revenue": 171280
        },
        "2009-11": {
            "month": "2009-11",
            "price": "69.41",
            "revenue": 172460
        },
        "2009-12": {
            "month": "2009-12",
            "price": "77.10",
            "revenue": 149654
        },
        "2010-01": {
            "month": "2010-01",
            "price": "79.59",
            "revenue": 184480
        },
        "2010-02": {
            "month": "2010-02",
            "price": "69.26",
            "revenue": 137428
        },
        "2010-03": {
            "month": "2010-03",
            "price": "81.80",
            "revenue": 210266
        },
        "2010-04": {
            "month": "2010-04",
            "price": "82.95",
            "revenue": 220393
        },
        "2010-05": {
            "month": "2010-05",
            "price": "84.83",
            "revenue": 238791
        },
        "2010-06": {
            "month": "2010-06",
            "price": "87.22",
            "revenue": 221842
        },
        "2010-07": {
            "month": "2010-07",
            "price": "86.81",
            "revenue": 224786
        },
        "2010-08": {
            "month": "2010-08",
            "price": "83.96",
            "revenue": 194928
        },
        "2010-09": {
            "month": "2010-09",
            "price": "74.83",
            "revenue": 221301
        },
        "2010-10": {
            "month": "2010-10",
            "price": "73.38",
            "revenue": 194751
        },
        "2010-11": {
            "month": "2010-11",
            "price": "81.36",
            "revenue": 213550
        },
        "2010-12": {
            "month": "2010-12",
            "price": "86.79",
            "revenue": 200414
        },
        "2011-01": {
            "month": "2011-01",
            "price": "81.96",
            "revenue": 210962
        },
        "2011-02": {
            "month": "2011-02",
            "price": "79.24",
            "revenue": 150074
        },
        "2011-03": {
            "month": "2011-03",
            "price": "83.01",
            "revenue": 237221
        },
        "2011-04": {
            "month": "2011-04",
            "price": "79.31",
            "revenue": 232885
        },
        "2011-05": {
            "month": "2011-05",
            "price": "64.49",
            "revenue": 210033
        },
        "2011-06": {
            "month": "2011-06",
            "price": "60.89",
            "revenue": 184568
        },
        "2011-07": {
            "month": "2011-07",
            "price": "54.83",
            "revenue": 203446
        },
        "2011-08": {
            "month": "2011-08",
            "price": "50.74",
            "revenue": 202894
        },
        "2011-09": {
            "month": "2011-09",
            "price": "44.69",
            "revenue": 240848
        },
        "2011-10": {
            "month": "2011-10",
            "price": "43.51",
            "revenue": 185878
        },
        "2011-11": {
            "month": "2011-11",
            "price": "38.70",
            "revenue": 215268
        },
        "2011-12": {
            "month": "2011-12",
            "price": "38.05",
            "revenue": 211283
        },
        "2012-01": {
            "month": "2012-01",
            "price": "38.31",
            "revenue": 164894
        },
        "2012-02": {
            "month": "2012-02",
            "price": "50.22",
            "revenue": 172149
        },
        "2012-03": {
            "month": "2012-03",
            "price": "50.17",
            "revenue": 249855
        },
        "2012-04": {
            "month": "2012-04",
            "price": "46.03",
            "revenue": 230769
        },
        "2012-05": {
            "month": "2012-05",
            "price": "41.55",
            "revenue": 220958
        },
        "2012-06": {
            "month": "2012-06",
            "price": "41.30",
            "revenue": 169919
        },
        "2012-07": {
            "month": "2012-07",
            "price": "41.74",
            "revenue": 201506
        },
        "2012-08": {
            "month": "2012-08",
            "price": "42.57",
            "revenue": 221605
        },
        "2012-09": {
            "month": "2012-09",
            "price": "42.56",
            "revenue": 242537
        },
        "2012-10": {
            "month": "2012-10",
            "price": "39.43",
            "revenue": 213503
        },
        "2012-11": {
            "month": "2012-11",
            "price": "38.60",
            "revenue": 200788
        },
        "2012-12": {
            "month": "2012-12",
            "price": "37.70",
            "revenue": 202024
        },
        "2013-01": {
            "month": "2013-01",
            "price": "37.42",
            "revenue": 246512
        },
        "2013-02": {
            "month": "2013-02",
            "price": "37.80",
            "revenue": 157655
        },
        "2013-03": {
            "month": "2013-03",
            "price": "37.62",
            "revenue": 207131
        },
        "2013-04": {
            "month": "2013-04",
            "price": "36.19",
            "revenue": 233917
        },
        "2013-05": {
            "month": "2013-05",
            "price": "37.69",
            "revenue": 230997
        },
        "2013-06": {
            "month": "2013-06",
            "price": "38.07",
            "revenue": 222454
        },
        "2013-07": {
            "month": "2013-07",
            "price": "37.52",
            "revenue": 236779
        },
        "2013-08": {
            "month": "2013-08",
            "price": "36.91",
            "revenue": 240447
        },
        "2013-09": {
            "month": "2013-09",
            "price": "35.56",
            "revenue": 245705
        },
        "2013-10": {
            "month": "2013-10",
            "price": "46.84",
            "revenue": 215067
        },
        "2013-11": {
            "month": "2013-11",
            "price": "46.33",
            "revenue": 217512
        },
        "2013-12": {
            "month": "2013-12",
            "price": "45.73",
            "revenue": 205421
        },
        "2014-01": {
            "month": "2014-01",
            "price": "45.32",
            "revenue": 230855
        },
        "2014-02": {
            "month": "2014-02",
            "price": "45.29",
            "revenue": 161973
        },
        "2014-03": {
            "month": "2014-03",
            "price": "43.53",
            "revenue": 213163
        },
        "2014-04": {
            "month": "2014-04",
            "price": "40.06",
            "revenue": 222071
        },
        "2014-05": {
            "month": "2014-05",
            "price": "38.45",
            "revenue": 218083
        },
        "2014-06": {
            "month": "2014-06",
            "price": "42.26",
            "revenue": 202993
        },
        "2014-07": {
            "month": "2014-07",
            "price": "39.05",
            "revenue": 216789
        },
        "2014-08": {
            "month": "2014-08",
            "price": "34.83",
            "revenue": 249493
        },
        "2014-09": {
            "month": "2014-09",
            "price": "35.08",
            "revenue": 252706
        },
        "2014-10": {
            "month": "2014-10",
            "price": "33.04",
            "revenue": 233421
        },
        "2014-11": {
            "month": "2014-11",
            "price": "32.37",
            "revenue": 238146
        },
        "2014-12": {
            "month": "2014-12",
            "price": "33.67",
            "revenue": 223843
        },
        "2015-01": {
            "month": "2015-01",
            "price": "34.35",
            "revenue": 249549
        },
        "2015-02": {
            "month": "2015-02",
            "price": "35.65",
            "revenue": 171462
        },
        "2015-03": {
            "month": "2015-03",
            "price": "34.81",
            "revenue": 219332
        },
        "2015-04": {
            "month": "2015-04",
            "price": "33.74",
            "revenue": 222110
        },
        "2015-05": {
            "month": "2015-05",
            "price": "32.66",
            "revenue": 206028
        },
        "2015-06": {
            "month": "2015-06",
            "price": "30.78",
            "revenue": 192059
        },
        "2015-07": {
            "month": "2015-07",
            "price": "30.61",
            "revenue": 230412
        },
        "2015-08": {
            "month": "2015-08",
            "price": "29.07",
            "revenue": 242335
        },
        "2015-09": {
            "month": "2015-09",
            "price": "30.63",
            "revenue": 243435
        },
        "2015-10": {
            "month": "2015-10",
            "price": "32.64",
            "revenue": 242485
        },
        "2015-11": {
            "month": "2015-11",
            "price": "32.04",
            "revenue": 246675
        },
        "2015-12": {
            "month": "2015-12",
            "price": "33.89",
            "revenue": 265364
        },
        "2016-01": {
            "month": "2016-01",
            "price": "35.45",
            "revenue": 271624
        },
        "2016-02": {
            "month": "2016-02",
            "price": "42.34",
            "revenue": 164674
        },
        "2016-03": {
            "month": "2016-03",
            "price": "42.30",
            "revenue": 237273
        },
        "2016-04": {
            "month": "2016-04",
            "price": "41.06",
            "revenue": 224562
        },
        "2016-05": {
            "month": "2016-05",
            "price": "40.23",
            "revenue": 262977
        },
        "2016-06": {
            "month": "2016-06",
            "price": "42.65",
            "revenue": 248699
        },
        "2016-07": {
            "month": "2016-07",
            "price": "44.16",
            "revenue": 264646
        },
        "2016-08": {
            "month": "2016-08",
            "price": "49.56",
            "revenue": 282094
        },
        "2016-09": {
            "month": "2016-09",
            "price": "51.82",
            "revenue": 294961
        },
        "2016-10": {
            "month": "2016-10",
            "price": "51.90",
            "revenue": 244864
        },
        "2016-11": {
            "month": "2016-11",
            "price": "49.65",
            "revenue": 284222
        },
        "2016-12": {
            "month": "2016-12",
            "price": "51.43",
            "revenue": 262227
        },
        "2017-01": {
            "month": "2017-01",
            "price": "54.32",
            "revenue": 231987
        },
        "2017-02": {
            "month": "2017-02",
            "price": "65.22",
            "revenue": 207372
        },
        "2017-03": {
            "month": "2017-03",
            "price": "68.60",
            "revenue": 263709
        },
        "2017-04": {
            "month": "2017-04",
            "price": "69.74",
            "revenue": 239540
        },
        "2017-05": {
            "month": "2017-05",
            "price": "69.57",
            "revenue": 254401
        },
        "2017-06": {
            "month": "2017-06",
            "price": "68.47",
            "revenue": 260706
        },
        "2017-07": {
            "month": "2017-07",
            "price": "65.80",
            "revenue": 255423
        },
        "2017-08": {
            "month": "2017-08",
            "price": "61.84",
            "revenue": 265363
        },
        "2017-09": {
            "month": "2017-09",
            "price": "63.22",
            "revenue": 250455
        },
        "2017-10": {
            "month": "2017-10",
            "price": "63.01",
            "revenue": 234965
        },
        "2017-11": {
            "month": "2017-11",
            "price": "61.56",
            "revenue": 252414
        },
        "2017-12": {
            "month": "2017-12",
            "price": "60.49",
            "revenue": 220274
        },
        "2018-01": {
            "month": "2018-01",
            "price": "67.90",
            "revenue": 240489
        },
        "2018-02": {
            "month": "2018-02",
            "price": "62.20",
            "revenue": 156010
        },
        "2018-03": {
            "month": "2018-03",
            "price": "66.53",
            "revenue": 260735
        },
        "2018-04": {
            "month": "2018-04",
            "price": "72.48",
            "revenue": 238585
        },
        "2018-05": {
            "month": "2018-05",
            "price": "84.59",
            "revenue": 273664
        }
    }
}
