{
    "summary": {
        "stock_name": "協禧",
        "stock_id": "3071",
        "category": "電腦及週邊設備",
        "main_business": "熱源處理及冷卻風扇",
        "website_url": "http://www.adda.com.tw",
        "ceo": "劉明雄",
        "pe_ratio": 19,
        "report_year_from": 2001,
        "report_year_to": 2023,
        "age": 22,
        "eps_negative_percentage": 10,
        "eps_growth_avg": {
            "last_all": 5.3,
            "last_2y": 5.04,
            "last_4y": 12.8,
            "last_8y": 45.5,
            "last_12y": 10.67,
            "last_16y": 5.97,
            "last_20y": null,
            "at_2006_last_3y": null,
            "at_2007_last_3y": null,
            "at_2008_last_3y": -47.78,
            "at_2009_last_3y": -12.86,
            "at_2010_last_3y": 10.49,
            "at_2011_last_3y": 19.65,
            "at_2012_last_3y": -8.98,
            "at_2013_last_3y": -58.98,
            "at_2014_last_3y": -89.14,
            "at_2015_last_3y": -31.62,
            "at_2016_last_3y": 33.33,
            "at_2017_last_3y": 100,
            "at_2018_last_3y": 84.11,
            "at_2019_last_3y": 62.22,
            "at_2020_last_3y": 37.35,
            "at_2021_last_3y": 12.9,
            "at_2022_last_3y": 6.88,
            "at_2023_last_3y": 6.88,
            "at_2006_last_all": -21.67,
            "at_2007_last_all": -47.78,
            "at_2008_last_all": -47.78,
            "at_2009_last_all": -10.83,
            "at_2010_last_all": -2.37,
            "at_2011_last_all": -14.06,
            "at_2012_last_all": -25.61,
            "at_2013_last_all": -34.91,
            "at_2014_last_all": -34.91,
            "at_2015_last_all": -19.92,
            "at_2016_last_all": -7.93,
            "at_2017_last_all": 1.89,
            "at_2018_last_all": 4.77,
            "at_2019_last_all": 5.35,
            "at_2020_last_all": 5.01,
            "at_2021_last_all": 4.82,
            "at_2022_last_all": 5.3,
            "at_2023_last_all": 5.3
        },
        "latest_eps": 1.85,
        "latest_price": 34.6,
        "latest_roe": 13.71,
        "latest_gross_margin": 29.01,
        "latest_equity": 1936743,
        "latest_revenue": 613120,
        "latest_gross_profit": 177852,
        "latest_net_income": 9793,
        "latest_debt_ratio": 48.39,
        "latest_current_ratio": 153,
        "latest_account_receivable_turnover_ratio": 0.86,
        "latest_inventory_turnover_ratio": 1.25,
        "latest_reinvestment_rate": 25.21,
        "latest_research_to_sale_ratio": 5.05
    },
    "eps_dividends": {
        "2001": {
            "cash": 0,
            "stock": 0,
            "eps": 0
        },
        "2002": {
            "cash": 0,
            "stock": 0,
            "eps": 0
        },
        "2003": {
            "cash": 0.72,
            "stock": 0.48,
            "eps": 0
        },
        "2004": {
            "cash": 0.5,
            "stock": 0.8,
            "eps": 1.47
        },
        "2005": {
            "cash": 0.5,
            "stock": 0.5,
            "eps": 1.4
        },
        "2006": {
            "cash": 0.6,
            "stock": 0.5,
            "eps": 0.86
        },
        "2007": {
            "cash": 0.1,
            "stock": 0.6,
            "eps": -5.3
        },
        "2008": {
            "cash": 0,
            "stock": 0,
            "eps": 0.29
        },
        "2009": {
            "cash": 0,
            "stock": 0,
            "eps": 1.08
        },
        "2010": {
            "cash": 0,
            "stock": 0,
            "eps": 1.42
        },
        "2011": {
            "cash": 0,
            "stock": 0,
            "eps": 0.39
        },
        "2012": {
            "cash": 0.2,
            "stock": 0,
            "eps": 0.02
        },
        "2013": {
            "cash": 0.2,
            "stock": 0,
            "eps": -1.05
        },
        "2014": {
            "cash": 0,
            "stock": 0,
            "eps": 0.01
        },
        "2015": {
            "cash": 0,
            "stock": 0,
            "eps": 0.05
        },
        "2016": {
            "cash": 0,
            "stock": 0,
            "eps": 0.59
        },
        "2017": {
            "cash": 0,
            "stock": 0,
            "eps": 1.18
        },
        "2018": {
            "cash": 0.9,
            "stock": 0,
            "eps": 1.61
        },
        "2019": {
            "cash": 1.2,
            "stock": 0,
            "eps": 1.81
        },
        "2020": {
            "cash": 1.53,
            "stock": 0,
            "eps": 1.82
        },
        "2021": {
            "cash": 1.6,
            "stock": 0,
            "eps": 1.86
        },
        "2022": {
            "cash": 1.6,
            "stock": 0,
            "eps": 2.09
        },
        "2023": {
            "cash": 1.67,
            "stock": 0,
            "eps": 0.15
        }
    },
    "dividends": {
        "2003-06-30": {
            "cash": 0.72,
            "stock": 0.48
        },
        "2004-04-03": {
            "cash": 0.5,
            "stock": 0.8
        },
        "2005-04-04": {
            "cash": 0.5,
            "stock": 0.5
        },
        "2006-04-04": {
            "cash": 0.6,
            "stock": 0.5
        },
        "2007-04-21": {
            "cash": 0.1,
            "stock": 0.6
        },
        "2012-04-17": {
            "cash": 0.2,
            "stock": 0
        },
        "2013-06-19": {
            "cash": 0.2,
            "stock": 0
        },
        "2018-08-15": {
            "cash": 0.9,
            "stock": 0
        },
        "2019-07-30": {
            "cash": 1.2,
            "stock": 0
        },
        "2020-07-31": {
            "cash": 1.53,
            "stock": 0
        },
        "2021-09-17": {
            "cash": 1.6,
            "stock": 0
        },
        "2022-09-08": {
            "cash": 1.6,
            "stock": 0
        },
        "2023-07-27": {
            "cash": 1.67,
            "stock": 0
        }
    },
    "prices": {
        "200101": "無",
        "200102": "無",
        "200103": "無",
        "200104": "無",
        "200105": "無",
        "200106": "無",
        "200107": "無",
        "200108": "無",
        "200109": "無",
        "200110": "無",
        "200111": "無",
        "200112": "無",
        "200201": "無",
        "200202": "無",
        "200203": "無",
        "200204": "無",
        "200205": "無",
        "200206": "無",
        "200207": "無",
        "200208": "無",
        "200209": "無",
        "200210": "無",
        "200211": "無",
        "200212": "無",
        "200301": "無",
        "200302": "無",
        "200303": "無",
        "200304": "無",
        "200305": "無",
        "200306": "無",
        "200307": "無",
        "200308": "無",
        "200309": "無",
        "200310": "15.65",
        "200311": "16.69",
        "200312": "18.59",
        "200401": "16.23",
        "200402": "15.15",
        "200403": "17.43",
        "200404": "20.99",
        "200405": "20.32",
        "200406": "19.42",
        "200407": "20.32",
        "200408": "21.74",
        "200409": "21.62",
        "200410": "20.88",
        "200411": "19.36",
        "200412": "14.70",
        "200501": "14.38",
        "200502": "16.68",
        "200503": "17.04",
        "200504": "15.46",
        "200505": "14.43",
        "200506": "16.88",
        "200507": "17.14",
        "200508": "14.37",
        "200509": "13.06",
        "200510": "11.77",
        "200511": "12.60",
        "200512": "17.85",
        "200601": "21.13",
        "200602": "17.10",
        "200603": "16.47",
        "200604": "20.06",
        "200605": "22.10",
        "200606": "21.43",
        "200607": "21.29",
        "200608": "19.43",
        "200609": "15.76",
        "200610": "16.16",
        "200611": "16.66",
        "200612": "17.31",
        "200701": "17.33",
        "200702": "17.82",
        "200703": "18.30",
        "200704": "17.28",
        "200705": "14.65",
        "200706": "13.63",
        "200707": "14.12",
        "200708": "12.34",
        "200709": "9.30",
        "200710": "9.53",
        "200711": "9.82",
        "200712": "8.00",
        "200801": "7.31",
        "200802": "7.34",
        "200803": "8.71",
        "200804": "8.77",
        "200805": "8.61",
        "200806": "7.62",
        "200807": "6.16",
        "200808": "6.14",
        "200809": "5.35",
        "200810": "4.78",
        "200811": "4.48",
        "200812": "4.30",
        "200901": "4.13",
        "200902": "4.14",
        "200903": "4.78",
        "200904": "5.52",
        "200905": "6.78",
        "200906": "6.48",
        "200907": "6.63",
        "200908": "7.58",
        "200909": "13.05",
        "200910": "13.92",
        "200911": "13.85",
        "200912": "15.34",
        "201001": "14.78",
        "201002": "13.60",
        "201003": "14.85",
        "201004": "16.38",
        "201005": "17.39",
        "201006": "17.90",
        "201007": "17.57",
        "201008": "18.22",
        "201009": "17.36",
        "201010": "16.42",
        "201011": "15.81",
        "201012": "16.83",
        "201101": "15.83",
        "201102": "14.72",
        "201103": "14.02",
        "201104": "13.69",
        "201105": "12.88",
        "201106": "11.86",
        "201107": "10.08",
        "201108": "8.51",
        "201109": "8.21",
        "201110": "7.92",
        "201111": "7.24",
        "201112": "6.73",
        "201201": "7.65",
        "201202": "8.87",
        "201203": "9.24",
        "201204": "8.74",
        "201205": "8.61",
        "201206": "8.07",
        "201207": "7.76",
        "201208": "7.09",
        "201209": "7.04",
        "201210": "6.77",
        "201211": "6.80",
        "201212": "7.37",
        "201301": "7.33",
        "201302": "7.12",
        "201303": "7.24",
        "201304": "7.24",
        "201305": "7.49",
        "201306": "7.61",
        "201307": "7.53",
        "201308": "7.28",
        "201309": "7.12",
        "201310": "7.03",
        "201311": "6.26",
        "201312": "6.42",
        "201401": "7.43",
        "201402": "7.27",
        "201403": "7.76",
        "201404": "7.14",
        "201405": "7.33",
        "201406": "8.99",
        "201407": "10.10",
        "201408": "8.94",
        "201409": "8.00",
        "201410": "7.22",
        "201411": "7.30",
        "201412": "8.34",
        "201501": "8.89",
        "201502": "8.52",
        "201503": "8.50",
        "201504": "8.29",
        "201505": "7.31",
        "201506": "6.93",
        "201507": "6.66",
        "201508": "6.66",
        "201509": "6.63",
        "201510": "6.80",
        "201511": "6.56",
        "201512": "6.55",
        "201601": "6.29",
        "201602": "6.53",
        "201603": "6.71",
        "201604": "6.87",
        "201605": "6.52",
        "201606": "6.41",
        "201607": "6.71",
        "201608": "7.71",
        "201609": "7.83",
        "201610": "7.32",
        "201611": "7.87",
        "201612": "9.10",
        "201701": "10.34",
        "201702": "11.21",
        "201703": "13.11",
        "201704": "13.50",
        "201705": "14.96",
        "201706": "14.12",
        "201707": "12.44",
        "201708": "13.11",
        "201709": "16.45",
        "201710": "17.29",
        "201711": "22.58",
        "201712": "22.39",
        "201801": "22.47",
        "201802": "20.47",
        "201803": "21.78",
        "201804": "19.94",
        "201805": "19.00",
        "201806": "19.77",
        "201807": "21.74",
        "201808": "20.09",
        "201809": "18.12",
        "201810": "15.34",
        "201811": "15.48",
        "201812": "16.78",
        "201901": "18.16",
        "201902": "19.88",
        "201903": "19.85",
        "201904": "21.10",
        "201905": "18.97",
        "201906": "18.38",
        "201907": "18.08",
        "201908": "17.63",
        "201909": "17.45",
        "201910": "17.21",
        "201911": "19.04",
        "201912": "20.38",
        "202001": "19.59",
        "202002": "18.06",
        "202003": "15.28",
        "202004": "16.28",
        "202005": "18.92",
        "202006": "20.86",
        "202007": "20.98",
        "202008": "22.19",
        "202009": "24.42",
        "202010": "21.97",
        "202011": "22.73",
        "202012": "24.22",
        "202101": "25.23",
        "202102": "25.27",
        "202103": "27.49",
        "202104": "30.57",
        "202105": "26.05",
        "202106": "26.07",
        "202107": "26.51",
        "202108": "24.52",
        "202109": "22.78",
        "202110": "21.46",
        "202111": "22.78",
        "202112": "26.98",
        "202201": "28.03",
        "202202": "28.51",
        "202203": "27.16",
        "202204": "25.19",
        "202205": "25.43",
        "202206": "25.44",
        "202207": "24.86",
        "202208": "26.94",
        "202209": "26.44",
        "202210": "24.15",
        "202211": "25.13",
        "202212": "25.16",
        "202301": "24.75",
        "202302": "25.31",
        "202303": "26.42",
        "202304": "30.50",
        "202305": "33.02",
        "202306": "33.80"
    },
    "quarters": {
        "20011": {
            "year_quarter": 20011,
            "year": 2001,
            "quarter": 1,
            "eps": null,
            "eps_growth_year": null,
            "eps_4q": null,
            "eps_4q_growth_year": null,
            "roe": null,
            "roe_4q": 0,
            "gross_profit": null,
            "gross_margin": null,
            "gross_margin_4q_avg": 0,
            "net_income": null,
            "revenue": null,
            "common_shares": null,
            "book_valuer_per_share": null,
            "book_valuer_per_share_4q_avg": 0,
            "equity": null,
            "current_ratio": null,
            "debt_ratio": null,
            "inventory_turnover_ratio": null,
            "account_receivable_turnover_ratio": null,
            "reinvestment_rate": null,
            "research_to_sale_ratio": null,
            "price_fair": 0,
            "eps_avg_yearly": 0,
            "eps_latest_yearly": 0,
            "eps_growth_yearly": 0
        },
        "20012": {
            "year_quarter": 20012,
            "year": 2001,
            "quarter": 2,
            "eps": null,
            "eps_growth_year": null,
            "eps_4q": null,
            "eps_4q_growth_year": null,
            "roe": null,
            "roe_4q": 0,
            "gross_profit": null,
            "gross_margin": null,
            "gross_margin_4q_avg": 0,
            "net_income": null,
            "revenue": null,
            "common_shares": null,
            "book_valuer_per_share": null,
            "book_valuer_per_share_4q_avg": 0,
            "equity": null,
            "current_ratio": null,
            "debt_ratio": null,
            "inventory_turnover_ratio": null,
            "account_receivable_turnover_ratio": null,
            "reinvestment_rate": null,
            "research_to_sale_ratio": null,
            "price_fair": 0,
            "eps_avg_yearly": 0,
            "eps_latest_yearly": 0,
            "eps_growth_yearly": 0
        },
        "20013": {
            "year_quarter": 20013,
            "year": 2001,
            "quarter": 3,
            "eps": null,
            "eps_growth_year": null,
            "eps_4q": null,
            "eps_4q_growth_year": null,
            "roe": null,
            "roe_4q": 0,
            "gross_profit": null,
            "gross_margin": null,
            "gross_margin_4q_avg": 0,
            "net_income": null,
            "revenue": null,
            "common_shares": null,
            "book_valuer_per_share": null,
            "book_valuer_per_share_4q_avg": 0,
            "equity": null,
            "current_ratio": null,
            "debt_ratio": null,
            "inventory_turnover_ratio": null,
            "account_receivable_turnover_ratio": null,
            "reinvestment_rate": null,
            "research_to_sale_ratio": null,
            "price_fair": 0,
            "eps_avg_yearly": 0,
            "eps_latest_yearly": 0,
            "eps_growth_yearly": 0
        },
        "20014": {
            "year_quarter": 20014,
            "year": 2001,
            "quarter": 4,
            "eps": null,
            "eps_growth_year": null,
            "eps_4q": null,
            "eps_4q_growth_year": null,
            "roe": null,
            "roe_4q": 0,
            "gross_profit": null,
            "gross_margin": null,
            "gross_margin_4q_avg": 0,
            "net_income": null,
            "revenue": null,
            "common_shares": 437499,
            "book_valuer_per_share": 13.11,
            "book_valuer_per_share_4q_avg": 3.28,
            "equity": 569581,
            "current_ratio": 128.37,
            "debt_ratio": 63.72,
            "inventory_turnover_ratio": null,
            "account_receivable_turnover_ratio": null,
            "reinvestment_rate": null,
            "research_to_sale_ratio": null,
            "price_fair": 0,
            "eps_avg_yearly": 0,
            "eps_latest_yearly": 0,
            "eps_growth_yearly": 0
        },
        "20021": {
            "year_quarter": 20021,
            "year": 2002,
            "quarter": 1,
            "eps": null,
            "eps_growth_year": null,
            "eps_4q": null,
            "eps_4q_growth_year": null,
            "roe": null,
            "roe_4q": 0,
            "gross_profit": null,
            "gross_margin": null,
            "gross_margin_4q_avg": 0,
            "net_income": null,
            "revenue": null,
            "common_shares": null,
            "book_valuer_per_share": null,
            "book_valuer_per_share_4q_avg": 3.28,
            "equity": null,
            "current_ratio": null,
            "debt_ratio": null,
            "inventory_turnover_ratio": null,
            "account_receivable_turnover_ratio": null,
            "reinvestment_rate": null,
            "research_to_sale_ratio": null,
            "price_fair": 0,
            "eps_avg_yearly": 0,
            "eps_latest_yearly": 0,
            "eps_growth_yearly": 0
        },
        "20022": {
            "year_quarter": 20022,
            "year": 2002,
            "quarter": 2,
            "eps": null,
            "eps_growth_year": null,
            "eps_4q": null,
            "eps_4q_growth_year": null,
            "roe": null,
            "roe_4q": 0,
            "gross_profit": null,
            "gross_margin": null,
            "gross_margin_4q_avg": 0,
            "net_income": null,
            "revenue": null,
            "common_shares": null,
            "book_valuer_per_share": null,
            "book_valuer_per_share_4q_avg": 3.28,
            "equity": null,
            "current_ratio": null,
            "debt_ratio": null,
            "inventory_turnover_ratio": null,
            "account_receivable_turnover_ratio": null,
            "reinvestment_rate": null,
            "research_to_sale_ratio": null,
            "price_fair": 0,
            "eps_avg_yearly": 0,
            "eps_latest_yearly": 0,
            "eps_growth_yearly": 0
        },
        "20023": {
            "year_quarter": 20023,
            "year": 2002,
            "quarter": 3,
            "eps": null,
            "eps_growth_year": null,
            "eps_4q": null,
            "eps_4q_growth_year": null,
            "roe": null,
            "roe_4q": 0,
            "gross_profit": null,
            "gross_margin": null,
            "gross_margin_4q_avg": 0,
            "net_income": null,
            "revenue": null,
            "common_shares": null,
            "book_valuer_per_share": null,
            "book_valuer_per_share_4q_avg": 3.28,
            "equity": null,
            "current_ratio": null,
            "debt_ratio": null,
            "inventory_turnover_ratio": null,
            "account_receivable_turnover_ratio": null,
            "reinvestment_rate": null,
            "research_to_sale_ratio": null,
            "price_fair": 0,
            "eps_avg_yearly": 0,
            "eps_latest_yearly": 0,
            "eps_growth_yearly": 0
        },
        "20024": {
            "year_quarter": 20024,
            "year": 2002,
            "quarter": 4,
            "eps": null,
            "eps_growth_year": null,
            "eps_4q": null,
            "eps_4q_growth_year": null,
            "roe": null,
            "roe_4q": 0,
            "gross_profit": null,
            "gross_margin": null,
            "gross_margin_4q_avg": 0,
            "net_income": null,
            "revenue": null,
            "common_shares": 527870,
            "book_valuer_per_share": 12.18,
            "book_valuer_per_share_4q_avg": 3.05,
            "equity": 639451,
            "current_ratio": 116.43,
            "debt_ratio": 63.17,
            "inventory_turnover_ratio": null,
            "account_receivable_turnover_ratio": null,
            "reinvestment_rate": null,
            "research_to_sale_ratio": null,
            "price_fair": 0,
            "eps_avg_yearly": 0,
            "eps_latest_yearly": 0,
            "eps_growth_yearly": 0
        },
        "20031": {
            "year_quarter": 20031,
            "year": 2003,
            "quarter": 1,
            "eps": null,
            "eps_growth_year": null,
            "eps_4q": null,
            "eps_4q_growth_year": null,
            "roe": null,
            "roe_4q": 0,
            "gross_profit": null,
            "gross_margin": null,
            "gross_margin_4q_avg": 0,
            "net_income": null,
            "revenue": null,
            "common_shares": null,
            "book_valuer_per_share": null,
            "book_valuer_per_share_4q_avg": 3.05,
            "equity": null,
            "current_ratio": null,
            "debt_ratio": null,
            "inventory_turnover_ratio": null,
            "account_receivable_turnover_ratio": null,
            "reinvestment_rate": null,
            "research_to_sale_ratio": null,
            "price_fair": 0,
            "eps_avg_yearly": 0,
            "eps_latest_yearly": 0,
            "eps_growth_yearly": 0
        },
        "20032": {
            "year_quarter": 20032,
            "year": 2003,
            "quarter": 2,
            "eps": null,
            "eps_growth_year": null,
            "eps_4q": null,
            "eps_4q_growth_year": null,
            "roe": null,
            "roe_4q": 0,
            "gross_profit": null,
            "gross_margin": null,
            "gross_margin_4q_avg": 0,
            "net_income": null,
            "revenue": null,
            "common_shares": null,
            "book_valuer_per_share": null,
            "book_valuer_per_share_4q_avg": 3.05,
            "equity": null,
            "current_ratio": null,
            "debt_ratio": null,
            "inventory_turnover_ratio": null,
            "account_receivable_turnover_ratio": null,
            "reinvestment_rate": null,
            "research_to_sale_ratio": null,
            "price_fair": 0,
            "eps_avg_yearly": 0,
            "eps_latest_yearly": 0,
            "eps_growth_yearly": 0
        },
        "20033": {
            "year_quarter": 20033,
            "year": 2003,
            "quarter": 3,
            "eps": null,
            "eps_growth_year": null,
            "eps_4q": null,
            "eps_4q_growth_year": null,
            "roe": null,
            "roe_4q": 0,
            "gross_profit": null,
            "gross_margin": null,
            "gross_margin_4q_avg": 0,
            "net_income": null,
            "revenue": null,
            "common_shares": null,
            "book_valuer_per_share": null,
            "book_valuer_per_share_4q_avg": 3.05,
            "equity": null,
            "current_ratio": null,
            "debt_ratio": null,
            "inventory_turnover_ratio": null,
            "account_receivable_turnover_ratio": null,
            "reinvestment_rate": null,
            "research_to_sale_ratio": null,
            "price_fair": 0,
            "eps_avg_yearly": 0,
            "eps_latest_yearly": 0,
            "eps_growth_yearly": 0
        },
        "20034": {
            "year_quarter": 20034,
            "year": 2003,
            "quarter": 4,
            "eps": null,
            "eps_growth_year": null,
            "eps_4q": null,
            "eps_4q_growth_year": null,
            "roe": null,
            "roe_4q": 0,
            "gross_profit": null,
            "gross_margin": null,
            "gross_margin_4q_avg": 0,
            "net_income": null,
            "revenue": null,
            "common_shares": 559003,
            "book_valuer_per_share": 12.8,
            "book_valuer_per_share_4q_avg": 3.2,
            "equity": 715425,
            "current_ratio": 116.39,
            "debt_ratio": 63.45,
            "inventory_turnover_ratio": null,
            "account_receivable_turnover_ratio": null,
            "reinvestment_rate": null,
            "research_to_sale_ratio": null,
            "price_fair": 0,
            "eps_avg_yearly": 0,
            "eps_latest_yearly": 0,
            "eps_growth_yearly": 0
        },
        "20041": {
            "year_quarter": 20041,
            "year": 2004,
            "quarter": 1,
            "eps": 0.61,
            "eps_growth_year": null,
            "eps_4q": null,
            "eps_4q_growth_year": null,
            "roe": 4.67,
            "roe_4q": 4.67,
            "gross_profit": 147731,
            "gross_margin": 26.6,
            "gross_margin_4q_avg": 6.65,
            "net_income": 33979,
            "revenue": 555322,
            "common_shares": 559003,
            "book_valuer_per_share": 13.23,
            "book_valuer_per_share_4q_avg": 6.51,
            "equity": 739834,
            "current_ratio": 124.9,
            "debt_ratio": 62.34,
            "inventory_turnover_ratio": 1.15,
            "account_receivable_turnover_ratio": null,
            "reinvestment_rate": null,
            "research_to_sale_ratio": null,
            "price_fair": 0,
            "eps_avg_yearly": 0,
            "eps_latest_yearly": 0,
            "eps_growth_yearly": 0
        },
        "20042": {
            "year_quarter": 20042,
            "year": 2004,
            "quarter": 2,
            "eps": 0.21,
            "eps_growth_year": null,
            "eps_4q": null,
            "eps_4q_growth_year": null,
            "roe": 1.72,
            "roe_4q": 6.39,
            "gross_profit": 124182,
            "gross_margin": 22.97,
            "gross_margin_4q_avg": 12.39,
            "net_income": 12622,
            "revenue": 540676,
            "common_shares": 559003,
            "book_valuer_per_share": 13,
            "book_valuer_per_share_4q_avg": 9.76,
            "equity": 726707,
            "current_ratio": 119.35,
            "debt_ratio": 62.89,
            "inventory_turnover_ratio": 1.23,
            "account_receivable_turnover_ratio": null,
            "reinvestment_rate": null,
            "research_to_sale_ratio": null,
            "price_fair": 2.52,
            "eps_avg_yearly": 0.84,
            "eps_latest_yearly": 0.84,
            "eps_growth_yearly": -262.3
        },
        "20043": {
            "year_quarter": 20043,
            "year": 2004,
            "quarter": 3,
            "eps": 0.77,
            "eps_growth_year": null,
            "eps_4q": null,
            "eps_4q_growth_year": null,
            "roe": 6.24,
            "roe_4q": 12.629999999999999,
            "gross_profit": 130266,
            "gross_margin": 22.91,
            "gross_margin_4q_avg": 18.12,
            "net_income": 46868,
            "revenue": 568708,
            "common_shares": 612507,
            "book_valuer_per_share": 12.67,
            "book_valuer_per_share_4q_avg": 12.93,
            "equity": 776057,
            "current_ratio": 148.41,
            "debt_ratio": 60.41,
            "inventory_turnover_ratio": 1.34,
            "account_receivable_turnover_ratio": null,
            "reinvestment_rate": null,
            "research_to_sale_ratio": null,
            "price_fair": 68.6,
            "eps_avg_yearly": 1.96,
            "eps_latest_yearly": 3.08,
            "eps_growth_yearly": 402.19
        },
        "20044": {
            "year_quarter": 20044,
            "year": 2004,
            "quarter": 4,
            "eps": -0.12,
            "eps_growth_year": null,
            "eps_4q": 1.4,
            "eps_4q_growth_year": null,
            "roe": -0.9,
            "roe_4q": 11.73,
            "gross_profit": 148938,
            "gross_margin": 23.87,
            "gross_margin_4q_avg": 24.09,
            "net_income": -7497,
            "revenue": 623853,
            "common_shares": 694175,
            "book_valuer_per_share": 12.77,
            "book_valuer_per_share_4q_avg": 12.92,
            "equity": 886311,
            "current_ratio": 141.11,
            "debt_ratio": 61.8,
            "inventory_turnover_ratio": 1.15,
            "account_receivable_turnover_ratio": null,
            "reinvestment_rate": null,
            "research_to_sale_ratio": null,
            "price_fair": 68.6,
            "eps_avg_yearly": 1.96,
            "eps_latest_yearly": 3.08,
            "eps_growth_yearly": 402.19
        },
        "20051": {
            "year_quarter": 20051,
            "year": 2005,
            "quarter": 1,
            "eps": 0.18,
            "eps_growth_year": -70.49,
            "eps_4q": 0.93,
            "eps_4q_growth_year": null,
            "roe": 1.4,
            "roe_4q": 8.46,
            "gross_profit": 125757,
            "gross_margin": 21.39,
            "gross_margin_4q_avg": 22.79,
            "net_income": 12516,
            "revenue": 587933,
            "common_shares": 694175,
            "book_valuer_per_share": 12.91,
            "book_valuer_per_share_4q_avg": 12.84,
            "equity": 896194,
            "current_ratio": 149.92,
            "debt_ratio": 58.53,
            "inventory_turnover_ratio": 1.03,
            "account_receivable_turnover_ratio": null,
            "reinvestment_rate": null,
            "research_to_sale_ratio": null,
            "price_fair": 68.6,
            "eps_avg_yearly": 1.96,
            "eps_latest_yearly": 3.08,
            "eps_growth_yearly": 402.19
        },
        "20052": {
            "year_quarter": 20052,
            "year": 2005,
            "quarter": 2,
            "eps": -0.11,
            "eps_growth_year": -152.38,
            "eps_4q": 0.64,
            "eps_4q_growth_year": null,
            "roe": -0.89,
            "roe_4q": 5.85,
            "gross_profit": 101238,
            "gross_margin": 16.73,
            "gross_margin_4q_avg": 21.23,
            "net_income": -7745,
            "revenue": 605191,
            "common_shares": 694175,
            "book_valuer_per_share": 12.29,
            "book_valuer_per_share_4q_avg": 12.66,
            "equity": 853051,
            "current_ratio": 136.49,
            "debt_ratio": 62.34,
            "inventory_turnover_ratio": 1.31,
            "account_receivable_turnover_ratio": null,
            "reinvestment_rate": null,
            "research_to_sale_ratio": null,
            "price_fair": 68.6,
            "eps_avg_yearly": 1.96,
            "eps_latest_yearly": 3.08,
            "eps_growth_yearly": 402.19
        },
        "20053": {
            "year_quarter": 20053,
            "year": 2005,
            "quarter": 3,
            "eps": 0.74,
            "eps_growth_year": -3.9,
            "eps_4q": 0.7,
            "eps_4q_growth_year": null,
            "roe": 6.08,
            "roe_4q": 5.6899999999999995,
            "gross_profit": 143079,
            "gross_margin": 18.52,
            "gross_margin_4q_avg": 20.13,
            "net_income": 54217,
            "revenue": 772360,
            "common_shares": 732592,
            "book_valuer_per_share": 12.69,
            "book_valuer_per_share_4q_avg": 12.67,
            "equity": 929534,
            "current_ratio": 135.21,
            "debt_ratio": 61.4,
            "inventory_turnover_ratio": 1.57,
            "account_receivable_turnover_ratio": null,
            "reinvestment_rate": null,
            "research_to_sale_ratio": null,
            "price_fair": 68.6,
            "eps_avg_yearly": 1.96,
            "eps_latest_yearly": 3.08,
            "eps_growth_yearly": 402.19
        },
        "20054": {
            "year_quarter": 20054,
            "year": 2005,
            "quarter": 4,
            "eps": 0.59,
            "eps_growth_year": null,
            "eps_4q": 1.4,
            "eps_4q_growth_year": -0.2,
            "roe": 4.53,
            "roe_4q": 11.12,
            "gross_profit": 131962,
            "gross_margin": 17.13,
            "gross_margin_4q_avg": 18.44,
            "net_income": 43113,
            "revenue": 770328,
            "common_shares": 732592,
            "book_valuer_per_share": 13.23,
            "book_valuer_per_share_4q_avg": 12.78,
            "equity": 974426,
            "current_ratio": 122.74,
            "debt_ratio": 66.28,
            "inventory_turnover_ratio": 1.13,
            "account_receivable_turnover_ratio": null,
            "reinvestment_rate": null,
            "research_to_sale_ratio": null,
            "price_fair": 73.27,
            "eps_avg_yearly": 2.09,
            "eps_latest_yearly": 2.36,
            "eps_growth_yearly": 241.1
        },
        "20061": {
            "year_quarter": 20061,
            "year": 2006,
            "quarter": 1,
            "eps": 0.64,
            "eps_growth_year": 255.56,
            "eps_4q": 1.86,
            "eps_4q_growth_year": 100.57,
            "roe": 4.72,
            "roe_4q": 14.44,
            "gross_profit": 122054,
            "gross_margin": 17.98,
            "gross_margin_4q_avg": 17.59,
            "net_income": 46964,
            "revenue": 678698,
            "common_shares": 732592,
            "book_valuer_per_share": 13.85,
            "book_valuer_per_share_4q_avg": 13.02,
            "equity": 1014465,
            "current_ratio": 137.04,
            "debt_ratio": 56.05,
            "inventory_turnover_ratio": 1.01,
            "account_receivable_turnover_ratio": null,
            "reinvestment_rate": null,
            "research_to_sale_ratio": null,
            "price_fair": 77.35,
            "eps_avg_yearly": 2.21,
            "eps_latest_yearly": 2.56,
            "eps_growth_yearly": 189.3
        },
        "20062": {
            "year_quarter": 20062,
            "year": 2006,
            "quarter": 2,
            "eps": 0.44,
            "eps_growth_year": null,
            "eps_4q": 2.3,
            "eps_4q_growth_year": 261.1,
            "roe": 3.4,
            "roe_4q": 18.729999999999997,
            "gross_profit": 137447,
            "gross_margin": 17.59,
            "gross_margin_4q_avg": 17.81,
            "net_income": 34204,
            "revenue": 781192,
            "common_shares": 732592,
            "book_valuer_per_share": 13.63,
            "book_valuer_per_share_4q_avg": 13.35,
            "equity": 998497,
            "current_ratio": 128.18,
            "debt_ratio": 59.93,
            "inventory_turnover_ratio": 1.65,
            "account_receivable_turnover_ratio": null,
            "reinvestment_rate": null,
            "research_to_sale_ratio": null,
            "price_fair": 74.2,
            "eps_avg_yearly": 2.12,
            "eps_latest_yearly": 1.76,
            "eps_growth_yearly": 126.44
        },
        "20063": {
            "year_quarter": 20063,
            "year": 2006,
            "quarter": 3,
            "eps": 0.39,
            "eps_growth_year": -47.3,
            "eps_4q": 1.97,
            "eps_4q_growth_year": 180.49,
            "roe": 3,
            "roe_4q": 15.650000000000002,
            "gross_profit": 135831,
            "gross_margin": 17.14,
            "gross_margin_4q_avg": 17.46,
            "net_income": 30652,
            "revenue": 792592,
            "common_shares": 776535,
            "book_valuer_per_share": 13.43,
            "book_valuer_per_share_4q_avg": 13.54,
            "equity": 1042654,
            "current_ratio": 131.95,
            "debt_ratio": 60.48,
            "inventory_turnover_ratio": 1.68,
            "account_receivable_turnover_ratio": null,
            "reinvestment_rate": null,
            "research_to_sale_ratio": null,
            "price_fair": 70.93,
            "eps_avg_yearly": 2.03,
            "eps_latest_yearly": 1.56,
            "eps_growth_yearly": 97.79
        },
        "20064": {
            "year_quarter": 20064,
            "year": 2006,
            "quarter": 4,
            "eps": -0.61,
            "eps_growth_year": -203.39,
            "eps_4q": 1.63,
            "eps_4q_growth_year": 16.55,
            "roe": -4.61,
            "roe_4q": 6.51,
            "gross_profit": 95557,
            "gross_margin": 13.95,
            "gross_margin_4q_avg": 16.67,
            "net_income": -47018,
            "revenue": 684894,
            "common_shares": 776535,
            "book_valuer_per_share": 12.78,
            "book_valuer_per_share_4q_avg": 13.42,
            "equity": 997751,
            "current_ratio": 112.87,
            "debt_ratio": 69.94,
            "inventory_turnover_ratio": 1.05,
            "account_receivable_turnover_ratio": null,
            "reinvestment_rate": null,
            "research_to_sale_ratio": null,
            "price_fair": 70.93,
            "eps_avg_yearly": 2.03,
            "eps_latest_yearly": 1.56,
            "eps_growth_yearly": 97.79
        },
        "20071": {
            "year_quarter": 20071,
            "year": 2007,
            "quarter": 1,
            "eps": -0.12,
            "eps_growth_year": -118.75,
            "eps_4q": 0.08,
            "eps_4q_growth_year": -95.55,
            "roe": -0.96,
            "roe_4q": 0.8299999999999996,
            "gross_profit": 100688,
            "gross_margin": 16.55,
            "gross_margin_4q_avg": 16.31,
            "net_income": -10556,
            "revenue": 608285,
            "common_shares": 926535,
            "book_valuer_per_share": 12.89,
            "book_valuer_per_share_4q_avg": 13.18,
            "equity": 1194510,
            "current_ratio": 150.52,
            "debt_ratio": 55.55,
            "inventory_turnover_ratio": 0.94,
            "account_receivable_turnover_ratio": null,
            "reinvestment_rate": null,
            "research_to_sale_ratio": null,
            "price_fair": 70.93,
            "eps_avg_yearly": 2.03,
            "eps_latest_yearly": 1.56,
            "eps_growth_yearly": 97.79
        },
        "20072": {
            "year_quarter": 20072,
            "year": 2007,
            "quarter": 2,
            "eps": -2.15,
            "eps_growth_year": -588.64,
            "eps_4q": -2.34,
            "eps_4q_growth_year": -201.93,
            "roe": -17.66,
            "roe_4q": -20.23,
            "gross_profit": 92355,
            "gross_margin": 15.29,
            "gross_margin_4q_avg": 15.73,
            "net_income": -195792,
            "revenue": 604215,
            "common_shares": 951535,
            "book_valuer_per_share": 10.75,
            "book_valuer_per_share_4q_avg": 12.46,
            "equity": 1022454,
            "current_ratio": 99.17,
            "debt_ratio": 60.05,
            "inventory_turnover_ratio": 1.54,
            "account_receivable_turnover_ratio": null,
            "reinvestment_rate": null,
            "research_to_sale_ratio": null,
            "price_fair": 70.93,
            "eps_avg_yearly": 2.03,
            "eps_latest_yearly": 1.56,
            "eps_growth_yearly": 97.79
        },
        "20073": {
            "year_quarter": 20073,
            "year": 2007,
            "quarter": 3,
            "eps": 0.07,
            "eps_growth_year": -82.05,
            "eps_4q": -2.49,
            "eps_4q_growth_year": -226.09,
            "roe": 0.68,
            "roe_4q": -22.55,
            "gross_profit": 116426,
            "gross_margin": 16.57,
            "gross_margin_4q_avg": 15.59,
            "net_income": 6940,
            "revenue": 702515,
            "common_shares": 1012918,
            "book_valuer_per_share": 10.19,
            "book_valuer_per_share_4q_avg": 11.65,
            "equity": 1031716,
            "current_ratio": 107.32,
            "debt_ratio": 59.42,
            "inventory_turnover_ratio": 1.83,
            "account_receivable_turnover_ratio": null,
            "reinvestment_rate": null,
            "research_to_sale_ratio": null,
            "price_fair": 70.93,
            "eps_avg_yearly": 2.03,
            "eps_latest_yearly": 1.56,
            "eps_growth_yearly": 97.79
        },
        "20074": {
            "year_quarter": 20074,
            "year": 2007,
            "quarter": 4,
            "eps": -3.1,
            "eps_growth_year": null,
            "eps_4q": -5.13,
            "eps_4q_growth_year": -414.98,
            "roe": -34.84,
            "roe_4q": -52.78000000000001,
            "gross_profit": 84194,
            "gross_margin": 12.19,
            "gross_margin_4q_avg": 15.15,
            "net_income": -307611,
            "revenue": 690863,
            "common_shares": 1012918,
            "book_valuer_per_share": 7.17,
            "book_valuer_per_share_4q_avg": 10.25,
            "equity": 734234,
            "current_ratio": 100.23,
            "debt_ratio": 73.35,
            "inventory_turnover_ratio": 1.59,
            "account_receivable_turnover_ratio": null,
            "reinvestment_rate": null,
            "research_to_sale_ratio": null,
            "price_fair": 70.93,
            "eps_avg_yearly": 2.03,
            "eps_latest_yearly": 1.56,
            "eps_growth_yearly": 97.79
        },
        "20081": {
            "year_quarter": 20081,
            "year": 2008,
            "quarter": 1,
            "eps": -0.19,
            "eps_growth_year": null,
            "eps_4q": -4.53,
            "eps_4q_growth_year": -5577.03,
            "roe": -2.23,
            "roe_4q": -54.05,
            "gross_profit": 127933,
            "gross_margin": 17.72,
            "gross_margin_4q_avg": 15.44,
            "net_income": -21783,
            "revenue": 721808,
            "common_shares": 2012918,
            "book_valuer_per_share": 6.03,
            "book_valuer_per_share_4q_avg": 8.54,
            "equity": 1223420,
            "current_ratio": 133.79,
            "debt_ratio": 58.68,
            "inventory_turnover_ratio": 1.54,
            "account_receivable_turnover_ratio": null,
            "reinvestment_rate": null,
            "research_to_sale_ratio": null,
            "price_fair": 70.93,
            "eps_avg_yearly": 2.03,
            "eps_latest_yearly": 1.56,
            "eps_growth_yearly": 97.79
        },
        "20082": {
            "year_quarter": 20082,
            "year": 2008,
            "quarter": 2,
            "eps": 0.1,
            "eps_growth_year": null,
            "eps_4q": -1.88,
            "eps_4q_growth_year": null,
            "roe": 1.33,
            "roe_4q": -35.06,
            "gross_profit": 176085,
            "gross_margin": 21.67,
            "gross_margin_4q_avg": 17.04,
            "net_income": 16377,
            "revenue": 812564,
            "common_shares": 2012918,
            "book_valuer_per_share": 6.12,
            "book_valuer_per_share_4q_avg": 7.38,
            "equity": 1242542,
            "current_ratio": 125.34,
            "debt_ratio": 58.14,
            "inventory_turnover_ratio": 1.76,
            "account_receivable_turnover_ratio": null,
            "reinvestment_rate": null,
            "research_to_sale_ratio": null,
            "price_fair": 79.24,
            "eps_avg_yearly": 2.26,
            "eps_latest_yearly": 1.56,
            "eps_growth_yearly": 169.81
        },
        "20083": {
            "year_quarter": 20083,
            "year": 2008,
            "quarter": 3,
            "eps": 0.33,
            "eps_growth_year": 371.43,
            "eps_4q": -1.43,
            "eps_4q_growth_year": null,
            "roe": 4.64,
            "roe_4q": -31.100000000000005,
            "gross_profit": 169800,
            "gross_margin": 15.86,
            "gross_margin_4q_avg": 16.86,
            "net_income": 59507,
            "revenue": 1070587,
            "common_shares": 2012918,
            "book_valuer_per_share": 6.51,
            "book_valuer_per_share_4q_avg": 6.46,
            "equity": 1323763,
            "current_ratio": 128.13,
            "debt_ratio": 60.62,
            "inventory_turnover_ratio": 2.3,
            "account_receivable_turnover_ratio": null,
            "reinvestment_rate": null,
            "research_to_sale_ratio": null,
            "price_fair": 66.92,
            "eps_avg_yearly": 1.91,
            "eps_latest_yearly": 1.32,
            "eps_growth_yearly": 140.47
        },
        "20084": {
            "year_quarter": 20084,
            "year": 2008,
            "quarter": 4,
            "eps": 0.05,
            "eps_growth_year": null,
            "eps_4q": 0.23,
            "eps_4q_growth_year": null,
            "roe": 0.96,
            "roe_4q": 4.699999999999999,
            "gross_profit": 163067,
            "gross_margin": 20.92,
            "gross_margin_4q_avg": 19.04,
            "net_income": 12725,
            "revenue": 779359,
            "common_shares": 2012918,
            "book_valuer_per_share": 6.6,
            "book_valuer_per_share_4q_avg": 6.32,
            "equity": 1333453,
            "current_ratio": 130.02,
            "debt_ratio": 55.75,
            "inventory_turnover_ratio": 1.78,
            "account_receivable_turnover_ratio": 1.46,
            "reinvestment_rate": null,
            "research_to_sale_ratio": null,
            "price_fair": 56.93,
            "eps_avg_yearly": 1.63,
            "eps_latest_yearly": 0.2,
            "eps_growth_yearly": 60.49
        },
        "20091": {
            "year_quarter": 20091,
            "year": 2009,
            "quarter": 1,
            "eps": 0.05,
            "eps_growth_year": null,
            "eps_4q": 0.41,
            "eps_4q_growth_year": null,
            "roe": 0.85,
            "roe_4q": 7.779999999999999,
            "gross_profit": 130892,
            "gross_margin": 19.69,
            "gross_margin_4q_avg": 19.54,
            "net_income": 11514,
            "revenue": 664724,
            "common_shares": 2012918,
            "book_valuer_per_share": 6.73,
            "book_valuer_per_share_4q_avg": 6.49,
            "equity": 1361003,
            "current_ratio": 140.3,
            "debt_ratio": 51.67,
            "inventory_turnover_ratio": 1.91,
            "account_receivable_turnover_ratio": 0.71,
            "reinvestment_rate": null,
            "research_to_sale_ratio": null,
            "price_fair": 49.8,
            "eps_avg_yearly": 1.42,
            "eps_latest_yearly": 0.2,
            "eps_growth_yearly": 51.85
        },
        "20092": {
            "year_quarter": 20092,
            "year": 2009,
            "quarter": 2,
            "eps": 0.16,
            "eps_growth_year": 60,
            "eps_4q": 0.53,
            "eps_4q_growth_year": null,
            "roe": 2.44,
            "roe_4q": 8.89,
            "gross_profit": 183646,
            "gross_margin": 23.96,
            "gross_margin_4q_avg": 20.11,
            "net_income": 33422,
            "revenue": 766478,
            "common_shares": 2012918,
            "book_valuer_per_share": 6.82,
            "book_valuer_per_share_4q_avg": 6.67,
            "equity": 1378389,
            "current_ratio": 177.59,
            "debt_ratio": 52.57,
            "inventory_turnover_ratio": 2.24,
            "account_receivable_turnover_ratio": 0.87,
            "reinvestment_rate": null,
            "research_to_sale_ratio": null,
            "price_fair": 46.38,
            "eps_avg_yearly": 1.33,
            "eps_latest_yearly": 0.64,
            "eps_growth_yearly": 155.37
        },
        "20093": {
            "year_quarter": 20093,
            "year": 2009,
            "quarter": 3,
            "eps": 0.51,
            "eps_growth_year": 54.55,
            "eps_4q": 0.77,
            "eps_4q_growth_year": null,
            "roe": 7.29,
            "roe_4q": 11.54,
            "gross_profit": 283429,
            "gross_margin": 26.69,
            "gross_margin_4q_avg": 22.82,
            "net_income": 103760,
            "revenue": 1061827,
            "common_shares": 2012918,
            "book_valuer_per_share": 7.26,
            "book_valuer_per_share_4q_avg": 6.85,
            "equity": 1467599,
            "current_ratio": 180.35,
            "debt_ratio": 55.45,
            "inventory_turnover_ratio": 2.82,
            "account_receivable_turnover_ratio": 0.97,
            "reinvestment_rate": null,
            "research_to_sale_ratio": null,
            "price_fair": 49.16,
            "eps_avg_yearly": 1.4,
            "eps_latest_yearly": 2.04,
            "eps_growth_yearly": 235.33
        },
        "20094": {
            "year_quarter": 20094,
            "year": 2009,
            "quarter": 4,
            "eps": 0.36,
            "eps_growth_year": 620,
            "eps_4q": 1.09,
            "eps_4q_growth_year": 365.23,
            "roe": 4.87,
            "roe_4q": 15.45,
            "gross_profit": 240116,
            "gross_margin": 25.04,
            "gross_margin_4q_avg": 23.85,
            "net_income": 73148,
            "revenue": 958839,
            "common_shares": 2012918,
            "book_valuer_per_share": 7.59,
            "book_valuer_per_share_4q_avg": 7.1,
            "equity": 1535410,
            "current_ratio": 177.75,
            "debt_ratio": 52.12,
            "inventory_turnover_ratio": 2.28,
            "account_receivable_turnover_ratio": 1.65,
            "reinvestment_rate": null,
            "research_to_sale_ratio": null,
            "price_fair": 45.58,
            "eps_avg_yearly": 1.3,
            "eps_latest_yearly": 1.44,
            "eps_growth_yearly": 231.27
        },
        "20101": {
            "year_quarter": 20101,
            "year": 2010,
            "quarter": 1,
            "eps": 0.33,
            "eps_growth_year": 560,
            "eps_4q": 1.36,
            "eps_4q_growth_year": 233.54,
            "roe": 4.22,
            "roe_4q": 18.82,
            "gross_profit": 204667,
            "gross_margin": 21.14,
            "gross_margin_4q_avg": 24.21,
            "net_income": 66457,
            "revenue": 967998,
            "common_shares": 2012918,
            "book_valuer_per_share": 7.97,
            "book_valuer_per_share_4q_avg": 7.41,
            "equity": 1612726,
            "current_ratio": 191.1,
            "debt_ratio": 53.89,
            "inventory_turnover_ratio": 2.12,
            "account_receivable_turnover_ratio": 0.83,
            "reinvestment_rate": null,
            "research_to_sale_ratio": 3.08,
            "price_fair": 40.76,
            "eps_avg_yearly": 1.16,
            "eps_latest_yearly": 1.32,
            "eps_growth_yearly": 223.8
        },
        "20102": {
            "year_quarter": 20102,
            "year": 2010,
            "quarter": 2,
            "eps": 0.55,
            "eps_growth_year": 245.73,
            "eps_4q": 1.74,
            "eps_4q_growth_year": 228.75,
            "roe": 6.71,
            "roe_4q": 23.09,
            "gross_profit": 266822,
            "gross_margin": 23.11,
            "gross_margin_4q_avg": 24,
            "net_income": 113485,
            "revenue": 1154605,
            "common_shares": 2012918,
            "book_valuer_per_share": 8.76,
            "book_valuer_per_share_4q_avg": 7.9,
            "equity": 1771550,
            "current_ratio": 188.04,
            "debt_ratio": 53.78,
            "inventory_turnover_ratio": 2.21,
            "account_receivable_turnover_ratio": 0.9,
            "reinvestment_rate": null,
            "research_to_sale_ratio": 2.82,
            "price_fair": 42.47,
            "eps_avg_yearly": 1.21,
            "eps_latest_yearly": 2.2,
            "eps_growth_yearly": 267.32
        },
        "20103": {
            "year_quarter": 20103,
            "year": 2010,
            "quarter": 3,
            "eps": 0.45,
            "eps_growth_year": -12.17,
            "eps_4q": 1.66,
            "eps_4q_growth_year": 116.23,
            "roe": 5.11,
            "roe_4q": 20.91,
            "gross_profit": 276385,
            "gross_margin": 23.44,
            "gross_margin_4q_avg": 23.18,
            "net_income": 93515,
            "revenue": 1179224,
            "common_shares": 2034828,
            "book_valuer_per_share": 9.23,
            "book_valuer_per_share_4q_avg": 8.39,
            "equity": 1887009,
            "current_ratio": 195.15,
            "debt_ratio": 50.88,
            "inventory_turnover_ratio": 2.27,
            "account_receivable_turnover_ratio": 0.83,
            "reinvestment_rate": 68017.59,
            "research_to_sale_ratio": 2.99,
            "price_fair": 43.4,
            "eps_avg_yearly": 1.24,
            "eps_latest_yearly": 1.8,
            "eps_growth_yearly": 264.29
        },
        "20104": {
            "year_quarter": 20104,
            "year": 2010,
            "quarter": 4,
            "eps": 0.09,
            "eps_growth_year": -76.38,
            "eps_4q": 1.39,
            "eps_4q_growth_year": 28.14,
            "roe": 0.98,
            "roe_4q": 17.02,
            "gross_profit": 173315,
            "gross_margin": 18.2,
            "gross_margin_4q_avg": 21.47,
            "net_income": 18256,
            "revenue": 952174,
            "common_shares": 2062659,
            "book_valuer_per_share": 8.97,
            "book_valuer_per_share_4q_avg": 8.73,
            "equity": 1854853,
            "current_ratio": 199.67,
            "debt_ratio": 48.4,
            "inventory_turnover_ratio": 2.12,
            "account_receivable_turnover_ratio": 0.74,
            "reinvestment_rate": 1290,
            "research_to_sale_ratio": 3.57,
            "price_fair": 40.32,
            "eps_avg_yearly": 1.15,
            "eps_latest_yearly": 0.36,
            "eps_growth_yearly": 205.86
        },
        "20111": {
            "year_quarter": 20111,
            "year": 2011,
            "quarter": 1,
            "eps": 0.11,
            "eps_growth_year": -66.67,
            "eps_4q": 1.19,
            "eps_4q_growth_year": -12.68,
            "roe": 1.25,
            "roe_4q": 14.05,
            "gross_profit": 181893,
            "gross_margin": 19.75,
            "gross_margin_4q_avg": 21.13,
            "net_income": 23484,
            "revenue": 920819,
            "common_shares": 2069617,
            "book_valuer_per_share": 9.12,
            "book_valuer_per_share_4q_avg": 9.02,
            "equity": 1892394,
            "current_ratio": 196.85,
            "debt_ratio": 50.05,
            "inventory_turnover_ratio": 1.93,
            "account_receivable_turnover_ratio": 0.8,
            "reinvestment_rate": 1651.17,
            "research_to_sale_ratio": 3.38,
            "price_fair": 38.05,
            "eps_avg_yearly": 1.09,
            "eps_latest_yearly": 0.44,
            "eps_growth_yearly": 195.22
        },
        "20112": {
            "year_quarter": 20112,
            "year": 2011,
            "quarter": 2,
            "eps": 0.28,
            "eps_growth_year": -48.83,
            "eps_4q": 0.93,
            "eps_4q_growth_year": -46.75,
            "roe": 3.07,
            "roe_4q": 10.41,
            "gross_profit": 208895,
            "gross_margin": 18.89,
            "gross_margin_4q_avg": 20.07,
            "net_income": 58853,
            "revenue": 1105711,
            "common_shares": 2069987,
            "book_valuer_per_share": 9.33,
            "book_valuer_per_share_4q_avg": 9.16,
            "equity": 1936158,
            "current_ratio": 161.03,
            "debt_ratio": 51.09,
            "inventory_turnover_ratio": 2.05,
            "account_receivable_turnover_ratio": 0.87,
            "reinvestment_rate": 477.07,
            "research_to_sale_ratio": 2.58,
            "price_fair": 38.15,
            "eps_avg_yearly": 1.09,
            "eps_latest_yearly": 1.12,
            "eps_growth_yearly": 230.47
        },
        "20113": {
            "year_quarter": 20113,
            "year": 2011,
            "quarter": 3,
            "eps": 0.03,
            "eps_growth_year": -94.3,
            "eps_4q": 0.51,
            "eps_4q_growth_year": -69.62,
            "roe": 0.29,
            "roe_4q": 5.59,
            "gross_profit": 168315,
            "gross_margin": 17.47,
            "gross_margin_4q_avg": 18.58,
            "net_income": 5695,
            "revenue": 963439,
            "common_shares": 2069987,
            "book_valuer_per_share": 9.8,
            "book_valuer_per_share_4q_avg": 9.31,
            "equity": 2033592,
            "current_ratio": 166.43,
            "debt_ratio": 48.85,
            "inventory_turnover_ratio": 1.79,
            "account_receivable_turnover_ratio": 0.71,
            "reinvestment_rate": 506.33,
            "research_to_sale_ratio": 3.04,
            "price_fair": 35.54,
            "eps_avg_yearly": 1.02,
            "eps_latest_yearly": 0.12,
            "eps_growth_yearly": 185.27
        },
        "20114": {
            "year_quarter": 20114,
            "year": 2011,
            "quarter": 4,
            "eps": -0.03,
            "eps_growth_year": -132.47,
            "eps_4q": 0.44,
            "eps_4q_growth_year": -68.16,
            "roe": -0.24,
            "roe_4q": 4.369999999999999,
            "gross_profit": 153915,
            "gross_margin": 17.44,
            "gross_margin_4q_avg": 18.39,
            "net_income": -4961,
            "revenue": 882708,
            "common_shares": 1846168,
            "book_valuer_per_share": 10.99,
            "book_valuer_per_share_4q_avg": 9.81,
            "equity": 2034451,
            "current_ratio": 174.04,
            "debt_ratio": 47.01,
            "inventory_turnover_ratio": 1.74,
            "account_receivable_turnover_ratio": 0.69,
            "reinvestment_rate": 189.12,
            "research_to_sale_ratio": 3.07,
            "price_fair": 35.54,
            "eps_avg_yearly": 1.02,
            "eps_latest_yearly": 0.12,
            "eps_growth_yearly": 185.27
        },
        "20121": {
            "year_quarter": 20121,
            "year": 2012,
            "quarter": 1,
            "eps": 0,
            "eps_growth_year": -100,
            "eps_4q": 0.32,
            "eps_4q_growth_year": -73.14,
            "roe": 0.01,
            "roe_4q": 3.13,
            "gross_profit": 127126,
            "gross_margin": 17.39,
            "gross_margin_4q_avg": 17.8,
            "net_income": 278,
            "revenue": 731092,
            "common_shares": 1846168,
            "book_valuer_per_share": 10.8,
            "book_valuer_per_share_4q_avg": 10.23,
            "equity": 2000613,
            "current_ratio": 201.92,
            "debt_ratio": 39.44,
            "inventory_turnover_ratio": 1.62,
            "account_receivable_turnover_ratio": 0.65,
            "reinvestment_rate": 180.27,
            "research_to_sale_ratio": 3.3,
            "price_fair": 35.54,
            "eps_avg_yearly": 1.02,
            "eps_latest_yearly": 0.12,
            "eps_growth_yearly": 185.27
        },
        "20122": {
            "year_quarter": 20122,
            "year": 2012,
            "quarter": 2,
            "eps": 0.08,
            "eps_growth_year": -72.82,
            "eps_4q": 0.08,
            "eps_4q_growth_year": -91.55,
            "roe": 0.71,
            "roe_4q": 0.77,
            "gross_profit": 156302,
            "gross_margin": 17.74,
            "gross_margin_4q_avg": 17.51,
            "net_income": 14078,
            "revenue": 881015,
            "common_shares": 1846168,
            "book_valuer_per_share": 10.73,
            "book_valuer_per_share_4q_avg": 10.58,
            "equity": 1967313,
            "current_ratio": 194.75,
            "debt_ratio": 41.15,
            "inventory_turnover_ratio": 2.3,
            "account_receivable_turnover_ratio": 0.85,
            "reinvestment_rate": 178.18,
            "research_to_sale_ratio": 2.75,
            "price_fair": 35.54,
            "eps_avg_yearly": 1.02,
            "eps_latest_yearly": 0.12,
            "eps_growth_yearly": 185.27
        },
        "20123": {
            "year_quarter": 20123,
            "year": 2012,
            "quarter": 3,
            "eps": 0.12,
            "eps_growth_year": 373.3,
            "eps_4q": 0.17,
            "eps_4q_growth_year": -66.29,
            "roe": 1.11,
            "roe_4q": 1.59,
            "gross_profit": 167646,
            "gross_margin": 18.99,
            "gross_margin_4q_avg": 17.89,
            "net_income": 21839,
            "revenue": 882922,
            "common_shares": 1827718,
            "book_valuer_per_share": 10.78,
            "book_valuer_per_share_4q_avg": 10.83,
            "equity": 1976769,
            "current_ratio": 218.06,
            "debt_ratio": 36.05,
            "inventory_turnover_ratio": 2.3,
            "account_receivable_turnover_ratio": 0.86,
            "reinvestment_rate": 196.54,
            "research_to_sale_ratio": 2.79,
            "price_fair": 33.28,
            "eps_avg_yearly": 0.95,
            "eps_latest_yearly": 0.48,
            "eps_growth_yearly": 129.88
        },
        "20124": {
            "year_quarter": 20124,
            "year": 2012,
            "quarter": 4,
            "eps": -0.18,
            "eps_growth_year": null,
            "eps_4q": 0.03,
            "eps_4q_growth_year": -93.99,
            "roe": -1.61,
            "roe_4q": 0.21999999999999997,
            "gross_profit": 106659,
            "gross_margin": 15.32,
            "gross_margin_4q_avg": 17.36,
            "net_income": -31384,
            "revenue": 696263,
            "common_shares": 1827718,
            "book_valuer_per_share": 10.68,
            "book_valuer_per_share_4q_avg": 10.75,
            "equity": 1917488,
            "current_ratio": 223.24,
            "debt_ratio": 35.86,
            "inventory_turnover_ratio": 1.81,
            "account_receivable_turnover_ratio": 0.74,
            "reinvestment_rate": 197.51,
            "research_to_sale_ratio": 3.44,
            "price_fair": 35.47,
            "eps_avg_yearly": 1.01,
            "eps_latest_yearly": 0.48,
            "eps_growth_yearly": 168.99
        },
        "20131": {
            "year_quarter": 20131,
            "year": 2013,
            "quarter": 1,
            "eps": -0.2,
            "eps_growth_year": null,
            "eps_4q": -0.17,
            "eps_4q_growth_year": -153.96,
            "roe": -1.85,
            "roe_4q": -1.6399999999999997,
            "gross_profit": 79245,
            "gross_margin": 12.9,
            "gross_margin_4q_avg": 16.24,
            "net_income": -35468,
            "revenue": 614066,
            "common_shares": 1827718,
            "book_valuer_per_share": 10.64,
            "book_valuer_per_share_4q_avg": 10.71,
            "equity": 1909983,
            "current_ratio": 225.38,
            "debt_ratio": 34.37,
            "inventory_turnover_ratio": 1.61,
            "account_receivable_turnover_ratio": 0.73,
            "reinvestment_rate": -9.69,
            "research_to_sale_ratio": 4.22,
            "price_fair": 38.05,
            "eps_avg_yearly": 1.09,
            "eps_latest_yearly": 0.48,
            "eps_growth_yearly": 184.35
        },
        "20132": {
            "year_quarter": 20132,
            "year": 2013,
            "quarter": 2,
            "eps": -0.13,
            "eps_growth_year": -268.99,
            "eps_4q": -0.38,
            "eps_4q_growth_year": -588.44,
            "roe": -1.25,
            "roe_4q": -3.5999999999999996,
            "gross_profit": 106972,
            "gross_margin": 14.01,
            "gross_margin_4q_avg": 15.31,
            "net_income": -23554,
            "revenue": 763403,
            "common_shares": 1789668,
            "book_valuer_per_share": 10.41,
            "book_valuer_per_share_4q_avg": 10.63,
            "equity": 1869436,
            "current_ratio": 214.89,
            "debt_ratio": 37.56,
            "inventory_turnover_ratio": 1.79,
            "account_receivable_turnover_ratio": 0.92,
            "reinvestment_rate": -4.36,
            "research_to_sale_ratio": 3.58,
            "price_fair": 39.62,
            "eps_avg_yearly": 1.13,
            "eps_latest_yearly": 0.48,
            "eps_growth_yearly": 114.79
        },
        "20133": {
            "year_quarter": 20133,
            "year": 2013,
            "quarter": 3,
            "eps": -0.23,
            "eps_growth_year": -290.19,
            "eps_4q": -0.86,
            "eps_4q_growth_year": -606.55,
            "roe": -2.11,
            "roe_4q": -6.82,
            "gross_profit": 106035,
            "gross_margin": 13.51,
            "gross_margin_4q_avg": 13.94,
            "net_income": -35431,
            "revenue": 784912,
            "common_shares": 1460679,
            "book_valuer_per_share": 10.17,
            "book_valuer_per_share_4q_avg": 10.48,
            "equity": 1485505,
            "current_ratio": 159.68,
            "debt_ratio": 49.04,
            "inventory_turnover_ratio": 1.74,
            "account_receivable_turnover_ratio": 0.88,
            "reinvestment_rate": 3.17,
            "research_to_sale_ratio": 3.78,
            "price_fair": 36.09,
            "eps_avg_yearly": 1.03,
            "eps_latest_yearly": 0.48,
            "eps_growth_yearly": 30.32
        },
        "20134": {
            "year_quarter": 20134,
            "year": 2013,
            "quarter": 4,
            "eps": -0.49,
            "eps_growth_year": null,
            "eps_4q": -1.13,
            "eps_4q_growth_year": -4356,
            "roe": -4.85,
            "roe_4q": -10.059999999999999,
            "gross_profit": 117019,
            "gross_margin": 14.97,
            "gross_margin_4q_avg": 13.85,
            "net_income": -71074,
            "revenue": 781784,
            "common_shares": 1460679,
            "book_valuer_per_share": 9.91,
            "book_valuer_per_share_4q_avg": 10.28,
            "equity": 1448327,
            "current_ratio": 171.91,
            "debt_ratio": 44.58,
            "inventory_turnover_ratio": 1.75,
            "account_receivable_turnover_ratio": 0.82,
            "reinvestment_rate": -363.88,
            "research_to_sale_ratio": 3.6,
            "price_fair": 34.3,
            "eps_avg_yearly": 0.98,
            "eps_latest_yearly": 0.48,
            "eps_growth_yearly": 48.82
        },
        "20141": {
            "year_quarter": 20141,
            "year": 2014,
            "quarter": 1,
            "eps": -0.1,
            "eps_growth_year": null,
            "eps_4q": -0.99,
            "eps_4q_growth_year": null,
            "roe": -1.03,
            "roe_4q": -9.24,
            "gross_profit": 93612,
            "gross_margin": 14.85,
            "gross_margin_4q_avg": 14.34,
            "net_income": -14868,
            "revenue": 630572,
            "common_shares": 1460679,
            "book_valuer_per_share": 9.81,
            "book_valuer_per_share_4q_avg": 10.08,
            "equity": 1432935,
            "current_ratio": 161.87,
            "debt_ratio": 44.38,
            "inventory_turnover_ratio": 1.42,
            "account_receivable_turnover_ratio": 0.68,
            "reinvestment_rate": -657.28,
            "research_to_sale_ratio": 4.02,
            "price_fair": 32.6,
            "eps_avg_yearly": 0.93,
            "eps_latest_yearly": 0.48,
            "eps_growth_yearly": 60.55
        },
        "20142": {
            "year_quarter": 20142,
            "year": 2014,
            "quarter": 2,
            "eps": 0.07,
            "eps_growth_year": null,
            "eps_4q": -0.76,
            "eps_4q_growth_year": null,
            "roe": 0.73,
            "roe_4q": -7.26,
            "gross_profit": 130538,
            "gross_margin": 19.32,
            "gross_margin_4q_avg": 15.66,
            "net_income": 10395,
            "revenue": 675552,
            "common_shares": 1460679,
            "book_valuer_per_share": 9.78,
            "book_valuer_per_share_4q_avg": 9.92,
            "equity": 1428844,
            "current_ratio": 175.12,
            "debt_ratio": 41.77,
            "inventory_turnover_ratio": 1.49,
            "account_receivable_turnover_ratio": 0.82,
            "reinvestment_rate": -4250.58,
            "research_to_sale_ratio": 3.86,
            "price_fair": 25.2,
            "eps_avg_yearly": 0.72,
            "eps_latest_yearly": 0.48,
            "eps_growth_yearly": 26.2
        },
        "20143": {
            "year_quarter": 20143,
            "year": 2014,
            "quarter": 3,
            "eps": 0.06,
            "eps_growth_year": null,
            "eps_4q": -0.46,
            "eps_4q_growth_year": null,
            "roe": 0.61,
            "roe_4q": -4.54,
            "gross_profit": 132969,
            "gross_margin": 20.19,
            "gross_margin_4q_avg": 17.33,
            "net_income": 8854,
            "revenue": 658625,
            "common_shares": 1460679,
            "book_valuer_per_share": 10,
            "book_valuer_per_share_4q_avg": 9.88,
            "equity": 1462012,
            "current_ratio": 171.18,
            "debt_ratio": 41.97,
            "inventory_turnover_ratio": 1.46,
            "account_receivable_turnover_ratio": 0.83,
            "reinvestment_rate": null,
            "research_to_sale_ratio": 3.88,
            "price_fair": 16.1,
            "eps_avg_yearly": 0.46,
            "eps_latest_yearly": 0.24,
            "eps_growth_yearly": 28.8
        },
        "20144": {
            "year_quarter": 20144,
            "year": 2014,
            "quarter": 4,
            "eps": -0.02,
            "eps_growth_year": null,
            "eps_4q": 0,
            "eps_4q_growth_year": null,
            "roe": -0.23,
            "roe_4q": 0.07999999999999985,
            "gross_profit": 120543,
            "gross_margin": 18.37,
            "gross_margin_4q_avg": 18.18,
            "net_income": -3362,
            "revenue": 656174,
            "common_shares": 1460679,
            "book_valuer_per_share": 10.22,
            "book_valuer_per_share_4q_avg": 9.95,
            "equity": 1493055,
            "current_ratio": 182.5,
            "debt_ratio": 41.59,
            "inventory_turnover_ratio": 1.53,
            "account_receivable_turnover_ratio": 0.77,
            "reinvestment_rate": null,
            "research_to_sale_ratio": 3.6,
            "price_fair": 16.8,
            "eps_avg_yearly": 0.48,
            "eps_latest_yearly": 0.24,
            "eps_growth_yearly": 98.56
        },
        "20151": {
            "year_quarter": 20151,
            "year": 2015,
            "quarter": 1,
            "eps": -0.09,
            "eps_growth_year": null,
            "eps_4q": 0.01,
            "eps_4q_growth_year": null,
            "roe": -0.91,
            "roe_4q": 0.19999999999999984,
            "gross_profit": 99539,
            "gross_margin": 17.87,
            "gross_margin_4q_avg": 18.94,
            "net_income": -13468,
            "revenue": 556885,
            "common_shares": 1460679,
            "book_valuer_per_share": 10.06,
            "book_valuer_per_share_4q_avg": 10.02,
            "equity": 1469489,
            "current_ratio": 175.38,
            "debt_ratio": 39.92,
            "inventory_turnover_ratio": 1.38,
            "account_receivable_turnover_ratio": 0.69,
            "reinvestment_rate": null,
            "research_to_sale_ratio": 4.2,
            "price_fair": 17.15,
            "eps_avg_yearly": 0.49,
            "eps_latest_yearly": 0.24,
            "eps_growth_yearly": 100.97
        },
        "20152": {
            "year_quarter": 20152,
            "year": 2015,
            "quarter": 2,
            "eps": 0.02,
            "eps_growth_year": -71.43,
            "eps_4q": -0.03,
            "eps_4q_growth_year": null,
            "roe": 0.26,
            "roe_4q": -0.27,
            "gross_profit": 115770,
            "gross_margin": 18.27,
            "gross_margin_4q_avg": 18.68,
            "net_income": 3882,
            "revenue": 633580,
            "common_shares": 1460679,
            "book_valuer_per_share": 10.01,
            "book_valuer_per_share_4q_avg": 10.07,
            "equity": 1462008,
            "current_ratio": 178.48,
            "debt_ratio": 40.73,
            "inventory_turnover_ratio": 1.6,
            "account_receivable_turnover_ratio": 0.87,
            "reinvestment_rate": null,
            "research_to_sale_ratio": 3.72,
            "price_fair": 0.84,
            "eps_avg_yearly": 0.28,
            "eps_latest_yearly": 0.24,
            "eps_growth_yearly": -71.43
        },
        "20153": {
            "year_quarter": 20153,
            "year": 2015,
            "quarter": 3,
            "eps": 0.02,
            "eps_growth_year": -66.67,
            "eps_4q": -0.08,
            "eps_4q_growth_year": null,
            "roe": 0.14,
            "roe_4q": -0.74,
            "gross_profit": 116177,
            "gross_margin": 19.24,
            "gross_margin_4q_avg": 18.44,
            "net_income": 2013,
            "revenue": 603727,
            "common_shares": 1460679,
            "book_valuer_per_share": 10.34,
            "book_valuer_per_share_4q_avg": 10.16,
            "equity": 1510235,
            "current_ratio": 185.63,
            "debt_ratio": 41.53,
            "inventory_turnover_ratio": 1.45,
            "account_receivable_turnover_ratio": 0.83,
            "reinvestment_rate": null,
            "research_to_sale_ratio": 3.91,
            "price_fair": 9.33,
            "eps_avg_yearly": 0.27,
            "eps_latest_yearly": 0.08,
            "eps_growth_yearly": 47.62
        },
        "20154": {
            "year_quarter": 20154,
            "year": 2015,
            "quarter": 4,
            "eps": 0.1,
            "eps_growth_year": null,
            "eps_4q": 0.05,
            "eps_4q_growth_year": 960.46,
            "roe": 0.96,
            "roe_4q": 0.45000000000000007,
            "gross_profit": 122547,
            "gross_margin": 20.37,
            "gross_margin_4q_avg": 18.94,
            "net_income": 14370,
            "revenue": 601522,
            "common_shares": 1460679,
            "book_valuer_per_share": 10.19,
            "book_valuer_per_share_4q_avg": 10.15,
            "equity": 1487711,
            "current_ratio": 190.05,
            "debt_ratio": 40.49,
            "inventory_turnover_ratio": 1.44,
            "account_receivable_turnover_ratio": 0.84,
            "reinvestment_rate": null,
            "research_to_sale_ratio": 3.8,
            "price_fair": 10.5,
            "eps_avg_yearly": 0.3,
            "eps_latest_yearly": 0.4,
            "eps_growth_yearly": 435.71
        },
        "20161": {
            "year_quarter": 20161,
            "year": 2016,
            "quarter": 1,
            "eps": 0.02,
            "eps_growth_year": null,
            "eps_4q": 0.16,
            "eps_4q_growth_year": 1027.37,
            "roe": 0.22,
            "roe_4q": 1.5799999999999998,
            "gross_profit": 112333,
            "gross_margin": 20.38,
            "gross_margin_4q_avg": 19.57,
            "net_income": 3331,
            "revenue": 551204,
            "common_shares": 1460679,
            "book_valuer_per_share": 10.13,
            "book_valuer_per_share_4q_avg": 10.17,
            "equity": 1479490,
            "current_ratio": 190.71,
            "debt_ratio": 39.55,
            "inventory_turnover_ratio": 1.37,
            "account_receivable_turnover_ratio": 0.82,
            "reinvestment_rate": null,
            "research_to_sale_ratio": 3.74,
            "price_fair": 8.96,
            "eps_avg_yearly": 0.26,
            "eps_latest_yearly": 0.08,
            "eps_growth_yearly": 284.57
        },
        "20162": {
            "year_quarter": 20162,
            "year": 2016,
            "quarter": 2,
            "eps": 0.19,
            "eps_growth_year": 850,
            "eps_4q": 0.32,
            "eps_4q_growth_year": null,
            "roe": 1.85,
            "roe_4q": 3.1700000000000004,
            "gross_profit": 133796,
            "gross_margin": 23.3,
            "gross_margin_4q_avg": 20.82,
            "net_income": 27359,
            "revenue": 574222,
            "common_shares": 1460679,
            "book_valuer_per_share": 10.13,
            "book_valuer_per_share_4q_avg": 10.2,
            "equity": 1479602,
            "current_ratio": 196.06,
            "debt_ratio": 38.62,
            "inventory_turnover_ratio": 1.44,
            "account_receivable_turnover_ratio": 0.9,
            "reinvestment_rate": null,
            "research_to_sale_ratio": 3.51,
            "price_fair": 11.9,
            "eps_avg_yearly": 0.34,
            "eps_latest_yearly": 0.76,
            "eps_growth_yearly": 803.81
        },
        "20163": {
            "year_quarter": 20163,
            "year": 2016,
            "quarter": 3,
            "eps": 0.25,
            "eps_growth_year": 1150,
            "eps_4q": 0.56,
            "eps_4q_growth_year": null,
            "roe": 2.46,
            "roe_4q": 5.49,
            "gross_profit": 141838,
            "gross_margin": 25.11,
            "gross_margin_4q_avg": 22.29,
            "net_income": 36389,
            "revenue": 564822,
            "common_shares": 1460679,
            "book_valuer_per_share": 10.14,
            "book_valuer_per_share_4q_avg": 10.15,
            "equity": 1481379,
            "current_ratio": 204.55,
            "debt_ratio": 37.11,
            "inventory_turnover_ratio": 1.55,
            "account_receivable_turnover_ratio": 0.85,
            "reinvestment_rate": null,
            "research_to_sale_ratio": 3.64,
            "price_fair": 14.93,
            "eps_avg_yearly": 0.43,
            "eps_latest_yearly": 1,
            "eps_growth_yearly": 791.53
        },
        "20164": {
            "year_quarter": 20164,
            "year": 2016,
            "quarter": 4,
            "eps": 0.13,
            "eps_growth_year": 37.01,
            "eps_4q": 0.59,
            "eps_4q_growth_year": 1176.55,
            "roe": 1.33,
            "roe_4q": 5.86,
            "gross_profit": 133694,
            "gross_margin": 24.28,
            "gross_margin_4q_avg": 23.27,
            "net_income": 19688,
            "revenue": 550554,
            "common_shares": 1460679,
            "book_valuer_per_share": 10.19,
            "book_valuer_per_share_4q_avg": 10.15,
            "equity": 1489124,
            "current_ratio": 196.96,
            "debt_ratio": 39.31,
            "inventory_turnover_ratio": 1.61,
            "account_receivable_turnover_ratio": 0.81,
            "reinvestment_rate": null,
            "research_to_sale_ratio": 4,
            "price_fair": 15.4,
            "eps_avg_yearly": 0.44,
            "eps_latest_yearly": 0.52,
            "eps_growth_yearly": 651.02
        },
        "20171": {
            "year_quarter": 20171,
            "year": 2017,
            "quarter": 1,
            "eps": 0.22,
            "eps_growth_year": 1000,
            "eps_4q": 0.79,
            "eps_4q_growth_year": 389.55,
            "roe": 2.17,
            "roe_4q": 7.8100000000000005,
            "gross_profit": 135130,
            "gross_margin": 25.5,
            "gross_margin_4q_avg": 24.55,
            "net_income": 32079,
            "revenue": 529997,
            "common_shares": 1460679,
            "book_valuer_per_share": 10.05,
            "book_valuer_per_share_4q_avg": 10.13,
            "equity": 1467447,
            "current_ratio": 197.76,
            "debt_ratio": 39.35,
            "inventory_turnover_ratio": 1.51,
            "account_receivable_turnover_ratio": 0.82,
            "reinvestment_rate": null,
            "research_to_sale_ratio": 3.77,
            "price_fair": 17.33,
            "eps_avg_yearly": 0.5,
            "eps_latest_yearly": 0.88,
            "eps_growth_yearly": 604.26
        },
        "20172": {
            "year_quarter": 20172,
            "year": 2017,
            "quarter": 2,
            "eps": 0.29,
            "eps_growth_year": 52.63,
            "eps_4q": 0.92,
            "eps_4q_growth_year": 184.41,
            "roe": 2.75,
            "roe_4q": 8.71,
            "gross_profit": 149970,
            "gross_margin": 27.01,
            "gross_margin_4q_avg": 25.48,
            "net_income": 41215,
            "revenue": 555175,
            "common_shares": 1411467,
            "book_valuer_per_share": 10.83,
            "book_valuer_per_share_4q_avg": 10.3,
            "equity": 1528141,
            "current_ratio": 201.64,
            "debt_ratio": 39.04,
            "inventory_turnover_ratio": 1.55,
            "account_receivable_turnover_ratio": 0.88,
            "reinvestment_rate": -237.35,
            "research_to_sale_ratio": 3.74,
            "price_fair": 19.91,
            "eps_avg_yearly": 0.57,
            "eps_latest_yearly": 1.16,
            "eps_growth_yearly": 551.26
        },
        "20173": {
            "year_quarter": 20173,
            "year": 2017,
            "quarter": 3,
            "eps": 0.39,
            "eps_growth_year": 56,
            "eps_4q": 1.23,
            "eps_4q_growth_year": 121.41,
            "roe": 3.78,
            "roe_4q": 10.03,
            "gross_profit": 172860,
            "gross_margin": 28.66,
            "gross_margin_4q_avg": 26.36,
            "net_income": 55170,
            "revenue": 603140,
            "common_shares": 1200000,
            "book_valuer_per_share": 11.56,
            "book_valuer_per_share_4q_avg": 10.66,
            "equity": 1387020,
            "current_ratio": 168.23,
            "debt_ratio": 46.78,
            "inventory_turnover_ratio": 1.63,
            "account_receivable_turnover_ratio": 0.89,
            "reinvestment_rate": -105.98,
            "research_to_sale_ratio": 3.51,
            "price_fair": 23.38,
            "eps_avg_yearly": 0.67,
            "eps_latest_yearly": 1.56,
            "eps_growth_yearly": 509.93
        },
        "20174": {
            "year_quarter": 20174,
            "year": 2017,
            "quarter": 4,
            "eps": 0.28,
            "eps_growth_year": 110.65,
            "eps_4q": 1.35,
            "eps_4q_growth_year": 128.02,
            "roe": 2.43,
            "roe_4q": 11.13,
            "gross_profit": 175160,
            "gross_margin": 30.22,
            "gross_margin_4q_avg": 27.85,
            "net_income": 34072,
            "revenue": 579520,
            "common_shares": 1200000,
            "book_valuer_per_share": 11.85,
            "book_valuer_per_share_4q_avg": 11.07,
            "equity": 1421941,
            "current_ratio": 184.23,
            "debt_ratio": 42.5,
            "inventory_turnover_ratio": 1.55,
            "account_receivable_turnover_ratio": 0.81,
            "reinvestment_rate": -76.8,
            "research_to_sale_ratio": 3.67,
            "price_fair": 24.82,
            "eps_avg_yearly": 0.71,
            "eps_latest_yearly": 1.12,
            "eps_growth_yearly": 453.32
        },
        "20181": {
            "year_quarter": 20181,
            "year": 2018,
            "quarter": 1,
            "eps": 0.37,
            "eps_growth_year": 68.18,
            "eps_4q": 1.46,
            "eps_4q_growth_year": 84.56,
            "roe": 3.07,
            "roe_4q": 12.03,
            "gross_profit": 148911,
            "gross_margin": 24.44,
            "gross_margin_4q_avg": 27.58,
            "net_income": 44686,
            "revenue": 609207,
            "common_shares": 1200000,
            "book_valuer_per_share": 12.38,
            "book_valuer_per_share_4q_avg": 11.66,
            "equity": 1485237,
            "current_ratio": 182.83,
            "debt_ratio": 44.8,
            "inventory_turnover_ratio": 1.66,
            "account_receivable_turnover_ratio": 0.84,
            "reinvestment_rate": -50.27,
            "research_to_sale_ratio": 3.03,
            "price_fair": 27.07,
            "eps_avg_yearly": 0.77,
            "eps_latest_yearly": 1.48,
            "eps_growth_yearly": 426.25
        },
        "20182": {
            "year_quarter": 20182,
            "year": 2018,
            "quarter": 2,
            "eps": 0.47,
            "eps_growth_year": 62.07,
            "eps_4q": 1.59,
            "eps_4q_growth_year": 73.38,
            "roe": 3.9,
            "roe_4q": 13.18,
            "gross_profit": 166534,
            "gross_margin": 24.29,
            "gross_margin_4q_avg": 26.9,
            "net_income": 56774,
            "revenue": 685666,
            "common_shares": 1200000,
            "book_valuer_per_share": 11.87,
            "book_valuer_per_share_4q_avg": 11.92,
            "equity": 1424114,
            "current_ratio": 167.53,
            "debt_ratio": 48.89,
            "inventory_turnover_ratio": 1.7,
            "account_receivable_turnover_ratio": 0.92,
            "reinvestment_rate": -33.88,
            "research_to_sale_ratio": 2.87,
            "price_fair": 30.05,
            "eps_avg_yearly": 0.86,
            "eps_latest_yearly": 1.88,
            "eps_growth_yearly": 401.78
        },
        "20183": {
            "year_quarter": 20183,
            "year": 2018,
            "quarter": 3,
            "eps": 0.51,
            "eps_growth_year": 30.77,
            "eps_4q": 1.64,
            "eps_4q_growth_year": 32.72,
            "roe": 4.26,
            "roe_4q": 13.66,
            "gross_profit": 173636,
            "gross_margin": 25.91,
            "gross_margin_4q_avg": 26.22,
            "net_income": 61092,
            "revenue": 670159,
            "common_shares": 1200000,
            "book_valuer_per_share": 12.03,
            "book_valuer_per_share_4q_avg": 12.03,
            "equity": 1443733,
            "current_ratio": 176.64,
            "debt_ratio": 46.03,
            "inventory_turnover_ratio": 1.64,
            "account_receivable_turnover_ratio": 0.89,
            "reinvestment_rate": -30.83,
            "research_to_sale_ratio": 3.35,
            "price_fair": 34.89,
            "eps_avg_yearly": 1,
            "eps_latest_yearly": 2.04,
            "eps_growth_yearly": 408.8
        },
        "20184": {
            "year_quarter": 20184,
            "year": 2018,
            "quarter": 4,
            "eps": 0.26,
            "eps_growth_year": -9.82,
            "eps_4q": 1.61,
            "eps_4q_growth_year": 18.91,
            "roe": 2.09,
            "roe_4q": 13.32,
            "gross_profit": 158015,
            "gross_margin": 27.7,
            "gross_margin_4q_avg": 25.59,
            "net_income": 30797,
            "revenue": 570417,
            "common_shares": 1200000,
            "book_valuer_per_share": 12.32,
            "book_valuer_per_share_4q_avg": 12.15,
            "equity": 1498610,
            "current_ratio": 186.69,
            "debt_ratio": 44.25,
            "inventory_turnover_ratio": 1.47,
            "account_receivable_turnover_ratio": 0.8,
            "reinvestment_rate": -29.34,
            "research_to_sale_ratio": 5.05,
            "price_fair": 35,
            "eps_avg_yearly": 1,
            "eps_latest_yearly": 1.04,
            "eps_growth_yearly": 365.59
        },
        "20191": {
            "year_quarter": 20191,
            "year": 2019,
            "quarter": 1,
            "eps": 0.26,
            "eps_growth_year": -29.73,
            "eps_4q": 1.5,
            "eps_4q_growth_year": 2.59,
            "roe": 1.95,
            "roe_4q": 12.200000000000001,
            "gross_profit": 151985,
            "gross_margin": 27.86,
            "gross_margin_4q_avg": 26.44,
            "net_income": 29890,
            "revenue": 545561,
            "common_shares": 1200000,
            "book_valuer_per_share": 12.83,
            "book_valuer_per_share_4q_avg": 12.26,
            "equity": 1569140,
            "current_ratio": 190.97,
            "debt_ratio": 43.72,
            "inventory_turnover_ratio": 1.38,
            "account_receivable_turnover_ratio": 0.82,
            "reinvestment_rate": -14.23,
            "research_to_sale_ratio": 4.94,
            "price_fair": 35.09,
            "eps_avg_yearly": 1,
            "eps_latest_yearly": 1.04,
            "eps_growth_yearly": 341.22
        },
        "20192": {
            "year_quarter": 20192,
            "year": 2019,
            "quarter": 2,
            "eps": 0.49,
            "eps_growth_year": 4.26,
            "eps_4q": 1.51,
            "eps_4q_growth_year": -4.68,
            "roe": 3.84,
            "roe_4q": 12.14,
            "gross_profit": 167000,
            "gross_margin": 28.01,
            "gross_margin_4q_avg": 27.37,
            "net_income": 58361,
            "revenue": 596112,
            "common_shares": 1200000,
            "book_valuer_per_share": 12,
            "book_valuer_per_share_4q_avg": 12.3,
            "equity": 1468575,
            "current_ratio": 177.36,
            "debt_ratio": 47.74,
            "inventory_turnover_ratio": 1.52,
            "account_receivable_turnover_ratio": 0.91,
            "reinvestment_rate": -14.25,
            "research_to_sale_ratio": 4.13,
            "price_fair": 37.19,
            "eps_avg_yearly": 1.06,
            "eps_latest_yearly": 1.96,
            "eps_growth_yearly": 342.01
        },
        "20193": {
            "year_quarter": 20193,
            "year": 2019,
            "quarter": 3,
            "eps": 0.72,
            "eps_growth_year": 41.18,
            "eps_4q": 1.84,
            "eps_4q_growth_year": 12.31,
            "roe": 5.63,
            "roe_4q": 13.509999999999998,
            "gross_profit": 170931,
            "gross_margin": 31.2,
            "gross_margin_4q_avg": 28.69,
            "net_income": 80875,
            "revenue": 547846,
            "common_shares": 1100000,
            "book_valuer_per_share": 12.51,
            "book_valuer_per_share_4q_avg": 12.42,
            "equity": 1402876,
            "current_ratio": 160.18,
            "debt_ratio": 50.37,
            "inventory_turnover_ratio": 1.4,
            "account_receivable_turnover_ratio": 0.86,
            "reinvestment_rate": -17.09,
            "research_to_sale_ratio": 4.78,
            "price_fair": 43.31,
            "eps_avg_yearly": 1.24,
            "eps_latest_yearly": 2.88,
            "eps_growth_yearly": 353.74
        },
        "20194": {
            "year_quarter": 20194,
            "year": 2019,
            "quarter": 4,
            "eps": 0.34,
            "eps_growth_year": 33.74,
            "eps_4q": 1.9,
            "eps_4q_growth_year": 18.17,
            "roe": 2.54,
            "roe_4q": 13.959999999999999,
            "gross_profit": 167576,
            "gross_margin": 31.55,
            "gross_margin_4q_avg": 29.66,
            "net_income": 36682,
            "revenue": 531158,
            "common_shares": 1100000,
            "book_valuer_per_share": 12.72,
            "book_valuer_per_share_4q_avg": 12.52,
            "equity": 1484762,
            "current_ratio": 164.23,
            "debt_ratio": 45.93,
            "inventory_turnover_ratio": 1.37,
            "account_receivable_turnover_ratio": 0.88,
            "reinvestment_rate": -3.13,
            "research_to_sale_ratio": 5.03,
            "price_fair": 45.41,
            "eps_avg_yearly": 1.3,
            "eps_latest_yearly": 1.36,
            "eps_growth_yearly": 240.55
        },
        "20201": {
            "year_quarter": 20201,
            "year": 2020,
            "quarter": 1,
            "eps": 0.21,
            "eps_growth_year": -19.23,
            "eps_4q": 1.83,
            "eps_4q_growth_year": 22.5,
            "roe": 1.5,
            "roe_4q": 13.51,
            "gross_profit": 98775,
            "gross_margin": 25.29,
            "gross_margin_4q_avg": 29.01,
            "net_income": 22477,
            "revenue": 390534,
            "common_shares": 1100000,
            "book_valuer_per_share": 12.76,
            "book_valuer_per_share_4q_avg": 12.5,
            "equity": 1503526,
            "current_ratio": 167.96,
            "debt_ratio": 44.4,
            "inventory_turnover_ratio": 1.17,
            "account_receivable_turnover_ratio": 0.79,
            "reinvestment_rate": -5.8,
            "research_to_sale_ratio": 5.92,
            "price_fair": 47.08,
            "eps_avg_yearly": 1.35,
            "eps_latest_yearly": 0.84,
            "eps_growth_yearly": 250.99
        },
        "20202": {
            "year_quarter": 20202,
            "year": 2020,
            "quarter": 2,
            "eps": 0.8,
            "eps_growth_year": 63.27,
            "eps_4q": 2.11,
            "eps_4q_growth_year": 39.47,
            "roe": 6.03,
            "roe_4q": 15.7,
            "gross_profit": 204520,
            "gross_margin": 33.05,
            "gross_margin_4q_avg": 30.27,
            "net_income": 87071,
            "revenue": 618880,
            "common_shares": 1100000,
            "book_valuer_per_share": 11.77,
            "book_valuer_per_share_4q_avg": 12.44,
            "equity": 1383734,
            "current_ratio": 147.73,
            "debt_ratio": 52.26,
            "inventory_turnover_ratio": 1.62,
            "account_receivable_turnover_ratio": 1.22,
            "reinvestment_rate": -0.81,
            "research_to_sale_ratio": 4.07,
            "price_fair": 52.41,
            "eps_avg_yearly": 1.5,
            "eps_latest_yearly": 3.2,
            "eps_growth_yearly": 108.73
        },
        "20203": {
            "year_quarter": 20203,
            "year": 2020,
            "quarter": 3,
            "eps": 0.53,
            "eps_growth_year": -26.39,
            "eps_4q": 1.89,
            "eps_4q_growth_year": 2.96,
            "roe": 4.02,
            "roe_4q": 14.09,
            "gross_profit": 192469,
            "gross_margin": 32.8,
            "gross_margin_4q_avg": 30.67,
            "net_income": 57160,
            "revenue": 586758,
            "common_shares": 1100000,
            "book_valuer_per_share": 12.49,
            "book_valuer_per_share_4q_avg": 12.44,
            "equity": 1460516,
            "current_ratio": 163.07,
            "debt_ratio": 50,
            "inventory_turnover_ratio": 1.55,
            "account_receivable_turnover_ratio": 1.01,
            "reinvestment_rate": 1.48,
            "research_to_sale_ratio": 4.22,
            "price_fair": 54.86,
            "eps_avg_yearly": 1.57,
            "eps_latest_yearly": 2.12,
            "eps_growth_yearly": 92.39
        },
        "20204": {
            "year_quarter": 20204,
            "year": 2020,
            "quarter": 4,
            "eps": 0.28,
            "eps_growth_year": -18.24,
            "eps_4q": 1.83,
            "eps_4q_growth_year": -3.92,
            "roe": 1.99,
            "roe_4q": 13.54,
            "gross_profit": 166553,
            "gross_margin": 31.81,
            "gross_margin_4q_avg": 30.74,
            "net_income": 29606,
            "revenue": 523632,
            "common_shares": 1100000,
            "book_valuer_per_share": 12.98,
            "book_valuer_per_share_4q_avg": 12.5,
            "equity": 1512582,
            "current_ratio": 166.64,
            "debt_ratio": 49.32,
            "inventory_turnover_ratio": 1.51,
            "account_receivable_turnover_ratio": 0.95,
            "reinvestment_rate": 3.85,
            "research_to_sale_ratio": 4.63,
            "price_fair": 56.18,
            "eps_avg_yearly": 1.61,
            "eps_latest_yearly": 1.12,
            "eps_growth_yearly": 92.6
        },
        "20211": {
            "year_quarter": 20211,
            "year": 2021,
            "quarter": 1,
            "eps": 0.37,
            "eps_growth_year": 76.19,
            "eps_4q": 1.99,
            "eps_4q_growth_year": 8.59,
            "roe": 2.57,
            "roe_4q": 14.61,
            "gross_profit": 154771,
            "gross_margin": 28.38,
            "gross_margin_4q_avg": 31.51,
            "net_income": 39431,
            "revenue": 545361,
            "common_shares": 1100000,
            "book_valuer_per_share": 13.32,
            "book_valuer_per_share_4q_avg": 12.64,
            "equity": 1551178,
            "current_ratio": 164.14,
            "debt_ratio": 50.06,
            "inventory_turnover_ratio": 1.48,
            "account_receivable_turnover_ratio": 0.94,
            "reinvestment_rate": 7.62,
            "research_to_sale_ratio": 3.99,
            "price_fair": 57.49,
            "eps_avg_yearly": 1.64,
            "eps_latest_yearly": 1.48,
            "eps_growth_yearly": 83.33
        },
        "20212": {
            "year_quarter": 20212,
            "year": 2021,
            "quarter": 2,
            "eps": 0.44,
            "eps_growth_year": -45,
            "eps_4q": 1.63,
            "eps_4q_growth_year": -22.82,
            "roe": 2.98,
            "roe_4q": 11.559999999999999,
            "gross_profit": 171143,
            "gross_margin": 26.93,
            "gross_margin_4q_avg": 29.98,
            "net_income": 46539,
            "revenue": 635558,
            "common_shares": 1100000,
            "book_valuer_per_share": 13.58,
            "book_valuer_per_share_4q_avg": 13.09,
            "equity": 1576446,
            "current_ratio": 162.36,
            "debt_ratio": 51.7,
            "inventory_turnover_ratio": 1.43,
            "account_receivable_turnover_ratio": 0.95,
            "reinvestment_rate": 11.61,
            "research_to_sale_ratio": 3.32,
            "price_fair": 58.8,
            "eps_avg_yearly": 1.68,
            "eps_latest_yearly": 1.76,
            "eps_growth_yearly": 80.11
        },
        "20213": {
            "year_quarter": 20213,
            "year": 2021,
            "quarter": 3,
            "eps": 0.61,
            "eps_growth_year": 15.09,
            "eps_4q": 1.71,
            "eps_4q_growth_year": -10,
            "roe": 4.26,
            "roe_4q": 11.8,
            "gross_profit": 195383,
            "gross_margin": 27.93,
            "gross_margin_4q_avg": 28.76,
            "net_income": 64904,
            "revenue": 699552,
            "common_shares": 1100000,
            "book_valuer_per_share": 12.61,
            "book_valuer_per_share_4q_avg": 13.12,
            "equity": 1472272,
            "current_ratio": 155.14,
            "debt_ratio": 53.27,
            "inventory_turnover_ratio": 1.41,
            "account_receivable_turnover_ratio": 0.92,
            "reinvestment_rate": 13.48,
            "research_to_sale_ratio": 3.01,
            "price_fair": 60.73,
            "eps_avg_yearly": 1.74,
            "eps_latest_yearly": 2.44,
            "eps_growth_yearly": 81.14
        },
        "20214": {
            "year_quarter": 20214,
            "year": 2021,
            "quarter": 4,
            "eps": 0.44,
            "eps_growth_year": 55.75,
            "eps_4q": 1.86,
            "eps_4q_growth_year": 1.8,
            "roe": 3.02,
            "roe_4q": 12.83,
            "gross_profit": 174784,
            "gross_margin": 28.02,
            "gross_margin_4q_avg": 27.82,
            "net_income": 45271,
            "revenue": 623863,
            "common_shares": 1100000,
            "book_valuer_per_share": 13.15,
            "book_valuer_per_share_4q_avg": 13.17,
            "equity": 1528260,
            "current_ratio": 158.13,
            "debt_ratio": 52.41,
            "inventory_turnover_ratio": 1.17,
            "account_receivable_turnover_ratio": 0.79,
            "reinvestment_rate": 21.42,
            "research_to_sale_ratio": 3.43,
            "price_fair": 62.13,
            "eps_avg_yearly": 1.78,
            "eps_latest_yearly": 1.76,
            "eps_growth_yearly": 81.23
        },
        "20221": {
            "year_quarter": 20221,
            "year": 2022,
            "quarter": 1,
            "eps": 0.38,
            "eps_growth_year": 2.7,
            "eps_4q": 1.86,
            "eps_4q_growth_year": -6.46,
            "roe": 2.57,
            "roe_4q": 12.83,
            "gross_profit": 169926,
            "gross_margin": 26.6,
            "gross_margin_4q_avg": 27.37,
            "net_income": 38431,
            "revenue": 638926,
            "common_shares": 1100000,
            "book_valuer_per_share": 12.53,
            "book_valuer_per_share_4q_avg": 12.97,
            "equity": 1463453,
            "current_ratio": 150.49,
            "debt_ratio": 55.36,
            "inventory_turnover_ratio": 1.15,
            "account_receivable_turnover_ratio": 0.87,
            "reinvestment_rate": 18.93,
            "research_to_sale_ratio": 3.27,
            "price_fair": 62.21,
            "eps_avg_yearly": 1.78,
            "eps_latest_yearly": 1.52,
            "eps_growth_yearly": 69.78
        },
        "20222": {
            "year_quarter": 20222,
            "year": 2022,
            "quarter": 2,
            "eps": 0.73,
            "eps_growth_year": 65.91,
            "eps_4q": 2.15,
            "eps_4q_growth_year": 31.7,
            "roe": 5.45,
            "roe_4q": 15.299999999999999,
            "gross_profit": 174991,
            "gross_margin": 27.03,
            "gross_margin_4q_avg": 27.4,
            "net_income": 79194,
            "revenue": 647508,
            "common_shares": 1100000,
            "book_valuer_per_share": 13.04,
            "book_valuer_per_share_4q_avg": 12.83,
            "equity": 1442347,
            "current_ratio": 149.58,
            "debt_ratio": 56.49,
            "inventory_turnover_ratio": 1.17,
            "account_receivable_turnover_ratio": 0.92,
            "reinvestment_rate": 15.93,
            "research_to_sale_ratio": 3.09,
            "price_fair": 64.49,
            "eps_avg_yearly": 1.84,
            "eps_latest_yearly": 2.92,
            "eps_growth_yearly": 86.05
        },
        "20223": {
            "year_quarter": 20223,
            "year": 2022,
            "quarter": 3,
            "eps": 0.65,
            "eps_growth_year": 6.56,
            "eps_4q": 2.19,
            "eps_4q_growth_year": 28.3,
            "roe": 4.69,
            "roe_4q": 15.73,
            "gross_profit": 232963,
            "gross_margin": 28.44,
            "gross_margin_4q_avg": 27.52,
            "net_income": 77752,
            "revenue": 819282,
            "common_shares": 1100000,
            "book_valuer_per_share": 14.08,
            "book_valuer_per_share_4q_avg": 13.2,
            "equity": 1876763,
            "current_ratio": 139.76,
            "debt_ratio": 53.96,
            "inventory_turnover_ratio": 1.36,
            "account_receivable_turnover_ratio": 1.01,
            "reinvestment_rate": 34.81,
            "research_to_sale_ratio": 3.42,
            "price_fair": 65.71,
            "eps_avg_yearly": 1.88,
            "eps_latest_yearly": 2.6,
            "eps_growth_yearly": 81.18
        },
        "20224": {
            "year_quarter": 20224,
            "year": 2022,
            "quarter": 4,
            "eps": 0.33,
            "eps_growth_year": -25.47,
            "eps_4q": 2.08,
            "eps_4q_growth_year": 11.66,
            "roe": 3.47,
            "roe_4q": 16.18,
            "gross_profit": 193114,
            "gross_margin": 28.26,
            "gross_margin_4q_avg": 27.58,
            "net_income": 66358,
            "revenue": 683279,
            "common_shares": 1100000,
            "book_valuer_per_share": 14.16,
            "book_valuer_per_share_4q_avg": 13.45,
            "equity": 1945096,
            "current_ratio": 148.88,
            "debt_ratio": 49.58,
            "inventory_turnover_ratio": 1.17,
            "account_receivable_turnover_ratio": 0.81,
            "reinvestment_rate": 31.99,
            "research_to_sale_ratio": 5.43,
            "price_fair": 66.33,
            "eps_avg_yearly": 1.9,
            "eps_latest_yearly": 1.32,
            "eps_growth_yearly": 81.13
        },
        "20231": {
            "year_quarter": 20231,
            "year": 2023,
            "quarter": 1,
            "eps": 0.15,
            "eps_growth_year": -60.53,
            "eps_4q": 1.85,
            "eps_4q_growth_year": -0.59,
            "roe": 0.5,
            "roe_4q": 14.11,
            "gross_profit": 177852,
            "gross_margin": 29.01,
            "gross_margin_4q_avg": 28.19,
            "net_income": 9793,
            "revenue": 613120,
            "common_shares": 1100000,
            "book_valuer_per_share": 14.29,
            "book_valuer_per_share_4q_avg": 13.89,
            "equity": 1936743,
            "current_ratio": 153,
            "debt_ratio": 48.39,
            "inventory_turnover_ratio": 1.25,
            "account_receivable_turnover_ratio": 0.86,
            "reinvestment_rate": 25.21,
            "research_to_sale_ratio": 5.05,
            "price_fair": 65.36,
            "eps_avg_yearly": 1.87,
            "eps_latest_yearly": 0.6,
            "eps_growth_yearly": 67.5
        }
    },
    "months": {
        "2003-10": {
            "month": "2003-10",
            "price": "15.65",
            "revenue": 205022
        },
        "2003-11": {
            "month": "2003-11",
            "price": "16.69",
            "revenue": 205889
        },
        "2003-12": {
            "month": "2003-12",
            "price": "18.59",
            "revenue": 217823
        },
        "2004-01": {
            "month": "2004-01",
            "price": "16.23",
            "revenue": 180315
        },
        "2004-02": {
            "month": "2004-02",
            "price": "15.15",
            "revenue": 180180
        },
        "2004-03": {
            "month": "2004-03",
            "price": "17.43",
            "revenue": 211302
        },
        "2004-04": {
            "month": "2004-04",
            "price": "20.99",
            "revenue": 200857
        },
        "2004-05": {
            "month": "2004-05",
            "price": "20.32",
            "revenue": 176727
        },
        "2004-06": {
            "month": "2004-06",
            "price": "19.42",
            "revenue": 173053
        },
        "2004-07": {
            "month": "2004-07",
            "price": "20.32",
            "revenue": 184298
        },
        "2004-08": {
            "month": "2004-08",
            "price": "21.74",
            "revenue": 196340
        },
        "2004-09": {
            "month": "2004-09",
            "price": "21.62",
            "revenue": 191386
        },
        "2004-10": {
            "month": "2004-10",
            "price": "20.88",
            "revenue": 203155
        },
        "2004-11": {
            "month": "2004-11",
            "price": "19.36",
            "revenue": 228090
        },
        "2004-12": {
            "month": "2004-12",
            "price": "14.70",
            "revenue": 219469
        },
        "2005-01": {
            "month": "2005-01",
            "price": "14.38",
            "revenue": 218326
        },
        "2005-02": {
            "month": "2005-02",
            "price": "16.68",
            "revenue": 192625
        },
        "2005-03": {
            "month": "2005-03",
            "price": "17.04",
            "revenue": 216906
        },
        "2005-04": {
            "month": "2005-04",
            "price": "15.46",
            "revenue": 191577
        },
        "2005-05": {
            "month": "2005-05",
            "price": "14.43",
            "revenue": 197321
        },
        "2005-06": {
            "month": "2005-06",
            "price": "16.88",
            "revenue": 227172
        },
        "2005-07": {
            "month": "2005-07",
            "price": "17.14",
            "revenue": 231651
        },
        "2005-08": {
            "month": "2005-08",
            "price": "14.37",
            "revenue": 263225
        },
        "2005-09": {
            "month": "2005-09",
            "price": "13.06",
            "revenue": 257494
        },
        "2005-10": {
            "month": "2005-10",
            "price": "11.77",
            "revenue": 284784
        },
        "2005-11": {
            "month": "2005-11",
            "price": "12.60",
            "revenue": 263202
        },
        "2005-12": {
            "month": "2005-12",
            "price": "17.85",
            "revenue": 236447
        },
        "2006-01": {
            "month": "2006-01",
            "price": "21.13",
            "revenue": 227061
        },
        "2006-02": {
            "month": "2006-02",
            "price": "17.10",
            "revenue": 242874
        },
        "2006-03": {
            "month": "2006-03",
            "price": "16.47",
            "revenue": 306488
        },
        "2006-04": {
            "month": "2006-04",
            "price": "20.06",
            "revenue": 312542
        },
        "2006-05": {
            "month": "2006-05",
            "price": "22.10",
            "revenue": 291666
        },
        "2006-06": {
            "month": "2006-06",
            "price": "21.43",
            "revenue": 306170
        },
        "2006-07": {
            "month": "2006-07",
            "price": "21.29",
            "revenue": 316072
        },
        "2006-08": {
            "month": "2006-08",
            "price": "19.43",
            "revenue": 310828
        },
        "2006-09": {
            "month": "2006-09",
            "price": "15.76",
            "revenue": 316668
        },
        "2006-10": {
            "month": "2006-10",
            "price": "16.16",
            "revenue": 307824
        },
        "2006-11": {
            "month": "2006-11",
            "price": "16.66",
            "revenue": 292269
        },
        "2006-12": {
            "month": "2006-12",
            "price": "17.31",
            "revenue": 233872
        },
        "2007-01": {
            "month": "2007-01",
            "price": "17.33",
            "revenue": 262181
        },
        "2007-02": {
            "month": "2007-02",
            "price": "17.82",
            "revenue": 230044
        },
        "2007-03": {
            "month": "2007-03",
            "price": "18.30",
            "revenue": 280517
        },
        "2007-04": {
            "month": "2007-04",
            "price": "17.28",
            "revenue": 245438
        },
        "2007-05": {
            "month": "2007-05",
            "price": "14.65",
            "revenue": 231822
        },
        "2007-06": {
            "month": "2007-06",
            "price": "13.63",
            "revenue": 262710
        },
        "2007-07": {
            "month": "2007-07",
            "price": "14.12",
            "revenue": 270217
        },
        "2007-08": {
            "month": "2007-08",
            "price": "12.34",
            "revenue": 284885
        },
        "2007-09": {
            "month": "2007-09",
            "price": "9.30",
            "revenue": 292290
        },
        "2007-10": {
            "month": "2007-10",
            "price": "9.53",
            "revenue": 323078
        },
        "2007-11": {
            "month": "2007-11",
            "price": "9.82",
            "revenue": 279134
        },
        "2007-12": {
            "month": "2007-12",
            "price": "8.00",
            "revenue": 239399
        },
        "2008-01": {
            "month": "2008-01",
            "price": "7.31",
            "revenue": 246700
        },
        "2008-02": {
            "month": "2008-02",
            "price": "7.34",
            "revenue": 191376
        },
        "2008-03": {
            "month": "2008-03",
            "price": "8.71",
            "revenue": 260435
        },
        "2008-04": {
            "month": "2008-04",
            "price": "8.77",
            "revenue": 281309
        },
        "2008-05": {
            "month": "2008-05",
            "price": "8.61",
            "revenue": 294532
        },
        "2008-06": {
            "month": "2008-06",
            "price": "7.62",
            "revenue": 304962
        },
        "2008-07": {
            "month": "2008-07",
            "price": "6.16",
            "revenue": 337509
        },
        "2008-08": {
            "month": "2008-08",
            "price": "6.14",
            "revenue": 336751
        },
        "2008-09": {
            "month": "2008-09",
            "price": "5.35",
            "revenue": 365572
        },
        "2008-10": {
            "month": "2008-10",
            "price": "4.78",
            "revenue": 347370
        },
        "2008-11": {
            "month": "2008-11",
            "price": "4.48",
            "revenue": 268930
        },
        "2008-12": {
            "month": "2008-12",
            "price": "4.30",
            "revenue": 203213
        },
        "2009-01": {
            "month": "2009-01",
            "price": "4.13",
            "revenue": 148862
        },
        "2009-02": {
            "month": "2009-02",
            "price": "4.14",
            "revenue": 224380
        },
        "2009-03": {
            "month": "2009-03",
            "price": "4.78",
            "revenue": 282884
        },
        "2009-04": {
            "month": "2009-04",
            "price": "5.52",
            "revenue": 291101
        },
        "2009-05": {
            "month": "2009-05",
            "price": "6.78",
            "revenue": 254705
        },
        "2009-06": {
            "month": "2009-06",
            "price": "6.48",
            "revenue": 271443
        },
        "2009-07": {
            "month": "2009-07",
            "price": "6.63",
            "revenue": 332662
        },
        "2009-08": {
            "month": "2009-08",
            "price": "7.58",
            "revenue": 366405
        },
        "2009-09": {
            "month": "2009-09",
            "price": "13.05",
            "revenue": 380709
        },
        "2009-10": {
            "month": "2009-10",
            "price": "13.92",
            "revenue": 341939
        },
        "2009-11": {
            "month": "2009-11",
            "price": "13.85",
            "revenue": 318974
        },
        "2009-12": {
            "month": "2009-12",
            "price": "15.34",
            "revenue": 298733
        },
        "2010-01": {
            "month": "2010-01",
            "price": "14.78",
            "revenue": 325744
        },
        "2010-02": {
            "month": "2010-02",
            "price": "13.60",
            "revenue": 260548
        },
        "2010-03": {
            "month": "2010-03",
            "price": "14.85",
            "revenue": 396358
        },
        "2010-04": {
            "month": "2010-04",
            "price": "16.38",
            "revenue": 390541
        },
        "2010-05": {
            "month": "2010-05",
            "price": "17.39",
            "revenue": 423019
        },
        "2010-06": {
            "month": "2010-06",
            "price": "17.90",
            "revenue": 377257
        },
        "2010-07": {
            "month": "2010-07",
            "price": "17.57",
            "revenue": 392232
        },
        "2010-08": {
            "month": "2010-08",
            "price": "18.22",
            "revenue": 389202
        },
        "2010-09": {
            "month": "2010-09",
            "price": "17.36",
            "revenue": 373290
        },
        "2010-10": {
            "month": "2010-10",
            "price": "16.42",
            "revenue": 326026
        },
        "2010-11": {
            "month": "2010-11",
            "price": "15.81",
            "revenue": 313443
        },
        "2010-12": {
            "month": "2010-12",
            "price": "16.83",
            "revenue": 301727
        },
        "2011-01": {
            "month": "2011-01",
            "price": "15.83",
            "revenue": 320057
        },
        "2011-02": {
            "month": "2011-02",
            "price": "14.72",
            "revenue": 218309
        },
        "2011-03": {
            "month": "2011-03",
            "price": "14.02",
            "revenue": 394439
        },
        "2011-04": {
            "month": "2011-04",
            "price": "13.69",
            "revenue": 381277
        },
        "2011-05": {
            "month": "2011-05",
            "price": "12.88",
            "revenue": 370848
        },
        "2011-06": {
            "month": "2011-06",
            "price": "11.86",
            "revenue": 356715
        },
        "2011-07": {
            "month": "2011-07",
            "price": "10.08",
            "revenue": 325606
        },
        "2011-08": {
            "month": "2011-08",
            "price": "8.51",
            "revenue": 320984
        },
        "2011-09": {
            "month": "2011-09",
            "price": "8.21",
            "revenue": 324391
        },
        "2011-10": {
            "month": "2011-10",
            "price": "7.92",
            "revenue": 299285
        },
        "2011-11": {
            "month": "2011-11",
            "price": "7.24",
            "revenue": 297916
        },
        "2011-12": {
            "month": "2011-12",
            "price": "6.73",
            "revenue": 288026
        },
        "2012-01": {
            "month": "2012-01",
            "price": "7.65",
            "revenue": 224761
        },
        "2012-02": {
            "month": "2012-02",
            "price": "8.87",
            "revenue": 241360
        },
        "2012-03": {
            "month": "2012-03",
            "price": "9.24",
            "revenue": 298111
        },
        "2012-04": {
            "month": "2012-04",
            "price": "8.74",
            "revenue": 305255
        },
        "2012-05": {
            "month": "2012-05",
            "price": "8.61",
            "revenue": 299680
        },
        "2012-06": {
            "month": "2012-06",
            "price": "8.07",
            "revenue": 282072
        },
        "2012-07": {
            "month": "2012-07",
            "price": "7.76",
            "revenue": 288366
        },
        "2012-08": {
            "month": "2012-08",
            "price": "7.09",
            "revenue": 278623
        },
        "2012-09": {
            "month": "2012-09",
            "price": "7.04",
            "revenue": 274782
        },
        "2012-10": {
            "month": "2012-10",
            "price": "6.77",
            "revenue": 241609
        },
        "2012-11": {
            "month": "2012-11",
            "price": "6.80",
            "revenue": 233661
        },
        "2012-12": {
            "month": "2012-12",
            "price": "7.37",
            "revenue": 221411
        },
        "2013-01": {
            "month": "2013-01",
            "price": "7.33",
            "revenue": 233089
        },
        "2013-02": {
            "month": "2013-02",
            "price": "7.12",
            "revenue": 165495
        },
        "2013-03": {
            "month": "2013-03",
            "price": "7.24",
            "revenue": 215482
        },
        "2013-04": {
            "month": "2013-04",
            "price": "7.24",
            "revenue": 247152
        },
        "2013-05": {
            "month": "2013-05",
            "price": "7.49",
            "revenue": 269475
        },
        "2013-06": {
            "month": "2013-06",
            "price": "7.61",
            "revenue": 246776
        },
        "2013-07": {
            "month": "2013-07",
            "price": "7.53",
            "revenue": 267215
        },
        "2013-08": {
            "month": "2013-08",
            "price": "7.28",
            "revenue": 267424
        },
        "2013-09": {
            "month": "2013-09",
            "price": "7.12",
            "revenue": 250198
        },
        "2013-10": {
            "month": "2013-10",
            "price": "7.03",
            "revenue": 255146
        },
        "2013-11": {
            "month": "2013-11",
            "price": "6.26",
            "revenue": 276205
        },
        "2013-12": {
            "month": "2013-12",
            "price": "6.42",
            "revenue": 250508
        },
        "2014-01": {
            "month": "2014-01",
            "price": "7.43",
            "revenue": 240011
        },
        "2014-02": {
            "month": "2014-02",
            "price": "7.27",
            "revenue": 173980
        },
        "2014-03": {
            "month": "2014-03",
            "price": "7.76",
            "revenue": 216581
        },
        "2014-04": {
            "month": "2014-04",
            "price": "7.14",
            "revenue": 238629
        },
        "2014-05": {
            "month": "2014-05",
            "price": "7.33",
            "revenue": 233336
        },
        "2014-06": {
            "month": "2014-06",
            "price": "8.99",
            "revenue": 203587
        },
        "2014-07": {
            "month": "2014-07",
            "price": "10.10",
            "revenue": 225136
        },
        "2014-08": {
            "month": "2014-08",
            "price": "8.94",
            "revenue": 224355
        },
        "2014-09": {
            "month": "2014-09",
            "price": "8.00",
            "revenue": 209134
        },
        "2014-10": {
            "month": "2014-10",
            "price": "7.22",
            "revenue": 216771
        },
        "2014-11": {
            "month": "2014-11",
            "price": "7.30",
            "revenue": 224534
        },
        "2014-12": {
            "month": "2014-12",
            "price": "8.34",
            "revenue": 214868
        },
        "2015-01": {
            "month": "2015-01",
            "price": "8.89",
            "revenue": 215283
        },
        "2015-02": {
            "month": "2015-02",
            "price": "8.52",
            "revenue": 139340
        },
        "2015-03": {
            "month": "2015-03",
            "price": "8.50",
            "revenue": 202262
        },
        "2015-04": {
            "month": "2015-04",
            "price": "8.29",
            "revenue": 218920
        },
        "2015-05": {
            "month": "2015-05",
            "price": "7.31",
            "revenue": 215619
        },
        "2015-06": {
            "month": "2015-06",
            "price": "6.93",
            "revenue": 197781
        },
        "2015-07": {
            "month": "2015-07",
            "price": "6.66",
            "revenue": 188676
        },
        "2015-08": {
            "month": "2015-08",
            "price": "6.66",
            "revenue": 202880
        },
        "2015-09": {
            "month": "2015-09",
            "price": "6.63",
            "revenue": 212170
        },
        "2015-10": {
            "month": "2015-10",
            "price": "6.80",
            "revenue": 187522
        },
        "2015-11": {
            "month": "2015-11",
            "price": "6.56",
            "revenue": 206407
        },
        "2015-12": {
            "month": "2015-12",
            "price": "6.55",
            "revenue": 207592
        },
        "2016-01": {
            "month": "2016-01",
            "price": "6.29",
            "revenue": 208123
        },
        "2016-02": {
            "month": "2016-02",
            "price": "6.53",
            "revenue": 152300
        },
        "2016-03": {
            "month": "2016-03",
            "price": "6.71",
            "revenue": 190782
        },
        "2016-04": {
            "month": "2016-04",
            "price": "6.87",
            "revenue": 197768
        },
        "2016-05": {
            "month": "2016-05",
            "price": "6.52",
            "revenue": 187797
        },
        "2016-06": {
            "month": "2016-06",
            "price": "6.41",
            "revenue": 188827
        },
        "2016-07": {
            "month": "2016-07",
            "price": "6.71",
            "revenue": 181908
        },
        "2016-08": {
            "month": "2016-08",
            "price": "7.71",
            "revenue": 188918
        },
        "2016-09": {
            "month": "2016-09",
            "price": "7.83",
            "revenue": 193992
        },
        "2016-10": {
            "month": "2016-10",
            "price": "7.32",
            "revenue": 174399
        },
        "2016-11": {
            "month": "2016-11",
            "price": "7.87",
            "revenue": 194387
        },
        "2016-12": {
            "month": "2016-12",
            "price": "9.10",
            "revenue": 181774
        },
        "2017-01": {
            "month": "2017-01",
            "price": "10.34",
            "revenue": 184962
        },
        "2017-02": {
            "month": "2017-02",
            "price": "11.21",
            "revenue": 156635
        },
        "2017-03": {
            "month": "2017-03",
            "price": "13.11",
            "revenue": 188400
        },
        "2017-04": {
            "month": "2017-04",
            "price": "13.50",
            "revenue": 180239
        },
        "2017-05": {
            "month": "2017-05",
            "price": "14.96",
            "revenue": 187291
        },
        "2017-06": {
            "month": "2017-06",
            "price": "14.12",
            "revenue": 187645
        },
        "2017-07": {
            "month": "2017-07",
            "price": "12.44",
            "revenue": 199550
        },
        "2017-08": {
            "month": "2017-08",
            "price": "13.11",
            "revenue": 193864
        },
        "2017-09": {
            "month": "2017-09",
            "price": "16.45",
            "revenue": 210022
        },
        "2017-10": {
            "month": "2017-10",
            "price": "17.29",
            "revenue": 191873
        },
        "2017-11": {
            "month": "2017-11",
            "price": "22.58",
            "revenue": 197694
        },
        "2017-12": {
            "month": "2017-12",
            "price": "22.39",
            "revenue": 189571
        },
        "2018-01": {
            "month": "2018-01",
            "price": "22.47",
            "revenue": 197373
        },
        "2018-02": {
            "month": "2018-02",
            "price": "20.47",
            "revenue": 185440
        },
        "2018-03": {
            "month": "2018-03",
            "price": "21.78",
            "revenue": 226393
        },
        "2018-04": {
            "month": "2018-04",
            "price": "19.94",
            "revenue": 219496
        },
        "2018-05": {
            "month": "2018-05",
            "price": "19.00",
            "revenue": 227595
        },
        "2018-06": {
            "month": "2018-06",
            "price": "19.77",
            "revenue": 238576
        },
        "2018-07": {
            "month": "2018-07",
            "price": "21.74",
            "revenue": 229872
        },
        "2018-08": {
            "month": "2018-08",
            "price": "20.09",
            "revenue": 232683
        },
        "2018-09": {
            "month": "2018-09",
            "price": "18.12",
            "revenue": 207604
        },
        "2018-10": {
            "month": "2018-10",
            "price": "15.34",
            "revenue": 185438
        },
        "2018-11": {
            "month": "2018-11",
            "price": "15.48",
            "revenue": 197798
        },
        "2018-12": {
            "month": "2018-12",
            "price": "16.78",
            "revenue": 187181
        },
        "2019-01": {
            "month": "2019-01",
            "price": "18.16",
            "revenue": 200587
        },
        "2019-02": {
            "month": "2019-02",
            "price": "19.88",
            "revenue": 158454
        },
        "2019-03": {
            "month": "2019-03",
            "price": "19.85",
            "revenue": 186519
        },
        "2019-04": {
            "month": "2019-04",
            "price": "21.10",
            "revenue": 202793
        },
        "2019-05": {
            "month": "2019-05",
            "price": "18.97",
            "revenue": 198398
        },
        "2019-06": {
            "month": "2019-06",
            "price": "18.38",
            "revenue": 194797
        },
        "2019-07": {
            "month": "2019-07",
            "price": "18.08",
            "revenue": 183748
        },
        "2019-08": {
            "month": "2019-08",
            "price": "17.63",
            "revenue": 187742
        },
        "2019-09": {
            "month": "2019-09",
            "price": "17.45",
            "revenue": 176354
        },
        "2019-10": {
            "month": "2019-10",
            "price": "17.21",
            "revenue": 173251
        },
        "2019-11": {
            "month": "2019-11",
            "price": "19.04",
            "revenue": 183096
        },
        "2019-12": {
            "month": "2019-12",
            "price": "20.38",
            "revenue": 174814
        },
        "2020-01": {
            "month": "2020-01",
            "price": "19.59",
            "revenue": 161997
        },
        "2020-02": {
            "month": "2020-02",
            "price": "18.06",
            "revenue": 75891
        },
        "2020-03": {
            "month": "2020-03",
            "price": "15.28",
            "revenue": 152645
        },
        "2020-04": {
            "month": "2020-04",
            "price": "16.28",
            "revenue": 201132
        },
        "2020-05": {
            "month": "2020-05",
            "price": "18.92",
            "revenue": 204189
        },
        "2020-06": {
            "month": "2020-06",
            "price": "20.86",
            "revenue": 213559
        },
        "2020-07": {
            "month": "2020-07",
            "price": "20.98",
            "revenue": 205571
        },
        "2020-08": {
            "month": "2020-08",
            "price": "22.19",
            "revenue": 201375
        },
        "2020-09": {
            "month": "2020-09",
            "price": "24.42",
            "revenue": 179812
        },
        "2020-10": {
            "month": "2020-10",
            "price": "21.97",
            "revenue": 161234
        },
        "2020-11": {
            "month": "2020-11",
            "price": "22.73",
            "revenue": 181559
        },
        "2020-12": {
            "month": "2020-12",
            "price": "24.22",
            "revenue": 180839
        },
        "2021-01": {
            "month": "2021-01",
            "price": "25.23",
            "revenue": 189167
        },
        "2021-02": {
            "month": "2021-02",
            "price": "25.27",
            "revenue": 164493
        },
        "2021-03": {
            "month": "2021-03",
            "price": "27.49",
            "revenue": 191701
        },
        "2021-04": {
            "month": "2021-04",
            "price": "30.57",
            "revenue": 217454
        },
        "2021-05": {
            "month": "2021-05",
            "price": "26.05",
            "revenue": 212324
        },
        "2021-06": {
            "month": "2021-06",
            "price": "26.07",
            "revenue": 205780
        },
        "2021-07": {
            "month": "2021-07",
            "price": "26.51",
            "revenue": 244200
        },
        "2021-08": {
            "month": "2021-08",
            "price": "24.52",
            "revenue": 238023
        },
        "2021-09": {
            "month": "2021-09",
            "price": "22.78",
            "revenue": 217328
        },
        "2021-10": {
            "month": "2021-10",
            "price": "21.46",
            "revenue": 195813
        },
        "2021-11": {
            "month": "2021-11",
            "price": "22.78",
            "revenue": 217887
        },
        "2021-12": {
            "month": "2021-12",
            "price": "26.98",
            "revenue": 210163
        },
        "2022-01": {
            "month": "2022-01",
            "price": "28.03",
            "revenue": 221867
        },
        "2022-02": {
            "month": "2022-02",
            "price": "28.51",
            "revenue": 195568
        },
        "2022-03": {
            "month": "2022-03",
            "price": "27.16",
            "revenue": 221243
        },
        "2022-04": {
            "month": "2022-04",
            "price": "25.19",
            "revenue": 178302
        },
        "2022-05": {
            "month": "2022-05",
            "price": "25.43",
            "revenue": 233171
        },
        "2022-06": {
            "month": "2022-06",
            "price": "25.44",
            "revenue": 236035
        },
        "2022-07": {
            "month": "2022-07",
            "price": "24.86",
            "revenue": 294711
        },
        "2022-08": {
            "month": "2022-08",
            "price": "26.94",
            "revenue": 272572
        },
        "2022-09": {
            "month": "2022-09",
            "price": "26.44",
            "revenue": 251999
        },
        "2022-10": {
            "month": "2022-10",
            "price": "24.15",
            "revenue": 231042
        },
        "2022-11": {
            "month": "2022-11",
            "price": "25.13",
            "revenue": 242421
        },
        "2022-12": {
            "month": "2022-12",
            "price": "25.16",
            "revenue": 209816
        },
        "2023-01": {
            "month": "2023-01",
            "price": "24.75",
            "revenue": 189059
        },
        "2023-02": {
            "month": "2023-02",
            "price": "25.31",
            "revenue": 200498
        },
        "2023-03": {
            "month": "2023-03",
            "price": "26.42",
            "revenue": 223572
        },
        "2023-04": {
            "month": "2023-04",
            "price": "30.50",
            "revenue": 204602
        },
        "2023-05": {
            "month": "2023-05",
            "price": "33.02",
            "revenue": 198962
        }
    }
}
