{
    "summary": {
        "stock_name": "天方能源",
        "stock_id": "3073",
        "category": "綠能環保",
        "main_business": "能源技術服務<br>不動產租賃<br>單晶片微控制器及其他電子零組件買賣",
        "website_url": "https://www.tpenergy.com.tw",
        "ceo": "甘正智",
        "pe_ratio": -31,
        "report_year_from": 2002,
        "report_year_to": 2023,
        "age": 22,
        "eps_negative_percentage": 72,
        "eps_growth_avg": {
            "last_all": -55.3,
            "last_2y": -100,
            "last_4y": -100,
            "last_8y": -100,
            "last_12y": -100,
            "last_16y": -55.3,
            "last_20y": null,
            "at_2006_last_3y": null,
            "at_2007_last_3y": null,
            "at_2008_last_3y": null,
            "at_2009_last_3y": null,
            "at_2010_last_3y": -44.12,
            "at_2011_last_3y": -77.08,
            "at_2012_last_3y": -76.27,
            "at_2013_last_3y": -100,
            "at_2014_last_3y": null,
            "at_2015_last_3y": null,
            "at_2016_last_3y": null,
            "at_2017_last_3y": null,
            "at_2018_last_3y": null,
            "at_2019_last_3y": null,
            "at_2020_last_3y": null,
            "at_2021_last_3y": null,
            "at_2022_last_3y": null,
            "at_2023_last_3y": -100,
            "at_2024_last_3y": -100,
            "at_2006_last_all": null,
            "at_2007_last_all": null,
            "at_2008_last_all": -11.98,
            "at_2009_last_all": -25.5,
            "at_2010_last_all": -44.12,
            "at_2011_last_all": -44.12,
            "at_2012_last_all": -44.12,
            "at_2013_last_all": -44.12,
            "at_2014_last_all": -44.12,
            "at_2015_last_all": -44.12,
            "at_2016_last_all": -44.12,
            "at_2017_last_all": -44.12,
            "at_2018_last_all": -44.12,
            "at_2019_last_all": -44.12,
            "at_2020_last_all": -44.12,
            "at_2021_last_all": -44.12,
            "at_2022_last_all": -44.12,
            "at_2023_last_all": -55.3,
            "at_2024_last_all": -55.3
        },
        "latest_eps": -0.99,
        "latest_price": 30.45,
        "latest_roe": -7.36,
        "latest_gross_margin": 47.59,
        "latest_equity": 446314,
        "latest_revenue": 9767,
        "latest_gross_profit": 4648,
        "latest_net_income": -13921,
        "latest_debt_ratio": 66.38,
        "latest_current_ratio": 117.4,
        "latest_account_receivable_turnover_ratio": 3.91,
        "latest_inventory_turnover_ratio": 0.3,
        "latest_reinvestment_rate": null,
        "latest_research_to_sale_ratio": null
    },
    "eps_dividends": {
        "2001": {
            "cash": 0,
            "stock": 0,
            "eps": 0
        },
        "2002": {
            "cash": 1,
            "stock": 1,
            "eps": 0
        },
        "2003": {
            "cash": 0,
            "stock": 0,
            "eps": 0
        },
        "2004": {
            "cash": 0,
            "stock": 0,
            "eps": 0
        },
        "2005": {
            "cash": 0.5,
            "stock": 0,
            "eps": 0
        },
        "2006": {
            "cash": 0,
            "stock": 0,
            "eps": 1.79
        },
        "2007": {
            "cash": 0.89,
            "stock": 0.89,
            "eps": 2.77
        },
        "2008": {
            "cash": 1,
            "stock": 1,
            "eps": 0.59
        },
        "2009": {
            "cash": 0.53,
            "stock": 0,
            "eps": 0.28
        },
        "2010": {
            "cash": 0.18,
            "stock": 0,
            "eps": -4.06
        },
        "2011": {
            "cash": 0,
            "stock": 0,
            "eps": -1.98
        },
        "2012": {
            "cash": 0,
            "stock": 0,
            "eps": -10.21
        },
        "2013": {
            "cash": 0,
            "stock": 0,
            "eps": -0.15
        },
        "2014": {
            "cash": 0,
            "stock": 0,
            "eps": -1.46
        },
        "2015": {
            "cash": 0,
            "stock": 0,
            "eps": -0.65
        },
        "2016": {
            "cash": 0,
            "stock": 0,
            "eps": -0.01
        },
        "2017": {
            "cash": 0,
            "stock": 0,
            "eps": -0.68
        },
        "2018": {
            "cash": 0,
            "stock": 0,
            "eps": -0.53
        },
        "2019": {
            "cash": 0,
            "stock": 0,
            "eps": -1.83
        },
        "2020": {
            "cash": 0,
            "stock": 0,
            "eps": -0.47
        },
        "2021": {
            "cash": 0,
            "stock": 0,
            "eps": -3.21
        },
        "2022": {
            "cash": 0,
            "stock": 0,
            "eps": 0.88
        },
        "2023": {
            "cash": 0,
            "stock": 0,
            "eps": -0.99
        }
    },
    "dividends": {
        "2002-06-20": {
            "cash": 1,
            "stock": 1
        },
        "2005-06-27": {
            "cash": 0.5,
            "stock": 0
        },
        "2007-06-22": {
            "cash": 0.89,
            "stock": 0.89
        },
        "2008-03-24": {
            "cash": 1,
            "stock": 1
        },
        "2009-04-28": {
            "cash": 0.53,
            "stock": 0
        },
        "2010-03-18": {
            "cash": 0.18,
            "stock": 0
        }
    },
    "prices": {
        "200101": "無",
        "200102": "無",
        "200103": "無",
        "200104": "無",
        "200105": "無",
        "200106": "無",
        "200107": "無",
        "200108": "無",
        "200109": "無",
        "200110": "無",
        "200111": "無",
        "200112": "無",
        "200201": "無",
        "200202": "無",
        "200203": "無",
        "200204": "無",
        "200205": "無",
        "200206": "無",
        "200207": "無",
        "200208": "無",
        "200209": "無",
        "200210": "無",
        "200211": "無",
        "200212": "無",
        "200301": "無",
        "200302": "無",
        "200303": "無",
        "200304": "無",
        "200305": "無",
        "200306": "無",
        "200307": "無",
        "200308": "無",
        "200309": "無",
        "200310": "無",
        "200311": "無",
        "200312": "30.00",
        "200401": "32.00",
        "200402": "無",
        "200403": "無",
        "200404": "無",
        "200405": "26.37",
        "200406": "21.93",
        "200407": "18.76",
        "200408": "16.09",
        "200409": "無",
        "200410": "無",
        "200411": "無",
        "200412": "11.62",
        "200501": "8.10",
        "200502": "無",
        "200503": "10.62",
        "200504": "無",
        "200505": "15.54",
        "200506": "18.70",
        "200507": "18.20",
        "200508": "無",
        "200509": "無",
        "200510": "19.23",
        "200511": "20.38",
        "200512": "23.74",
        "200601": "29.15",
        "200602": "無",
        "200603": "30.80",
        "200604": "30.25",
        "200605": "31.75",
        "200606": "無",
        "200607": "無",
        "200608": "31.62",
        "200609": "29.35",
        "200610": "32.75",
        "200611": "35.80",
        "200612": "38.72",
        "200701": "42.37",
        "200702": "40.11",
        "200703": "38.57",
        "200704": "無",
        "200705": "42.16",
        "200706": "52.41",
        "200707": "58.10",
        "200708": "58.58",
        "200709": "51.82",
        "200710": "54.65",
        "200711": "55.82",
        "200712": "53.68",
        "200801": "46.59",
        "200802": "43.99",
        "200803": "48.09",
        "200804": "50.98",
        "200805": "54.93",
        "200806": "50.22",
        "200807": "42.22",
        "200808": "44.00",
        "200809": "38.59",
        "200810": "37.93",
        "200811": "36.80",
        "200812": "33.94",
        "200901": "33.81",
        "200902": "36.02",
        "200903": "39.25",
        "200904": "40.47",
        "200905": "40.59",
        "200906": "38.73",
        "200907": "39.51",
        "200908": "38.54",
        "200909": "38.24",
        "200910": "49.41",
        "200911": "46.70",
        "200912": "46.91",
        "201001": "46.22",
        "201002": "38.46",
        "201003": "40.56",
        "201004": "41.92",
        "201005": "32.05",
        "201006": "30.26",
        "201007": "30.65",
        "201008": "30.32",
        "201009": "26.50",
        "201010": "26.06",
        "201011": "25.74",
        "201012": "24.81",
        "201101": "21.73",
        "201102": "18.85",
        "201103": "20.20",
        "201104": "18.47",
        "201105": "16.26",
        "201106": "14.38",
        "201107": "14.49",
        "201108": "12.86",
        "201109": "12.32",
        "201110": "12.30",
        "201111": "12.78",
        "201112": "13.56",
        "201201": "11.84",
        "201202": "13.52",
        "201203": "17.53",
        "201204": "25.01",
        "201205": "22.74",
        "201206": "25.97",
        "201207": "26.28",
        "201208": "18.85",
        "201209": "17.16",
        "201210": "15.21",
        "201211": "5.96",
        "201212": "6.56",
        "201301": "5.19",
        "201302": "5.63",
        "201303": "4.98",
        "201304": "4.88",
        "201305": "5.07",
        "201306": "6.11",
        "201307": "6.02",
        "201308": "5.96",
        "201309": "5.84",
        "201310": "11.74",
        "201311": "9.61",
        "201312": "10.62",
        "201401": "9.73",
        "201402": "9.73",
        "201403": "9.84",
        "201404": "12.93",
        "201405": "14.10",
        "201406": "13.64",
        "201407": "14.41",
        "201408": "16.94",
        "201409": "14.90",
        "201410": "13.82",
        "201411": "13.19",
        "201412": "12.98",
        "201501": "13.22",
        "201502": "12.07",
        "201503": "12.19",
        "201504": "10.36",
        "201505": "9.28",
        "201506": "9.28",
        "201507": "7.81",
        "201508": "5.96",
        "201509": "5.66",
        "201510": "5.71",
        "201511": "5.89",
        "201512": "6.03",
        "201601": "6.94",
        "201602": "9.42",
        "201603": "8.89",
        "201604": "7.58",
        "201605": "7.24",
        "201606": "8.20",
        "201607": "12.41",
        "201608": "13.07",
        "201609": "12.54",
        "201610": "12.96",
        "201611": "12.62",
        "201612": "11.32",
        "201701": "10.82",
        "201702": "10.99",
        "201703": "10.89",
        "201704": "10.34",
        "201705": "10.14",
        "201706": "9.47",
        "201707": "9.52",
        "201708": "9.08",
        "201709": "9.27",
        "201710": "9.64",
        "201711": "8.95",
        "201712": "8.37",
        "201801": "8.82",
        "201802": "8.81",
        "201803": "11.84",
        "201804": "11.98",
        "201805": "10.05",
        "201806": "9.66",
        "201807": "8.25",
        "201808": "7.23",
        "201809": "6.62",
        "201810": "6.26",
        "201811": "5.29",
        "201812": "5.31",
        "201901": "5.96",
        "201902": "6.29",
        "201903": "5.87",
        "201904": "5.95",
        "201905": "5.71",
        "201906": "5.58",
        "201907": "5.68",
        "201908": "5.31",
        "201909": "4.12",
        "201910": "4.26",
        "201911": "4.09",
        "201912": "4.65",
        "202001": "10.10",
        "202002": "10.54",
        "202003": "8.68",
        "202004": "9.02",
        "202005": "8.07",
        "202006": "9.90",
        "202007": "11.88",
        "202008": "12.06",
        "202009": "無",
        "202010": "無",
        "202011": "無",
        "202012": "無",
        "202101": "無",
        "202102": "26.92",
        "202103": "31.15",
        "202104": "27.53",
        "202105": "24.96",
        "202106": "22.55",
        "202107": "22.43",
        "202108": "27.51",
        "202109": "27.22",
        "202110": "26.48",
        "202111": "25.42",
        "202112": "26.24",
        "202201": "25.81",
        "202202": "25.75",
        "202203": "28.66",
        "202204": "28.91",
        "202205": "23.88",
        "202206": "25.97",
        "202207": "27.08",
        "202208": "27.04",
        "202209": "28.73",
        "202210": "28.97",
        "202211": "28.92",
        "202212": "28.56",
        "202301": "30.65",
        "202302": "30.72",
        "202303": "無",
        "202304": "無",
        "202305": "無",
        "202306": "41.16",
        "202307": "37.38",
        "202308": "31.99",
        "202309": "29.86",
        "202310": "28.94",
        "202311": "26.95",
        "202312": "26.74",
        "202401": "26.26",
        "202402": "31.18",
        "202403": "31.65",
        "202404": "無"
    },
    "quarters": {
        "20011": {
            "year_quarter": 20011,
            "year": 2001,
            "quarter": 1,
            "eps": null,
            "eps_growth_year": null,
            "eps_4q": null,
            "eps_4q_growth_year": null,
            "roe": null,
            "roe_4q": 0,
            "gross_profit": null,
            "gross_margin": null,
            "gross_margin_4q_avg": 0,
            "net_income": null,
            "net_income_4q": null,
            "revenue": null,
            "revenue_4q": null,
            "common_shares": null,
            "book_valuer_per_share": null,
            "book_valuer_per_share_4q_avg": 0,
            "equity": null,
            "current_ratio": null,
            "debt_ratio": null,
            "inventory_turnover_ratio": null,
            "account_receivable_turnover_ratio": null,
            "reinvestment_rate": null,
            "research_to_sale_ratio": null,
            "price_fair": 0,
            "eps_avg_yearly": 0,
            "eps_latest_yearly": 0,
            "eps_growth_yearly": 0
        },
        "20012": {
            "year_quarter": 20012,
            "year": 2001,
            "quarter": 2,
            "eps": null,
            "eps_growth_year": null,
            "eps_4q": null,
            "eps_4q_growth_year": null,
            "roe": null,
            "roe_4q": 0,
            "gross_profit": null,
            "gross_margin": null,
            "gross_margin_4q_avg": 0,
            "net_income": null,
            "net_income_4q": null,
            "revenue": null,
            "revenue_4q": null,
            "common_shares": null,
            "book_valuer_per_share": null,
            "book_valuer_per_share_4q_avg": 0,
            "equity": null,
            "current_ratio": null,
            "debt_ratio": null,
            "inventory_turnover_ratio": null,
            "account_receivable_turnover_ratio": null,
            "reinvestment_rate": null,
            "research_to_sale_ratio": null,
            "price_fair": 0,
            "eps_avg_yearly": 0,
            "eps_latest_yearly": 0,
            "eps_growth_yearly": 0
        },
        "20013": {
            "year_quarter": 20013,
            "year": 2001,
            "quarter": 3,
            "eps": null,
            "eps_growth_year": null,
            "eps_4q": null,
            "eps_4q_growth_year": null,
            "roe": null,
            "roe_4q": 0,
            "gross_profit": null,
            "gross_margin": null,
            "gross_margin_4q_avg": 0,
            "net_income": null,
            "net_income_4q": null,
            "revenue": null,
            "revenue_4q": null,
            "common_shares": null,
            "book_valuer_per_share": null,
            "book_valuer_per_share_4q_avg": 0,
            "equity": null,
            "current_ratio": null,
            "debt_ratio": null,
            "inventory_turnover_ratio": null,
            "account_receivable_turnover_ratio": null,
            "reinvestment_rate": null,
            "research_to_sale_ratio": null,
            "price_fair": 0,
            "eps_avg_yearly": 0,
            "eps_latest_yearly": 0,
            "eps_growth_yearly": 0
        },
        "20014": {
            "year_quarter": 20014,
            "year": 2001,
            "quarter": 4,
            "eps": null,
            "eps_growth_year": null,
            "eps_4q": null,
            "eps_4q_growth_year": null,
            "roe": null,
            "roe_4q": 0,
            "gross_profit": null,
            "gross_margin": null,
            "gross_margin_4q_avg": 0,
            "net_income": null,
            "net_income_4q": null,
            "revenue": null,
            "revenue_4q": null,
            "common_shares": 216700,
            "book_valuer_per_share": 15.12,
            "book_valuer_per_share_4q_avg": 3.78,
            "equity": 327699,
            "current_ratio": 298.95,
            "debt_ratio": 21.57,
            "inventory_turnover_ratio": null,
            "account_receivable_turnover_ratio": null,
            "reinvestment_rate": null,
            "research_to_sale_ratio": null,
            "price_fair": 0,
            "eps_avg_yearly": 0,
            "eps_latest_yearly": 0,
            "eps_growth_yearly": 0
        },
        "20021": {
            "year_quarter": 20021,
            "year": 2002,
            "quarter": 1,
            "eps": null,
            "eps_growth_year": null,
            "eps_4q": null,
            "eps_4q_growth_year": null,
            "roe": null,
            "roe_4q": 0,
            "gross_profit": null,
            "gross_margin": null,
            "gross_margin_4q_avg": 0,
            "net_income": null,
            "net_income_4q": null,
            "revenue": null,
            "revenue_4q": null,
            "common_shares": null,
            "book_valuer_per_share": null,
            "book_valuer_per_share_4q_avg": 3.78,
            "equity": null,
            "current_ratio": null,
            "debt_ratio": null,
            "inventory_turnover_ratio": null,
            "account_receivable_turnover_ratio": null,
            "reinvestment_rate": null,
            "research_to_sale_ratio": null,
            "price_fair": 0,
            "eps_avg_yearly": 0,
            "eps_latest_yearly": 0,
            "eps_growth_yearly": 0
        },
        "20022": {
            "year_quarter": 20022,
            "year": 2002,
            "quarter": 2,
            "eps": null,
            "eps_growth_year": null,
            "eps_4q": null,
            "eps_4q_growth_year": null,
            "roe": null,
            "roe_4q": 0,
            "gross_profit": null,
            "gross_margin": null,
            "gross_margin_4q_avg": 0,
            "net_income": null,
            "net_income_4q": null,
            "revenue": null,
            "revenue_4q": null,
            "common_shares": null,
            "book_valuer_per_share": null,
            "book_valuer_per_share_4q_avg": 3.78,
            "equity": null,
            "current_ratio": null,
            "debt_ratio": null,
            "inventory_turnover_ratio": null,
            "account_receivable_turnover_ratio": null,
            "reinvestment_rate": null,
            "research_to_sale_ratio": null,
            "price_fair": 0,
            "eps_avg_yearly": 0,
            "eps_latest_yearly": 0,
            "eps_growth_yearly": 0
        },
        "20023": {
            "year_quarter": 20023,
            "year": 2002,
            "quarter": 3,
            "eps": null,
            "eps_growth_year": null,
            "eps_4q": null,
            "eps_4q_growth_year": null,
            "roe": null,
            "roe_4q": 0,
            "gross_profit": null,
            "gross_margin": null,
            "gross_margin_4q_avg": 0,
            "net_income": null,
            "net_income_4q": null,
            "revenue": null,
            "revenue_4q": null,
            "common_shares": null,
            "book_valuer_per_share": null,
            "book_valuer_per_share_4q_avg": 3.78,
            "equity": null,
            "current_ratio": null,
            "debt_ratio": null,
            "inventory_turnover_ratio": null,
            "account_receivable_turnover_ratio": null,
            "reinvestment_rate": null,
            "research_to_sale_ratio": null,
            "price_fair": 0,
            "eps_avg_yearly": 0,
            "eps_latest_yearly": 0,
            "eps_growth_yearly": 0
        },
        "20024": {
            "year_quarter": 20024,
            "year": 2002,
            "quarter": 4,
            "eps": null,
            "eps_growth_year": null,
            "eps_4q": null,
            "eps_4q_growth_year": null,
            "roe": null,
            "roe_4q": 0,
            "gross_profit": null,
            "gross_margin": null,
            "gross_margin_4q_avg": 0,
            "net_income": null,
            "net_income_4q": null,
            "revenue": null,
            "revenue_4q": null,
            "common_shares": 244500,
            "book_valuer_per_share": 13.37,
            "book_valuer_per_share_4q_avg": 3.34,
            "equity": 327000,
            "current_ratio": 310.72,
            "debt_ratio": 20.81,
            "inventory_turnover_ratio": null,
            "account_receivable_turnover_ratio": null,
            "reinvestment_rate": null,
            "research_to_sale_ratio": null,
            "price_fair": 0,
            "eps_avg_yearly": 0,
            "eps_latest_yearly": 0,
            "eps_growth_yearly": 0
        },
        "20031": {
            "year_quarter": 20031,
            "year": 2003,
            "quarter": 1,
            "eps": null,
            "eps_growth_year": null,
            "eps_4q": null,
            "eps_4q_growth_year": null,
            "roe": null,
            "roe_4q": 0,
            "gross_profit": null,
            "gross_margin": null,
            "gross_margin_4q_avg": 0,
            "net_income": null,
            "net_income_4q": null,
            "revenue": null,
            "revenue_4q": null,
            "common_shares": null,
            "book_valuer_per_share": null,
            "book_valuer_per_share_4q_avg": 3.34,
            "equity": null,
            "current_ratio": null,
            "debt_ratio": null,
            "inventory_turnover_ratio": null,
            "account_receivable_turnover_ratio": null,
            "reinvestment_rate": null,
            "research_to_sale_ratio": null,
            "price_fair": 0,
            "eps_avg_yearly": 0,
            "eps_latest_yearly": 0,
            "eps_growth_yearly": 0
        },
        "20032": {
            "year_quarter": 20032,
            "year": 2003,
            "quarter": 2,
            "eps": null,
            "eps_growth_year": null,
            "eps_4q": null,
            "eps_4q_growth_year": null,
            "roe": null,
            "roe_4q": 0,
            "gross_profit": null,
            "gross_margin": null,
            "gross_margin_4q_avg": 0,
            "net_income": null,
            "net_income_4q": null,
            "revenue": null,
            "revenue_4q": null,
            "common_shares": null,
            "book_valuer_per_share": null,
            "book_valuer_per_share_4q_avg": 3.34,
            "equity": null,
            "current_ratio": null,
            "debt_ratio": null,
            "inventory_turnover_ratio": null,
            "account_receivable_turnover_ratio": null,
            "reinvestment_rate": null,
            "research_to_sale_ratio": null,
            "price_fair": 0,
            "eps_avg_yearly": 0,
            "eps_latest_yearly": 0,
            "eps_growth_yearly": 0
        },
        "20033": {
            "year_quarter": 20033,
            "year": 2003,
            "quarter": 3,
            "eps": null,
            "eps_growth_year": null,
            "eps_4q": null,
            "eps_4q_growth_year": null,
            "roe": null,
            "roe_4q": 0,
            "gross_profit": null,
            "gross_margin": null,
            "gross_margin_4q_avg": 0,
            "net_income": null,
            "net_income_4q": null,
            "revenue": null,
            "revenue_4q": null,
            "common_shares": null,
            "book_valuer_per_share": null,
            "book_valuer_per_share_4q_avg": 3.34,
            "equity": null,
            "current_ratio": null,
            "debt_ratio": null,
            "inventory_turnover_ratio": null,
            "account_receivable_turnover_ratio": null,
            "reinvestment_rate": null,
            "research_to_sale_ratio": null,
            "price_fair": 0,
            "eps_avg_yearly": 0,
            "eps_latest_yearly": 0,
            "eps_growth_yearly": 0
        },
        "20034": {
            "year_quarter": 20034,
            "year": 2003,
            "quarter": 4,
            "eps": null,
            "eps_growth_year": null,
            "eps_4q": null,
            "eps_4q_growth_year": null,
            "roe": null,
            "roe_4q": 0,
            "gross_profit": null,
            "gross_margin": null,
            "gross_margin_4q_avg": 0,
            "net_income": null,
            "net_income_4q": null,
            "revenue": null,
            "revenue_4q": null,
            "common_shares": 244500,
            "book_valuer_per_share": 14.37,
            "book_valuer_per_share_4q_avg": 3.59,
            "equity": 351443,
            "current_ratio": 260.19,
            "debt_ratio": 24.98,
            "inventory_turnover_ratio": null,
            "account_receivable_turnover_ratio": null,
            "reinvestment_rate": null,
            "research_to_sale_ratio": null,
            "price_fair": 0,
            "eps_avg_yearly": 0,
            "eps_latest_yearly": 0,
            "eps_growth_yearly": 0
        },
        "20041": {
            "year_quarter": 20041,
            "year": 2004,
            "quarter": 1,
            "eps": null,
            "eps_growth_year": null,
            "eps_4q": null,
            "eps_4q_growth_year": null,
            "roe": null,
            "roe_4q": 0,
            "gross_profit": null,
            "gross_margin": null,
            "gross_margin_4q_avg": 0,
            "net_income": null,
            "net_income_4q": null,
            "revenue": null,
            "revenue_4q": null,
            "common_shares": null,
            "book_valuer_per_share": null,
            "book_valuer_per_share_4q_avg": 3.59,
            "equity": null,
            "current_ratio": null,
            "debt_ratio": null,
            "inventory_turnover_ratio": null,
            "account_receivable_turnover_ratio": null,
            "reinvestment_rate": null,
            "research_to_sale_ratio": null,
            "price_fair": 0,
            "eps_avg_yearly": 0,
            "eps_latest_yearly": 0,
            "eps_growth_yearly": 0
        },
        "20042": {
            "year_quarter": 20042,
            "year": 2004,
            "quarter": 2,
            "eps": null,
            "eps_growth_year": null,
            "eps_4q": null,
            "eps_4q_growth_year": null,
            "roe": null,
            "roe_4q": 0,
            "gross_profit": null,
            "gross_margin": null,
            "gross_margin_4q_avg": 0,
            "net_income": null,
            "net_income_4q": null,
            "revenue": null,
            "revenue_4q": null,
            "common_shares": null,
            "book_valuer_per_share": null,
            "book_valuer_per_share_4q_avg": 3.59,
            "equity": null,
            "current_ratio": null,
            "debt_ratio": null,
            "inventory_turnover_ratio": null,
            "account_receivable_turnover_ratio": null,
            "reinvestment_rate": null,
            "research_to_sale_ratio": null,
            "price_fair": 0,
            "eps_avg_yearly": 0,
            "eps_latest_yearly": 0,
            "eps_growth_yearly": 0
        },
        "20043": {
            "year_quarter": 20043,
            "year": 2004,
            "quarter": 3,
            "eps": null,
            "eps_growth_year": null,
            "eps_4q": null,
            "eps_4q_growth_year": null,
            "roe": null,
            "roe_4q": 0,
            "gross_profit": null,
            "gross_margin": null,
            "gross_margin_4q_avg": 0,
            "net_income": null,
            "net_income_4q": null,
            "revenue": null,
            "revenue_4q": null,
            "common_shares": null,
            "book_valuer_per_share": null,
            "book_valuer_per_share_4q_avg": 3.59,
            "equity": null,
            "current_ratio": null,
            "debt_ratio": null,
            "inventory_turnover_ratio": null,
            "account_receivable_turnover_ratio": null,
            "reinvestment_rate": null,
            "research_to_sale_ratio": null,
            "price_fair": 0,
            "eps_avg_yearly": 0,
            "eps_latest_yearly": 0,
            "eps_growth_yearly": 0
        },
        "20044": {
            "year_quarter": 20044,
            "year": 2004,
            "quarter": 4,
            "eps": null,
            "eps_growth_year": null,
            "eps_4q": null,
            "eps_4q_growth_year": null,
            "roe": null,
            "roe_4q": 0,
            "gross_profit": null,
            "gross_margin": null,
            "gross_margin_4q_avg": 0,
            "net_income": null,
            "net_income_4q": null,
            "revenue": null,
            "revenue_4q": null,
            "common_shares": 244500,
            "book_valuer_per_share": 15.13,
            "book_valuer_per_share_4q_avg": 3.78,
            "equity": 369886,
            "current_ratio": 176.74,
            "debt_ratio": 40.71,
            "inventory_turnover_ratio": null,
            "account_receivable_turnover_ratio": null,
            "reinvestment_rate": null,
            "research_to_sale_ratio": null,
            "price_fair": 0,
            "eps_avg_yearly": 0,
            "eps_latest_yearly": 0,
            "eps_growth_yearly": 0
        },
        "20051": {
            "year_quarter": 20051,
            "year": 2005,
            "quarter": 1,
            "eps": null,
            "eps_growth_year": null,
            "eps_4q": null,
            "eps_4q_growth_year": null,
            "roe": null,
            "roe_4q": 0,
            "gross_profit": null,
            "gross_margin": null,
            "gross_margin_4q_avg": 0,
            "net_income": null,
            "net_income_4q": null,
            "revenue": null,
            "revenue_4q": null,
            "common_shares": null,
            "book_valuer_per_share": null,
            "book_valuer_per_share_4q_avg": 3.78,
            "equity": null,
            "current_ratio": null,
            "debt_ratio": null,
            "inventory_turnover_ratio": null,
            "account_receivable_turnover_ratio": null,
            "reinvestment_rate": null,
            "research_to_sale_ratio": null,
            "price_fair": 0,
            "eps_avg_yearly": 0,
            "eps_latest_yearly": 0,
            "eps_growth_yearly": 0
        },
        "20052": {
            "year_quarter": 20052,
            "year": 2005,
            "quarter": 2,
            "eps": null,
            "eps_growth_year": null,
            "eps_4q": null,
            "eps_4q_growth_year": null,
            "roe": null,
            "roe_4q": 0,
            "gross_profit": null,
            "gross_margin": null,
            "gross_margin_4q_avg": 0,
            "net_income": null,
            "net_income_4q": null,
            "revenue": null,
            "revenue_4q": null,
            "common_shares": null,
            "book_valuer_per_share": null,
            "book_valuer_per_share_4q_avg": 3.78,
            "equity": null,
            "current_ratio": null,
            "debt_ratio": null,
            "inventory_turnover_ratio": null,
            "account_receivable_turnover_ratio": null,
            "reinvestment_rate": null,
            "research_to_sale_ratio": null,
            "price_fair": 0,
            "eps_avg_yearly": 0,
            "eps_latest_yearly": 0,
            "eps_growth_yearly": 0
        },
        "20053": {
            "year_quarter": 20053,
            "year": 2005,
            "quarter": 3,
            "eps": null,
            "eps_growth_year": null,
            "eps_4q": null,
            "eps_4q_growth_year": null,
            "roe": null,
            "roe_4q": 0,
            "gross_profit": null,
            "gross_margin": null,
            "gross_margin_4q_avg": 0,
            "net_income": null,
            "net_income_4q": null,
            "revenue": null,
            "revenue_4q": null,
            "common_shares": null,
            "book_valuer_per_share": null,
            "book_valuer_per_share_4q_avg": 3.78,
            "equity": null,
            "current_ratio": null,
            "debt_ratio": null,
            "inventory_turnover_ratio": null,
            "account_receivable_turnover_ratio": null,
            "reinvestment_rate": null,
            "research_to_sale_ratio": null,
            "price_fair": 0,
            "eps_avg_yearly": 0,
            "eps_latest_yearly": 0,
            "eps_growth_yearly": 0
        },
        "20054": {
            "year_quarter": 20054,
            "year": 2005,
            "quarter": 4,
            "eps": null,
            "eps_growth_year": null,
            "eps_4q": null,
            "eps_4q_growth_year": null,
            "roe": null,
            "roe_4q": 0,
            "gross_profit": null,
            "gross_margin": null,
            "gross_margin_4q_avg": 0,
            "net_income": null,
            "net_income_4q": null,
            "revenue": null,
            "revenue_4q": null,
            "common_shares": 244500,
            "book_valuer_per_share": 15.16,
            "book_valuer_per_share_4q_avg": 3.79,
            "equity": 370764,
            "current_ratio": 195.08,
            "debt_ratio": 44.1,
            "inventory_turnover_ratio": null,
            "account_receivable_turnover_ratio": null,
            "reinvestment_rate": null,
            "research_to_sale_ratio": null,
            "price_fair": 0,
            "eps_avg_yearly": 0,
            "eps_latest_yearly": 0,
            "eps_growth_yearly": 0
        },
        "20061": {
            "year_quarter": 20061,
            "year": 2006,
            "quarter": 1,
            "eps": 0.84,
            "eps_growth_year": null,
            "eps_4q": null,
            "eps_4q_growth_year": null,
            "roe": 5.73,
            "roe_4q": 5.73,
            "gross_profit": 42385,
            "gross_margin": 23.78,
            "gross_margin_4q_avg": 5.95,
            "net_income": 21856,
            "net_income_4q": null,
            "revenue": 178211,
            "revenue_4q": null,
            "common_shares": 259000,
            "book_valuer_per_share": 15.13,
            "book_valuer_per_share_4q_avg": 7.57,
            "equity": 391808,
            "current_ratio": 250.93,
            "debt_ratio": 33.8,
            "inventory_turnover_ratio": 1.1,
            "account_receivable_turnover_ratio": null,
            "reinvestment_rate": null,
            "research_to_sale_ratio": null,
            "price_fair": 0,
            "eps_avg_yearly": 0,
            "eps_latest_yearly": 0,
            "eps_growth_yearly": 0
        },
        "20062": {
            "year_quarter": 20062,
            "year": 2006,
            "quarter": 2,
            "eps": -0.17,
            "eps_growth_year": null,
            "eps_4q": null,
            "eps_4q_growth_year": null,
            "roe": -1.11,
            "roe_4q": 4.62,
            "gross_profit": 43765,
            "gross_margin": 18.07,
            "gross_margin_4q_avg": 10.46,
            "net_income": -4323,
            "net_income_4q": null,
            "revenue": 242173,
            "revenue_4q": null,
            "common_shares": 259000,
            "book_valuer_per_share": 14.82,
            "book_valuer_per_share_4q_avg": 11.28,
            "equity": 383900,
            "current_ratio": 198.86,
            "debt_ratio": 42.6,
            "inventory_turnover_ratio": 1.29,
            "account_receivable_turnover_ratio": null,
            "reinvestment_rate": null,
            "research_to_sale_ratio": null,
            "price_fair": 0,
            "eps_avg_yearly": 0,
            "eps_latest_yearly": 0,
            "eps_growth_yearly": 0
        },
        "20063": {
            "year_quarter": 20063,
            "year": 2006,
            "quarter": 3,
            "eps": 1.28,
            "eps_growth_year": null,
            "eps_4q": null,
            "eps_4q_growth_year": null,
            "roe": 8.3,
            "roe_4q": 12.920000000000002,
            "gross_profit": 57868,
            "gross_margin": 14.69,
            "gross_margin_4q_avg": 14.14,
            "net_income": 33255,
            "net_income_4q": null,
            "revenue": 393996,
            "revenue_4q": null,
            "common_shares": 259000,
            "book_valuer_per_share": 16.11,
            "book_valuer_per_share_4q_avg": 15.31,
            "equity": 417155,
            "current_ratio": 186.13,
            "debt_ratio": 45.02,
            "inventory_turnover_ratio": 1.96,
            "account_receivable_turnover_ratio": null,
            "reinvestment_rate": null,
            "research_to_sale_ratio": null,
            "price_fair": 0,
            "eps_avg_yearly": 0,
            "eps_latest_yearly": 0,
            "eps_growth_yearly": 0
        },
        "20064": {
            "year_quarter": 20064,
            "year": 2006,
            "quarter": 4,
            "eps": -0.16,
            "eps_growth_year": null,
            "eps_4q": 1.8,
            "eps_4q_growth_year": null,
            "roe": -0.99,
            "roe_4q": 11.93,
            "gross_profit": 34073,
            "gross_margin": 13.68,
            "gross_margin_4q_avg": 17.56,
            "net_income": -4136,
            "net_income_4q": null,
            "revenue": 249096,
            "revenue_4q": null,
            "common_shares": 259000,
            "book_valuer_per_share": 16.05,
            "book_valuer_per_share_4q_avg": 15.53,
            "equity": 415592,
            "current_ratio": 194.31,
            "debt_ratio": 43.84,
            "inventory_turnover_ratio": 1.24,
            "account_receivable_turnover_ratio": null,
            "reinvestment_rate": null,
            "research_to_sale_ratio": null,
            "price_fair": 0,
            "eps_avg_yearly": 0,
            "eps_latest_yearly": 0,
            "eps_growth_yearly": 0
        },
        "20071": {
            "year_quarter": 20071,
            "year": 2007,
            "quarter": 1,
            "eps": 0.14,
            "eps_growth_year": -83.33,
            "eps_4q": 1.07,
            "eps_4q_growth_year": null,
            "roe": 0.89,
            "roe_4q": 7.090000000000001,
            "gross_profit": 34339,
            "gross_margin": 15.53,
            "gross_margin_4q_avg": 15.49,
            "net_income": 3719,
            "net_income_4q": null,
            "revenue": 221096,
            "revenue_4q": null,
            "common_shares": 259000,
            "book_valuer_per_share": 16.31,
            "book_valuer_per_share_4q_avg": 15.82,
            "equity": 422368,
            "current_ratio": 198.5,
            "debt_ratio": 42.35,
            "inventory_turnover_ratio": 0.99,
            "account_receivable_turnover_ratio": null,
            "reinvestment_rate": null,
            "research_to_sale_ratio": null,
            "price_fair": 0,
            "eps_avg_yearly": 0,
            "eps_latest_yearly": 0,
            "eps_growth_yearly": 0
        },
        "20072": {
            "year_quarter": 20072,
            "year": 2007,
            "quarter": 2,
            "eps": 1.22,
            "eps_growth_year": null,
            "eps_4q": 2.49,
            "eps_4q_growth_year": null,
            "roe": 7.42,
            "roe_4q": 15.620000000000001,
            "gross_profit": 61272,
            "gross_margin": 12.72,
            "gross_margin_4q_avg": 14.16,
            "net_income": 31573,
            "net_income_4q": null,
            "revenue": 481783,
            "revenue_4q": null,
            "common_shares": 259000,
            "book_valuer_per_share": 16.54,
            "book_valuer_per_share_4q_avg": 16.25,
            "equity": 428258,
            "current_ratio": 162.37,
            "debt_ratio": 51.95,
            "inventory_turnover_ratio": 2.5,
            "account_receivable_turnover_ratio": null,
            "reinvestment_rate": null,
            "research_to_sale_ratio": null,
            "price_fair": 170.8,
            "eps_avg_yearly": 4.88,
            "eps_latest_yearly": 4.88,
            "eps_growth_yearly": 3085.71
        },
        "20073": {
            "year_quarter": 20073,
            "year": 2007,
            "quarter": 3,
            "eps": 1.27,
            "eps_growth_year": -0.78,
            "eps_4q": 2.48,
            "eps_4q_growth_year": null,
            "roe": 7.38,
            "roe_4q": 14.700000000000001,
            "gross_profit": 79671,
            "gross_margin": 14.14,
            "gross_margin_4q_avg": 14.02,
            "net_income": 32779,
            "net_income_4q": null,
            "revenue": 563366,
            "revenue_4q": null,
            "common_shares": 259000,
            "book_valuer_per_share": 17.77,
            "book_valuer_per_share_4q_avg": 16.67,
            "equity": 460116,
            "current_ratio": 160,
            "debt_ratio": 52.47,
            "inventory_turnover_ratio": 3.41,
            "account_receivable_turnover_ratio": null,
            "reinvestment_rate": null,
            "research_to_sale_ratio": null,
            "price_fair": 174.3,
            "eps_avg_yearly": 4.98,
            "eps_latest_yearly": 5.08,
            "eps_growth_yearly": 1551.05
        },
        "20074": {
            "year_quarter": 20074,
            "year": 2007,
            "quarter": 4,
            "eps": 0.14,
            "eps_growth_year": null,
            "eps_4q": 2.48,
            "eps_4q_growth_year": 37.7,
            "roe": 0.79,
            "roe_4q": 16.48,
            "gross_profit": 41718,
            "gross_margin": 12.03,
            "gross_margin_4q_avg": 13.61,
            "net_income": 4075,
            "net_income_4q": null,
            "revenue": 346841,
            "revenue_4q": null,
            "common_shares": 322280,
            "book_valuer_per_share": 17.72,
            "book_valuer_per_share_4q_avg": 17.09,
            "equity": 571185,
            "current_ratio": 233.66,
            "debt_ratio": 36.65,
            "inventory_turnover_ratio": 1.72,
            "account_receivable_turnover_ratio": null,
            "reinvestment_rate": null,
            "research_to_sale_ratio": null,
            "price_fair": 122.73,
            "eps_avg_yearly": 3.51,
            "eps_latest_yearly": 0.56,
            "eps_growth_yearly": 915.4
        },
        "20081": {
            "year_quarter": 20081,
            "year": 2008,
            "quarter": 1,
            "eps": 0.44,
            "eps_growth_year": 214.29,
            "eps_4q": 2.55,
            "eps_4q_growth_year": 137.38,
            "roe": 2.47,
            "roe_4q": 18.060000000000002,
            "gross_profit": 38354,
            "gross_margin": 9.65,
            "gross_margin_4q_avg": 12.14,
            "net_income": 14282,
            "net_income_4q": null,
            "revenue": 397502,
            "revenue_4q": null,
            "common_shares": 322280,
            "book_valuer_per_share": 18.13,
            "book_valuer_per_share_4q_avg": 17.54,
            "equity": 584255,
            "current_ratio": 251.9,
            "debt_ratio": 35.37,
            "inventory_turnover_ratio": 1.33,
            "account_receivable_turnover_ratio": null,
            "reinvestment_rate": null,
            "research_to_sale_ratio": null,
            "price_fair": 107.45,
            "eps_avg_yearly": 3.07,
            "eps_latest_yearly": 1.76,
            "eps_growth_yearly": 900.84
        },
        "20082": {
            "year_quarter": 20082,
            "year": 2008,
            "quarter": 2,
            "eps": 0.3,
            "eps_growth_year": -75.41,
            "eps_4q": 1.72,
            "eps_4q_growth_year": -30.83,
            "roe": 1.89,
            "roe_4q": 12.530000000000001,
            "gross_profit": 42132,
            "gross_margin": 9.7,
            "gross_margin_4q_avg": 11.38,
            "net_income": 10792,
            "net_income_4q": null,
            "revenue": 434394,
            "revenue_4q": null,
            "common_shares": 322280,
            "book_valuer_per_share": 17.37,
            "book_valuer_per_share_4q_avg": 17.75,
            "equity": 559924,
            "current_ratio": 193.07,
            "debt_ratio": 44.47,
            "inventory_turnover_ratio": 1.48,
            "account_receivable_turnover_ratio": null,
            "reinvestment_rate": null,
            "research_to_sale_ratio": null,
            "price_fair": 94.36,
            "eps_avg_yearly": 2.7,
            "eps_latest_yearly": 1.2,
            "eps_growth_yearly": 695.21
        },
        "20083": {
            "year_quarter": 20083,
            "year": 2008,
            "quarter": 3,
            "eps": 0.83,
            "eps_growth_year": -34.65,
            "eps_4q": 1.64,
            "eps_4q_growth_year": -33.71,
            "roe": 5.18,
            "roe_4q": 10.329999999999998,
            "gross_profit": 76285,
            "gross_margin": 12.4,
            "gross_margin_4q_avg": 10.95,
            "net_income": 29792,
            "net_income_4q": null,
            "revenue": 615173,
            "revenue_4q": null,
            "common_shares": 360508,
            "book_valuer_per_share": 16.36,
            "book_valuer_per_share_4q_avg": 17.4,
            "equity": 589716,
            "current_ratio": 181.15,
            "debt_ratio": 48.25,
            "inventory_turnover_ratio": 3.02,
            "account_receivable_turnover_ratio": null,
            "reinvestment_rate": null,
            "research_to_sale_ratio": null,
            "price_fair": 98,
            "eps_avg_yearly": 2.8,
            "eps_latest_yearly": 3.32,
            "eps_growth_yearly": 697.12
        },
        "20084": {
            "year_quarter": 20084,
            "year": 2008,
            "quarter": 4,
            "eps": -0.98,
            "eps_growth_year": -800,
            "eps_4q": 0.55,
            "eps_4q_growth_year": -77.81,
            "roe": -6.54,
            "roe_4q": 3,
            "gross_profit": 38744,
            "gross_margin": 10.1,
            "gross_margin_4q_avg": 10.46,
            "net_income": -35039,
            "net_income_4q": null,
            "revenue": 383573,
            "revenue_4q": null,
            "common_shares": 360508,
            "book_valuer_per_share": 13.38,
            "book_valuer_per_share_4q_avg": 16.31,
            "equity": 482502,
            "current_ratio": 433.5,
            "debt_ratio": 56.29,
            "inventory_turnover_ratio": 2.35,
            "account_receivable_turnover_ratio": 1.55,
            "reinvestment_rate": null,
            "research_to_sale_ratio": null,
            "price_fair": 98,
            "eps_avg_yearly": 2.8,
            "eps_latest_yearly": 3.32,
            "eps_growth_yearly": 697.12
        },
        "20091": {
            "year_quarter": 20091,
            "year": 2009,
            "quarter": 1,
            "eps": 0.31,
            "eps_growth_year": -29.55,
            "eps_4q": 0.46,
            "eps_4q_growth_year": -81.78,
            "roe": 2.28,
            "roe_4q": 2.8099999999999996,
            "gross_profit": 44092,
            "gross_margin": 13.43,
            "gross_margin_4q_avg": 11.41,
            "net_income": 11144,
            "net_income_4q": null,
            "revenue": 328300,
            "revenue_4q": null,
            "common_shares": 360508,
            "book_valuer_per_share": 13.72,
            "book_valuer_per_share_4q_avg": 15.21,
            "equity": 494559,
            "current_ratio": 391.08,
            "debt_ratio": 57.04,
            "inventory_turnover_ratio": 2.02,
            "account_receivable_turnover_ratio": 0.73,
            "reinvestment_rate": null,
            "research_to_sale_ratio": null,
            "price_fair": 98,
            "eps_avg_yearly": 2.8,
            "eps_latest_yearly": 3.32,
            "eps_growth_yearly": 697.12
        },
        "20092": {
            "year_quarter": 20092,
            "year": 2009,
            "quarter": 2,
            "eps": 0.24,
            "eps_growth_year": -20,
            "eps_4q": 0.42,
            "eps_4q_growth_year": -75.87,
            "roe": 1.65,
            "roe_4q": 2.5699999999999994,
            "gross_profit": 62614,
            "gross_margin": 10.41,
            "gross_margin_4q_avg": 11.59,
            "net_income": 8072,
            "net_income_4q": null,
            "revenue": 601304,
            "revenue_4q": null,
            "common_shares": 360508,
            "book_valuer_per_share": 13.41,
            "book_valuer_per_share_4q_avg": 14.22,
            "equity": 483263,
            "current_ratio": 182.48,
            "debt_ratio": 67.85,
            "inventory_turnover_ratio": 3.23,
            "account_receivable_turnover_ratio": 1.29,
            "reinvestment_rate": null,
            "research_to_sale_ratio": null,
            "price_fair": 88.8,
            "eps_avg_yearly": 2.54,
            "eps_latest_yearly": 0.96,
            "eps_growth_yearly": 584.63
        },
        "20093": {
            "year_quarter": 20093,
            "year": 2009,
            "quarter": 3,
            "eps": 0.45,
            "eps_growth_year": -45.78,
            "eps_4q": -0.01,
            "eps_4q_growth_year": -100.87,
            "roe": 3.13,
            "roe_4q": 0.5199999999999987,
            "gross_profit": 83224,
            "gross_margin": 11.9,
            "gross_margin_4q_avg": 11.46,
            "net_income": 15336,
            "net_income_4q": null,
            "revenue": 699561,
            "revenue_4q": null,
            "common_shares": 360508,
            "book_valuer_per_share": 13.81,
            "book_valuer_per_share_4q_avg": 13.58,
            "equity": 497996,
            "current_ratio": 189.98,
            "debt_ratio": 67.32,
            "inventory_turnover_ratio": 2.38,
            "account_receivable_turnover_ratio": 1.38,
            "reinvestment_rate": null,
            "research_to_sale_ratio": null,
            "price_fair": 85.58,
            "eps_avg_yearly": 2.45,
            "eps_latest_yearly": 1.8,
            "eps_growth_yearly": 555.3
        },
        "20094": {
            "year_quarter": 20094,
            "year": 2009,
            "quarter": 4,
            "eps": -0.72,
            "eps_growth_year": null,
            "eps_4q": 0.2,
            "eps_4q_growth_year": -63.21,
            "roe": -3.66,
            "roe_4q": 3.3999999999999995,
            "gross_profit": 59952,
            "gross_margin": 9.97,
            "gross_margin_4q_avg": 11.43,
            "net_income": -25364,
            "net_income_4q": null,
            "revenue": 601096,
            "revenue_4q": null,
            "common_shares": 474047,
            "book_valuer_per_share": 19.53,
            "book_valuer_per_share_4q_avg": 15.12,
            "equity": 886779,
            "current_ratio": 326.9,
            "debt_ratio": 40.3,
            "inventory_turnover_ratio": 1.78,
            "account_receivable_turnover_ratio": 4.51,
            "reinvestment_rate": 153.11,
            "research_to_sale_ratio": null,
            "price_fair": 85.58,
            "eps_avg_yearly": 2.45,
            "eps_latest_yearly": 1.8,
            "eps_growth_yearly": 555.3
        },
        "20101": {
            "year_quarter": 20101,
            "year": 2010,
            "quarter": 1,
            "eps": -0.54,
            "eps_growth_year": -274.19,
            "eps_4q": -0.58,
            "eps_4q_growth_year": -224.95,
            "roe": -2.81,
            "roe_4q": -1.6900000000000008,
            "gross_profit": 34809,
            "gross_margin": 8.37,
            "gross_margin_4q_avg": 10.16,
            "net_income": -25038,
            "net_income_4q": null,
            "revenue": 416086,
            "revenue_4q": null,
            "common_shares": 485289,
            "book_valuer_per_share": 19.27,
            "book_valuer_per_share_4q_avg": 16.51,
            "equity": 896588,
            "current_ratio": 493.22,
            "debt_ratio": 35.06,
            "inventory_turnover_ratio": 1.31,
            "account_receivable_turnover_ratio": 1.92,
            "reinvestment_rate": 183.4,
            "research_to_sale_ratio": 2.45,
            "price_fair": 85.58,
            "eps_avg_yearly": 2.45,
            "eps_latest_yearly": 1.8,
            "eps_growth_yearly": 555.3
        },
        "20102": {
            "year_quarter": 20102,
            "year": 2010,
            "quarter": 2,
            "eps": -0.63,
            "eps_growth_year": -361.3,
            "eps_4q": -1.38,
            "eps_4q_growth_year": -432.29,
            "roe": -3.32,
            "roe_4q": -6.659999999999999,
            "gross_profit": 30368,
            "gross_margin": 5.2,
            "gross_margin_4q_avg": 8.86,
            "net_income": -29206,
            "net_income_4q": null,
            "revenue": 583976,
            "revenue_4q": null,
            "common_shares": 485639,
            "book_valuer_per_share": 18.48,
            "book_valuer_per_share_4q_avg": 17.77,
            "equity": 860738,
            "current_ratio": 286.26,
            "debt_ratio": 41.02,
            "inventory_turnover_ratio": 1.65,
            "account_receivable_turnover_ratio": 2.61,
            "reinvestment_rate": 355.24,
            "research_to_sale_ratio": 3.54,
            "price_fair": 85.58,
            "eps_avg_yearly": 2.45,
            "eps_latest_yearly": 1.8,
            "eps_growth_yearly": 555.3
        },
        "20103": {
            "year_quarter": 20103,
            "year": 2010,
            "quarter": 3,
            "eps": 0.96,
            "eps_growth_year": 113.35,
            "eps_4q": -0.75,
            "eps_4q_growth_year": null,
            "roe": 5.08,
            "roe_4q": -4.71,
            "gross_profit": 55087,
            "gross_margin": 8.43,
            "gross_margin_4q_avg": 7.99,
            "net_income": 44803,
            "net_income_4q": null,
            "revenue": 653413,
            "revenue_4q": null,
            "common_shares": 486599,
            "book_valuer_per_share": 19.38,
            "book_valuer_per_share_4q_avg": 19.17,
            "equity": 904578,
            "current_ratio": 458.47,
            "debt_ratio": 34.18,
            "inventory_turnover_ratio": 1.69,
            "account_receivable_turnover_ratio": 2.25,
            "reinvestment_rate": 261.66,
            "research_to_sale_ratio": 2.51,
            "price_fair": 85.58,
            "eps_avg_yearly": 2.45,
            "eps_latest_yearly": 1.8,
            "eps_growth_yearly": 555.3
        },
        "20104": {
            "year_quarter": 20104,
            "year": 2010,
            "quarter": 4,
            "eps": -3.85,
            "eps_growth_year": null,
            "eps_4q": -4.06,
            "eps_4q_growth_year": -2107.75,
            "roe": -21.84,
            "roe_4q": -22.889999999999997,
            "gross_profit": -34959,
            "gross_margin": -10.98,
            "gross_margin_4q_avg": 2.76,
            "net_income": -172294,
            "net_income_4q": null,
            "revenue": 318311,
            "revenue_4q": null,
            "common_shares": 487309,
            "book_valuer_per_share": 15.04,
            "book_valuer_per_share_4q_avg": 18.04,
            "equity": 672884,
            "current_ratio": 175.87,
            "debt_ratio": 36.49,
            "inventory_turnover_ratio": 1.35,
            "account_receivable_turnover_ratio": 1.4,
            "reinvestment_rate": null,
            "research_to_sale_ratio": 3,
            "price_fair": 85.58,
            "eps_avg_yearly": 2.45,
            "eps_latest_yearly": 1.8,
            "eps_growth_yearly": 555.3
        },
        "20111": {
            "year_quarter": 20111,
            "year": 2011,
            "quarter": 1,
            "eps": -0.21,
            "eps_growth_year": null,
            "eps_4q": -3.71,
            "eps_4q_growth_year": null,
            "roe": -1.42,
            "roe_4q": -21.5,
            "gross_profit": 30349,
            "gross_margin": 10.87,
            "gross_margin_4q_avg": 3.38,
            "net_income": -9540,
            "net_income_4q": null,
            "revenue": 279125,
            "revenue_4q": null,
            "common_shares": 487799,
            "book_valuer_per_share": 14.88,
            "book_valuer_per_share_4q_avg": 16.95,
            "equity": 666247,
            "current_ratio": 164.32,
            "debt_ratio": 37.42,
            "inventory_turnover_ratio": 1.37,
            "account_receivable_turnover_ratio": 1.82,
            "reinvestment_rate": null,
            "research_to_sale_ratio": 4.41,
            "price_fair": 85.58,
            "eps_avg_yearly": 2.45,
            "eps_latest_yearly": 1.8,
            "eps_growth_yearly": 555.3
        },
        "20112": {
            "year_quarter": 20112,
            "year": 2011,
            "quarter": 2,
            "eps": -0.26,
            "eps_growth_year": null,
            "eps_4q": -3.32,
            "eps_4q_growth_year": null,
            "roe": -1.74,
            "roe_4q": -19.92,
            "gross_profit": 21441,
            "gross_margin": 6.77,
            "gross_margin_4q_avg": 3.77,
            "net_income": -11499,
            "net_income_4q": null,
            "revenue": 316691,
            "revenue_4q": null,
            "common_shares": 487799,
            "book_valuer_per_share": 14.62,
            "book_valuer_per_share_4q_avg": 15.98,
            "equity": 654738,
            "current_ratio": 189.65,
            "debt_ratio": 37.52,
            "inventory_turnover_ratio": 1.79,
            "account_receivable_turnover_ratio": 2.06,
            "reinvestment_rate": null,
            "research_to_sale_ratio": 3.05,
            "price_fair": 73.4,
            "eps_avg_yearly": 2.1,
            "eps_latest_yearly": 1.8,
            "eps_growth_yearly": 193.81
        },
        "20113": {
            "year_quarter": 20113,
            "year": 2011,
            "quarter": 3,
            "eps": -0.19,
            "eps_growth_year": -119.88,
            "eps_4q": -4.51,
            "eps_4q_growth_year": null,
            "roe": -1.31,
            "roe_4q": -26.31,
            "gross_profit": 20261,
            "gross_margin": 8.66,
            "gross_margin_4q_avg": 3.83,
            "net_income": -8549,
            "net_income_4q": null,
            "revenue": 234048,
            "revenue_4q": null,
            "common_shares": 487889,
            "book_valuer_per_share": 14.59,
            "book_valuer_per_share_4q_avg": 14.78,
            "equity": 653382,
            "current_ratio": 155.74,
            "debt_ratio": 48.72,
            "inventory_turnover_ratio": 1.58,
            "account_receivable_turnover_ratio": 1.66,
            "reinvestment_rate": null,
            "research_to_sale_ratio": 3.31,
            "price_fair": 56,
            "eps_avg_yearly": 1.6,
            "eps_latest_yearly": 1.8,
            "eps_growth_yearly": 223.38
        },
        "20114": {
            "year_quarter": 20114,
            "year": 2011,
            "quarter": 4,
            "eps": -1.32,
            "eps_growth_year": null,
            "eps_4q": -1.98,
            "eps_4q_growth_year": null,
            "roe": -9.32,
            "roe_4q": -13.790000000000001,
            "gross_profit": -15554,
            "gross_margin": -10.61,
            "gross_margin_4q_avg": 3.92,
            "net_income": -59237,
            "net_income_4q": null,
            "revenue": 146552,
            "revenue_4q": null,
            "common_shares": 469189,
            "book_valuer_per_share": 13.74,
            "book_valuer_per_share_4q_avg": 14.46,
            "equity": 617253,
            "current_ratio": 839.83,
            "debt_ratio": 36.55,
            "inventory_turnover_ratio": 1.55,
            "account_receivable_turnover_ratio": 1.27,
            "reinvestment_rate": null,
            "research_to_sale_ratio": 7.14,
            "price_fair": 63.28,
            "eps_avg_yearly": 1.81,
            "eps_latest_yearly": 1.8,
            "eps_growth_yearly": 339.24
        },
        "20121": {
            "year_quarter": 20121,
            "year": 2012,
            "quarter": 1,
            "eps": 0.27,
            "eps_growth_year": null,
            "eps_4q": -1.39,
            "eps_4q_growth_year": null,
            "roe": 1.85,
            "roe_4q": -10.520000000000001,
            "gross_profit": 31844,
            "gross_margin": 9.41,
            "gross_margin_4q_avg": 3.56,
            "net_income": 11937,
            "net_income_4q": null,
            "revenue": 338356,
            "revenue_4q": null,
            "common_shares": 504853,
            "book_valuer_per_share": 13.89,
            "book_valuer_per_share_4q_avg": 14.21,
            "equity": 673503,
            "current_ratio": 356.76,
            "debt_ratio": 40.42,
            "inventory_turnover_ratio": 3.21,
            "account_receivable_turnover_ratio": 1.67,
            "reinvestment_rate": null,
            "research_to_sale_ratio": 2.32,
            "price_fair": 63.7,
            "eps_avg_yearly": 1.82,
            "eps_latest_yearly": 1.8,
            "eps_growth_yearly": 209.77
        },
        "20122": {
            "year_quarter": 20122,
            "year": 2012,
            "quarter": 2,
            "eps": -1.83,
            "eps_growth_year": null,
            "eps_4q": -2.92,
            "eps_4q_growth_year": null,
            "roe": -14.56,
            "roe_4q": -23.34,
            "gross_profit": 9964,
            "gross_margin": -124.36,
            "gross_margin_4q_avg": -29.23,
            "net_income": -93612,
            "net_income_4q": null,
            "revenue": -8012,
            "revenue_4q": null,
            "common_shares": 531394,
            "book_valuer_per_share": 11.98,
            "book_valuer_per_share_4q_avg": 13.55,
            "equity": 612682,
            "current_ratio": 234.47,
            "debt_ratio": 47.26,
            "inventory_turnover_ratio": -0.15,
            "account_receivable_turnover_ratio": -0.03,
            "reinvestment_rate": null,
            "research_to_sale_ratio": -90.08,
            "price_fair": 70.93,
            "eps_avg_yearly": 2.03,
            "eps_latest_yearly": 1.8,
            "eps_growth_yearly": 322.11
        },
        "20123": {
            "year_quarter": 20123,
            "year": 2012,
            "quarter": 3,
            "eps": -6.66,
            "eps_growth_year": null,
            "eps_4q": -9.16,
            "eps_4q_growth_year": null,
            "roe": -82.05,
            "roe_4q": -104.08000000000001,
            "gross_profit": 8483,
            "gross_margin": 4.49,
            "gross_margin_4q_avg": -30.27,
            "net_income": -375877,
            "net_income_4q": null,
            "revenue": 189064,
            "revenue_4q": null,
            "common_shares": 578753,
            "book_valuer_per_share": 5.38,
            "book_valuer_per_share_4q_avg": 11.25,
            "equity": 303576,
            "current_ratio": 128.9,
            "debt_ratio": 62.1,
            "inventory_turnover_ratio": 1.55,
            "account_receivable_turnover_ratio": 1.61,
            "reinvestment_rate": null,
            "research_to_sale_ratio": 2.75,
            "price_fair": 48.3,
            "eps_avg_yearly": 1.38,
            "eps_latest_yearly": 1.8,
            "eps_growth_yearly": 129.84
        },
        "20124": {
            "year_quarter": 20124,
            "year": 2012,
            "quarter": 4,
            "eps": -1.99,
            "eps_growth_year": null,
            "eps_4q": -10,
            "eps_4q_growth_year": null,
            "roe": -45.46,
            "roe_4q": -140.22,
            "gross_profit": -51048,
            "gross_margin": -78.96,
            "gross_margin_4q_avg": -47.36,
            "net_income": -113557,
            "net_income_4q": null,
            "revenue": 64651,
            "revenue_4q": null,
            "common_shares": 596086,
            "book_valuer_per_share": 3.43,
            "book_valuer_per_share_4q_avg": 8.67,
            "equity": 196010,
            "current_ratio": 71.75,
            "debt_ratio": 66.23,
            "inventory_turnover_ratio": 1.99,
            "account_receivable_turnover_ratio": 1.06,
            "reinvestment_rate": null,
            "research_to_sale_ratio": 4.09,
            "price_fair": 48.3,
            "eps_avg_yearly": 1.38,
            "eps_latest_yearly": 1.8,
            "eps_growth_yearly": 129.84
        },
        "20131": {
            "year_quarter": 20131,
            "year": 2013,
            "quarter": 1,
            "eps": -0.12,
            "eps_growth_year": -144.44,
            "eps_4q": -10.33,
            "eps_4q_growth_year": null,
            "roe": -3.61,
            "roe_4q": -145.68,
            "gross_profit": 4670,
            "gross_margin": 10.19,
            "gross_margin_4q_avg": -47.16,
            "net_income": -6979,
            "net_income_4q": null,
            "revenue": 45818,
            "revenue_4q": null,
            "common_shares": 596086,
            "book_valuer_per_share": 3.33,
            "book_valuer_per_share_4q_avg": 6.03,
            "equity": 190380,
            "current_ratio": 64.93,
            "debt_ratio": 63.21,
            "inventory_turnover_ratio": 2.42,
            "account_receivable_turnover_ratio": 1.23,
            "reinvestment_rate": null,
            "research_to_sale_ratio": 5.76,
            "price_fair": 48.3,
            "eps_avg_yearly": 1.38,
            "eps_latest_yearly": 1.8,
            "eps_growth_yearly": 129.84
        },
        "20132": {
            "year_quarter": 20132,
            "year": 2013,
            "quarter": 2,
            "eps": 0.33,
            "eps_growth_year": null,
            "eps_4q": -8.35,
            "eps_4q_growth_year": null,
            "roe": 9.57,
            "roe_4q": -121.55,
            "gross_profit": 4915,
            "gross_margin": 12.22,
            "gross_margin_4q_avg": -13.02,
            "net_income": 19260,
            "net_income_4q": null,
            "revenue": 40220,
            "revenue_4q": null,
            "common_shares": 596086,
            "book_valuer_per_share": 3.71,
            "book_valuer_per_share_4q_avg": 3.96,
            "equity": 212063,
            "current_ratio": 178.24,
            "debt_ratio": 51.24,
            "inventory_turnover_ratio": 5.3,
            "account_receivable_turnover_ratio": 2.04,
            "reinvestment_rate": null,
            "research_to_sale_ratio": 5.71,
            "price_fair": 63,
            "eps_avg_yearly": 1.8,
            "eps_latest_yearly": 1.8,
            "eps_growth_yearly": 350
        },
        "20133": {
            "year_quarter": 20133,
            "year": 2013,
            "quarter": 3,
            "eps": -0.15,
            "eps_growth_year": null,
            "eps_4q": -4.43,
            "eps_4q_growth_year": null,
            "roe": -1.64,
            "roe_4q": -41.14,
            "gross_profit": 10045,
            "gross_margin": 31.56,
            "gross_margin_4q_avg": -6.25,
            "net_income": -3451,
            "net_income_4q": null,
            "revenue": 31832,
            "revenue_4q": null,
            "common_shares": 246818,
            "book_valuer_per_share": 8.84,
            "book_valuer_per_share_4q_avg": 4.83,
            "equity": 209031,
            "current_ratio": 139.98,
            "debt_ratio": 49.32,
            "inventory_turnover_ratio": 8.39,
            "account_receivable_turnover_ratio": 2.47,
            "reinvestment_rate": null,
            "research_to_sale_ratio": 6.33,
            "price_fair": 0,
            "eps_avg_yearly": 0,
            "eps_latest_yearly": 0,
            "eps_growth_yearly": 0
        },
        "20134": {
            "year_quarter": 20134,
            "year": 2013,
            "quarter": 4,
            "eps": -0.21,
            "eps_growth_year": null,
            "eps_4q": 0.16,
            "eps_4q_growth_year": null,
            "roe": -2.44,
            "roe_4q": 1.8800000000000003,
            "gross_profit": 6547,
            "gross_margin": 19.93,
            "gross_margin_4q_avg": 18.48,
            "net_income": -5047,
            "net_income_4q": null,
            "revenue": 32855,
            "revenue_4q": null,
            "common_shares": 238537,
            "book_valuer_per_share": 8.62,
            "book_valuer_per_share_4q_avg": 6.13,
            "equity": 203810,
            "current_ratio": 349.48,
            "debt_ratio": 22.94,
            "inventory_turnover_ratio": 10.21,
            "account_receivable_turnover_ratio": 2.24,
            "reinvestment_rate": null,
            "research_to_sale_ratio": 9.71,
            "price_fair": 0,
            "eps_avg_yearly": 0,
            "eps_latest_yearly": 0,
            "eps_growth_yearly": 0
        },
        "20141": {
            "year_quarter": 20141,
            "year": 2014,
            "quarter": 1,
            "eps": -0.14,
            "eps_growth_year": null,
            "eps_4q": 0.16,
            "eps_4q_growth_year": null,
            "roe": -1.11,
            "roe_4q": 4.380000000000001,
            "gross_profit": 3652,
            "gross_margin": 25.88,
            "gross_margin_4q_avg": 22.4,
            "net_income": -3355,
            "net_income_4q": null,
            "revenue": 14112,
            "revenue_4q": null,
            "common_shares": 466637,
            "book_valuer_per_share": 8.63,
            "book_valuer_per_share_4q_avg": 7.45,
            "equity": 400803,
            "current_ratio": 843.95,
            "debt_ratio": 12.01,
            "inventory_turnover_ratio": 1.19,
            "account_receivable_turnover_ratio": 1.16,
            "reinvestment_rate": null,
            "research_to_sale_ratio": 13.4,
            "price_fair": 0,
            "eps_avg_yearly": 0,
            "eps_latest_yearly": 0,
            "eps_growth_yearly": 0
        },
        "20142": {
            "year_quarter": 20142,
            "year": 2014,
            "quarter": 2,
            "eps": -0.1,
            "eps_growth_year": -130.3,
            "eps_4q": -0.35,
            "eps_4q_growth_year": null,
            "roe": -1.15,
            "roe_4q": -6.339999999999999,
            "gross_profit": 5302,
            "gross_margin": 19.69,
            "gross_margin_4q_avg": 24.27,
            "net_income": -4574,
            "net_income_4q": null,
            "revenue": 26924,
            "revenue_4q": null,
            "common_shares": 466637,
            "book_valuer_per_share": 8.5,
            "book_valuer_per_share_4q_avg": 8.65,
            "equity": 394942,
            "current_ratio": 519.47,
            "debt_ratio": 15.18,
            "inventory_turnover_ratio": 2.72,
            "account_receivable_turnover_ratio": 2.42,
            "reinvestment_rate": null,
            "research_to_sale_ratio": 6.3,
            "price_fair": 0,
            "eps_avg_yearly": 0,
            "eps_latest_yearly": 0,
            "eps_growth_yearly": 0
        },
        "20143": {
            "year_quarter": 20143,
            "year": 2014,
            "quarter": 3,
            "eps": -0.78,
            "eps_growth_year": null,
            "eps_4q": -1.06,
            "eps_4q_growth_year": null,
            "roe": -9.62,
            "roe_4q": -14.319999999999999,
            "gross_profit": 5708,
            "gross_margin": 33.11,
            "gross_margin_4q_avg": 24.65,
            "net_income": -36289,
            "net_income_4q": null,
            "revenue": 17242,
            "revenue_4q": null,
            "common_shares": 466637,
            "book_valuer_per_share": 7.74,
            "book_valuer_per_share_4q_avg": 8.37,
            "equity": 359706,
            "current_ratio": 392.07,
            "debt_ratio": 42.21,
            "inventory_turnover_ratio": 0.37,
            "account_receivable_turnover_ratio": 1.62,
            "reinvestment_rate": null,
            "research_to_sale_ratio": 2.79,
            "price_fair": 0,
            "eps_avg_yearly": 0,
            "eps_latest_yearly": 0,
            "eps_growth_yearly": 0
        },
        "20144": {
            "year_quarter": 20144,
            "year": 2014,
            "quarter": 4,
            "eps": -0.44,
            "eps_growth_year": null,
            "eps_4q": -1.39,
            "eps_4q_growth_year": -969.74,
            "roe": -5.78,
            "roe_4q": -17.659999999999997,
            "gross_profit": 4896,
            "gross_margin": 25.26,
            "gross_margin_4q_avg": 25.99,
            "net_income": -20413,
            "net_income_4q": null,
            "revenue": 19379,
            "revenue_4q": null,
            "common_shares": 466637,
            "book_valuer_per_share": 7.46,
            "book_valuer_per_share_4q_avg": 8.08,
            "equity": 346837,
            "current_ratio": 387.32,
            "debt_ratio": 42.13,
            "inventory_turnover_ratio": 0.22,
            "account_receivable_turnover_ratio": 3.33,
            "reinvestment_rate": null,
            "research_to_sale_ratio": 23.4,
            "price_fair": 0,
            "eps_avg_yearly": 0,
            "eps_latest_yearly": 0,
            "eps_growth_yearly": 0
        },
        "20151": {
            "year_quarter": 20151,
            "year": 2015,
            "quarter": 1,
            "eps": 0.02,
            "eps_growth_year": null,
            "eps_4q": -1.3,
            "eps_4q_growth_year": -917.12,
            "roe": 0.22,
            "roe_4q": -16.33,
            "gross_profit": 3795,
            "gross_margin": 27.23,
            "gross_margin_4q_avg": 26.32,
            "net_income": 752,
            "net_income_4q": null,
            "revenue": 13939,
            "revenue_4q": null,
            "common_shares": 466637,
            "book_valuer_per_share": 7.47,
            "book_valuer_per_share_4q_avg": 7.79,
            "equity": 346888,
            "current_ratio": 354.66,
            "debt_ratio": 42.46,
            "inventory_turnover_ratio": 0.11,
            "account_receivable_turnover_ratio": 2.55,
            "reinvestment_rate": null,
            "research_to_sale_ratio": 0,
            "price_fair": 0,
            "eps_avg_yearly": 0,
            "eps_latest_yearly": 0,
            "eps_growth_yearly": 0
        },
        "20152": {
            "year_quarter": 20152,
            "year": 2015,
            "quarter": 2,
            "eps": -0.23,
            "eps_growth_year": null,
            "eps_4q": -1.43,
            "eps_4q_growth_year": null,
            "roe": -3.11,
            "roe_4q": -18.29,
            "gross_profit": -8513,
            "gross_margin": -85.23,
            "gross_margin_4q_avg": 0.09,
            "net_income": -10618,
            "net_income_4q": null,
            "revenue": 9988,
            "revenue_4q": null,
            "common_shares": 466637,
            "book_valuer_per_share": 7.22,
            "book_valuer_per_share_4q_avg": 7.47,
            "equity": 335354,
            "current_ratio": 401.59,
            "debt_ratio": 42.19,
            "inventory_turnover_ratio": 0.15,
            "account_receivable_turnover_ratio": 1.94,
            "reinvestment_rate": null,
            "research_to_sale_ratio": 0,
            "price_fair": 0,
            "eps_avg_yearly": 0,
            "eps_latest_yearly": 0,
            "eps_growth_yearly": 0
        },
        "20153": {
            "year_quarter": 20153,
            "year": 2015,
            "quarter": 3,
            "eps": -0.1,
            "eps_growth_year": null,
            "eps_4q": -0.75,
            "eps_4q_growth_year": null,
            "roe": -1.43,
            "roe_4q": -10.100000000000001,
            "gross_profit": 1896,
            "gross_margin": 23.17,
            "gross_margin_4q_avg": -2.39,
            "net_income": -4772,
            "net_income_4q": null,
            "revenue": 8183,
            "revenue_4q": null,
            "common_shares": 466637,
            "book_valuer_per_share": 7.17,
            "book_valuer_per_share_4q_avg": 7.33,
            "equity": 333342,
            "current_ratio": 397.17,
            "debt_ratio": 42.04,
            "inventory_turnover_ratio": 0.04,
            "account_receivable_turnover_ratio": 1.64,
            "reinvestment_rate": null,
            "research_to_sale_ratio": 0,
            "price_fair": 0,
            "eps_avg_yearly": 0,
            "eps_latest_yearly": 0,
            "eps_growth_yearly": 0
        },
        "20154": {
            "year_quarter": 20154,
            "year": 2015,
            "quarter": 4,
            "eps": -0.34,
            "eps_growth_year": null,
            "eps_4q": -0.66,
            "eps_4q_growth_year": null,
            "roe": -4.94,
            "roe_4q": -9.26,
            "gross_profit": 7022,
            "gross_margin": 77.32,
            "gross_margin_4q_avg": 10.62,
            "net_income": -15865,
            "net_income_4q": null,
            "revenue": 9082,
            "revenue_4q": null,
            "common_shares": 464637,
            "book_valuer_per_share": 6.65,
            "book_valuer_per_share_4q_avg": 7.13,
            "equity": 309010,
            "current_ratio": 342.23,
            "debt_ratio": 44.19,
            "inventory_turnover_ratio": 0.01,
            "account_receivable_turnover_ratio": 2.18,
            "reinvestment_rate": null,
            "research_to_sale_ratio": 0,
            "price_fair": 0,
            "eps_avg_yearly": 0,
            "eps_latest_yearly": 0,
            "eps_growth_yearly": 0
        },
        "20161": {
            "year_quarter": 20161,
            "year": 2016,
            "quarter": 1,
            "eps": -0.07,
            "eps_growth_year": -450,
            "eps_4q": -0.74,
            "eps_4q_growth_year": null,
            "roe": -1.07,
            "roe_4q": -10.55,
            "gross_profit": 4235,
            "gross_margin": 79.79,
            "gross_margin_4q_avg": 23.76,
            "net_income": -3309,
            "net_income_4q": null,
            "revenue": 5308,
            "revenue_4q": null,
            "common_shares": 464637,
            "book_valuer_per_share": 6.57,
            "book_valuer_per_share_4q_avg": 6.9,
            "equity": 309289,
            "current_ratio": 298.82,
            "debt_ratio": 45.46,
            "inventory_turnover_ratio": 0.01,
            "account_receivable_turnover_ratio": 1.39,
            "reinvestment_rate": null,
            "research_to_sale_ratio": null,
            "price_fair": 0,
            "eps_avg_yearly": 0,
            "eps_latest_yearly": 0,
            "eps_growth_yearly": 0
        },
        "20162": {
            "year_quarter": 20162,
            "year": 2016,
            "quarter": 2,
            "eps": 0.25,
            "eps_growth_year": null,
            "eps_4q": -0.26,
            "eps_4q_growth_year": null,
            "roe": 3.64,
            "roe_4q": -3.8,
            "gross_profit": 21127,
            "gross_margin": 18.83,
            "gross_margin_4q_avg": 49.78,
            "net_income": 11467,
            "net_income_4q": null,
            "revenue": 112186,
            "revenue_4q": null,
            "common_shares": 464637,
            "book_valuer_per_share": 6.81,
            "book_valuer_per_share_4q_avg": 6.8,
            "equity": 320106,
            "current_ratio": 290.07,
            "debt_ratio": 45.09,
            "inventory_turnover_ratio": 0.74,
            "account_receivable_turnover_ratio": 34.22,
            "reinvestment_rate": null,
            "research_to_sale_ratio": null,
            "price_fair": 0,
            "eps_avg_yearly": 0,
            "eps_latest_yearly": 0,
            "eps_growth_yearly": 0
        },
        "20163": {
            "year_quarter": 20163,
            "year": 2016,
            "quarter": 3,
            "eps": 0.04,
            "eps_growth_year": null,
            "eps_4q": -0.12,
            "eps_4q_growth_year": null,
            "roe": 0.64,
            "roe_4q": -1.7300000000000004,
            "gross_profit": 11107,
            "gross_margin": 14.65,
            "gross_margin_4q_avg": 47.65,
            "net_income": 2047,
            "net_income_4q": null,
            "revenue": 75841,
            "revenue_4q": null,
            "common_shares": 464637,
            "book_valuer_per_share": 6.83,
            "book_valuer_per_share_4q_avg": 6.72,
            "equity": 321059,
            "current_ratio": 418.9,
            "debt_ratio": 40.58,
            "inventory_turnover_ratio": 1.18,
            "account_receivable_turnover_ratio": 26.48,
            "reinvestment_rate": null,
            "research_to_sale_ratio": null,
            "price_fair": 0.48,
            "eps_avg_yearly": 0.16,
            "eps_latest_yearly": 0.16,
            "eps_growth_yearly": -336
        },
        "20164": {
            "year_quarter": 20164,
            "year": 2016,
            "quarter": 4,
            "eps": -0.23,
            "eps_growth_year": null,
            "eps_4q": 0,
            "eps_4q_growth_year": null,
            "roe": -3.38,
            "roe_4q": -0.1699999999999997,
            "gross_profit": 1224,
            "gross_margin": 6.07,
            "gross_margin_4q_avg": 29.84,
            "net_income": -10679,
            "net_income_4q": null,
            "revenue": 20167,
            "revenue_4q": null,
            "common_shares": 464637,
            "book_valuer_per_share": 6.6,
            "book_valuer_per_share_4q_avg": 6.7,
            "equity": 310040,
            "current_ratio": 362.74,
            "debt_ratio": 41.95,
            "inventory_turnover_ratio": 0.79,
            "account_receivable_turnover_ratio": 4.51,
            "reinvestment_rate": null,
            "research_to_sale_ratio": null,
            "price_fair": 0.48,
            "eps_avg_yearly": 0.16,
            "eps_latest_yearly": 0.16,
            "eps_growth_yearly": -336
        },
        "20171": {
            "year_quarter": 20171,
            "year": 2017,
            "quarter": 1,
            "eps": -0.17,
            "eps_growth_year": null,
            "eps_4q": -0.1,
            "eps_4q_growth_year": null,
            "roe": -2.65,
            "roe_4q": -1.7499999999999996,
            "gross_profit": 2757,
            "gross_margin": 17.54,
            "gross_margin_4q_avg": 14.27,
            "net_income": -8096,
            "net_income_4q": null,
            "revenue": 15722,
            "revenue_4q": null,
            "common_shares": 464637,
            "book_valuer_per_share": 6.39,
            "book_valuer_per_share_4q_avg": 6.66,
            "equity": 300159,
            "current_ratio": 360.1,
            "debt_ratio": 42.21,
            "inventory_turnover_ratio": 0.72,
            "account_receivable_turnover_ratio": 3.64,
            "reinvestment_rate": null,
            "research_to_sale_ratio": null,
            "price_fair": 0.48,
            "eps_avg_yearly": 0.16,
            "eps_latest_yearly": 0.16,
            "eps_growth_yearly": -336
        },
        "20172": {
            "year_quarter": 20172,
            "year": 2017,
            "quarter": 2,
            "eps": -0.11,
            "eps_growth_year": -144,
            "eps_4q": -0.46,
            "eps_4q_growth_year": null,
            "roe": -2.25,
            "roe_4q": -7.6400000000000015,
            "gross_profit": 3217,
            "gross_margin": 18.29,
            "gross_margin_4q_avg": 14.14,
            "net_income": -7003,
            "net_income_4q": null,
            "revenue": 17590,
            "revenue_4q": null,
            "common_shares": 464637,
            "book_valuer_per_share": 6.28,
            "book_valuer_per_share_4q_avg": 6.53,
            "equity": 321098,
            "current_ratio": 327.02,
            "debt_ratio": 40.29,
            "inventory_turnover_ratio": 1.08,
            "account_receivable_turnover_ratio": 6.74,
            "reinvestment_rate": null,
            "research_to_sale_ratio": null,
            "price_fair": 0.48,
            "eps_avg_yearly": 0.16,
            "eps_latest_yearly": 0.16,
            "eps_growth_yearly": -336
        },
        "20173": {
            "year_quarter": 20173,
            "year": 2017,
            "quarter": 3,
            "eps": -0.17,
            "eps_growth_year": -525,
            "eps_4q": -0.68,
            "eps_4q_growth_year": null,
            "roe": -2.11,
            "roe_4q": -10.39,
            "gross_profit": 787,
            "gross_margin": 5.75,
            "gross_margin_4q_avg": 11.91,
            "net_income": -6656,
            "net_income_4q": null,
            "revenue": 13687,
            "revenue_4q": null,
            "common_shares": 464637,
            "book_valuer_per_share": 6.07,
            "book_valuer_per_share_4q_avg": 6.34,
            "equity": 311116,
            "current_ratio": 321.13,
            "debt_ratio": 40.11,
            "inventory_turnover_ratio": 1.1,
            "account_receivable_turnover_ratio": 3.92,
            "reinvestment_rate": null,
            "research_to_sale_ratio": null,
            "price_fair": 0.48,
            "eps_avg_yearly": 0.16,
            "eps_latest_yearly": 0.16,
            "eps_growth_yearly": -336
        },
        "20174": {
            "year_quarter": 20174,
            "year": 2017,
            "quarter": 4,
            "eps": -0.23,
            "eps_growth_year": null,
            "eps_4q": -0.68,
            "eps_4q_growth_year": -350856.19,
            "roe": -5.5,
            "roe_4q": -12.51,
            "gross_profit": -2293,
            "gross_margin": -9.2,
            "gross_margin_4q_avg": 8.1,
            "net_income": -16705,
            "net_income_4q": null,
            "revenue": 24930,
            "revenue_4q": null,
            "common_shares": 464637,
            "book_valuer_per_share": 5.78,
            "book_valuer_per_share_4q_avg": 6.13,
            "equity": 296170,
            "current_ratio": 238.63,
            "debt_ratio": 43.71,
            "inventory_turnover_ratio": 3.05,
            "account_receivable_turnover_ratio": 4.08,
            "reinvestment_rate": null,
            "research_to_sale_ratio": null,
            "price_fair": 0.48,
            "eps_avg_yearly": 0.16,
            "eps_latest_yearly": 0.16,
            "eps_growth_yearly": -336
        },
        "20181": {
            "year_quarter": 20181,
            "year": 2018,
            "quarter": 1,
            "eps": -0.18,
            "eps_growth_year": null,
            "eps_4q": -0.69,
            "eps_4q_growth_year": null,
            "roe": -3.12,
            "roe_4q": -12.98,
            "gross_profit": 1795,
            "gross_margin": 6.91,
            "gross_margin_4q_avg": 5.44,
            "net_income": -9127,
            "net_income_4q": null,
            "revenue": 25994,
            "revenue_4q": null,
            "common_shares": 464637,
            "book_valuer_per_share": 5.63,
            "book_valuer_per_share_4q_avg": 5.94,
            "equity": 288472,
            "current_ratio": 259.91,
            "debt_ratio": 42.24,
            "inventory_turnover_ratio": 6.76,
            "account_receivable_turnover_ratio": 4.68,
            "reinvestment_rate": null,
            "research_to_sale_ratio": null,
            "price_fair": 0.48,
            "eps_avg_yearly": 0.16,
            "eps_latest_yearly": 0.16,
            "eps_growth_yearly": -336
        },
        "20182": {
            "year_quarter": 20182,
            "year": 2018,
            "quarter": 2,
            "eps": -0.1,
            "eps_growth_year": null,
            "eps_4q": -0.68,
            "eps_4q_growth_year": null,
            "roe": -2.51,
            "roe_4q": -13.239999999999998,
            "gross_profit": -1163,
            "gross_margin": -6.44,
            "gross_margin_4q_avg": -0.75,
            "net_income": -7148,
            "net_income_4q": null,
            "revenue": 18046,
            "revenue_4q": null,
            "common_shares": 464637,
            "book_valuer_per_share": 5.54,
            "book_valuer_per_share_4q_avg": 5.76,
            "equity": 281862,
            "current_ratio": 211.06,
            "debt_ratio": 44.07,
            "inventory_turnover_ratio": 18.79,
            "account_receivable_turnover_ratio": 5.11,
            "reinvestment_rate": null,
            "research_to_sale_ratio": null,
            "price_fair": 0.48,
            "eps_avg_yearly": 0.16,
            "eps_latest_yearly": 0.16,
            "eps_growth_yearly": -336
        },
        "20183": {
            "year_quarter": 20183,
            "year": 2018,
            "quarter": 3,
            "eps": -0.19,
            "eps_growth_year": null,
            "eps_4q": -0.7,
            "eps_4q_growth_year": null,
            "roe": -4.69,
            "roe_4q": -15.82,
            "gross_profit": -5239,
            "gross_margin": -22.01,
            "gross_margin_4q_avg": -7.69,
            "net_income": -13036,
            "net_income_4q": null,
            "revenue": 23805,
            "revenue_4q": null,
            "common_shares": 464637,
            "book_valuer_per_share": 5.36,
            "book_valuer_per_share_4q_avg": 5.58,
            "equity": 274424,
            "current_ratio": 199.23,
            "debt_ratio": 43.85,
            "inventory_turnover_ratio": 39.68,
            "account_receivable_turnover_ratio": 5.25,
            "reinvestment_rate": null,
            "research_to_sale_ratio": null,
            "price_fair": 0.48,
            "eps_avg_yearly": 0.16,
            "eps_latest_yearly": 0.16,
            "eps_growth_yearly": -336
        },
        "20184": {
            "year_quarter": 20184,
            "year": 2018,
            "quarter": 4,
            "eps": -0.06,
            "eps_growth_year": null,
            "eps_4q": -0.54,
            "eps_4q_growth_year": null,
            "roe": -2.09,
            "roe_4q": -12.41,
            "gross_profit": 168,
            "gross_margin": 0.57,
            "gross_margin_4q_avg": -5.24,
            "net_income": -5712,
            "net_income_4q": null,
            "revenue": 29669,
            "revenue_4q": null,
            "common_shares": 464637,
            "book_valuer_per_share": 5.35,
            "book_valuer_per_share_4q_avg": 5.47,
            "equity": 272522,
            "current_ratio": 156.25,
            "debt_ratio": 45.32,
            "inventory_turnover_ratio": 43,
            "account_receivable_turnover_ratio": 7.04,
            "reinvestment_rate": null,
            "research_to_sale_ratio": null,
            "price_fair": 0.48,
            "eps_avg_yearly": 0.16,
            "eps_latest_yearly": 0.16,
            "eps_growth_yearly": -336
        },
        "20191": {
            "year_quarter": 20191,
            "year": 2019,
            "quarter": 1,
            "eps": -0.12,
            "eps_growth_year": null,
            "eps_4q": -0.47,
            "eps_4q_growth_year": null,
            "roe": -2.08,
            "roe_4q": -11.37,
            "gross_profit": 12037,
            "gross_margin": 36.71,
            "gross_margin_4q_avg": 2.21,
            "net_income": -5633,
            "net_income_4q": null,
            "revenue": 32788,
            "revenue_4q": null,
            "common_shares": 464637,
            "book_valuer_per_share": 5.26,
            "book_valuer_per_share_4q_avg": 5.38,
            "equity": 269586,
            "current_ratio": 127.37,
            "debt_ratio": 68.6,
            "inventory_turnover_ratio": 22.3,
            "account_receivable_turnover_ratio": 10.43,
            "reinvestment_rate": null,
            "research_to_sale_ratio": null,
            "price_fair": 0.48,
            "eps_avg_yearly": 0.16,
            "eps_latest_yearly": 0.16,
            "eps_growth_yearly": -336
        },
        "20192": {
            "year_quarter": 20192,
            "year": 2019,
            "quarter": 2,
            "eps": -0.47,
            "eps_growth_year": null,
            "eps_4q": -0.84,
            "eps_4q_growth_year": null,
            "roe": -9.9,
            "roe_4q": -18.76,
            "gross_profit": 7772,
            "gross_margin": 25.5,
            "gross_margin_4q_avg": 10.19,
            "net_income": -25615,
            "net_income_4q": null,
            "revenue": 30480,
            "revenue_4q": null,
            "common_shares": 464637,
            "book_valuer_per_share": 4.81,
            "book_valuer_per_share_4q_avg": 5.2,
            "equity": 247839,
            "current_ratio": 107.79,
            "debt_ratio": 70.97,
            "inventory_turnover_ratio": 18.77,
            "account_receivable_turnover_ratio": 10.69,
            "reinvestment_rate": null,
            "research_to_sale_ratio": null,
            "price_fair": 0.48,
            "eps_avg_yearly": 0.16,
            "eps_latest_yearly": 0.16,
            "eps_growth_yearly": -336
        },
        "20193": {
            "year_quarter": 20193,
            "year": 2019,
            "quarter": 3,
            "eps": -0.99,
            "eps_growth_year": null,
            "eps_4q": -1.64,
            "eps_4q_growth_year": null,
            "roe": -24.92,
            "roe_4q": -38.989999999999995,
            "gross_profit": 9546,
            "gross_margin": 24.7,
            "gross_margin_4q_avg": 21.87,
            "net_income": -54944,
            "net_income_4q": null,
            "revenue": 38647,
            "revenue_4q": null,
            "common_shares": 464637,
            "book_valuer_per_share": 3.79,
            "book_valuer_per_share_4q_avg": 4.8,
            "equity": 193074,
            "current_ratio": 88.35,
            "debt_ratio": 77.02,
            "inventory_turnover_ratio": 16.52,
            "account_receivable_turnover_ratio": 9.75,
            "reinvestment_rate": null,
            "research_to_sale_ratio": null,
            "price_fair": 0.48,
            "eps_avg_yearly": 0.16,
            "eps_latest_yearly": 0.16,
            "eps_growth_yearly": -336
        },
        "20194": {
            "year_quarter": 20194,
            "year": 2019,
            "quarter": 4,
            "eps": -0.25,
            "eps_growth_year": null,
            "eps_4q": -3.2,
            "eps_4q_growth_year": null,
            "roe": -3.97,
            "roe_4q": -40.87,
            "gross_profit": 10709,
            "gross_margin": 30.98,
            "gross_margin_4q_avg": 29.47,
            "net_income": -7410,
            "net_income_4q": null,
            "revenue": 34573,
            "revenue_4q": null,
            "common_shares": 247440,
            "book_valuer_per_share": 6.84,
            "book_valuer_per_share_4q_avg": 5.18,
            "equity": 180160,
            "current_ratio": 96.92,
            "debt_ratio": 75.98,
            "inventory_turnover_ratio": 23.94,
            "account_receivable_turnover_ratio": 8.24,
            "reinvestment_rate": null,
            "research_to_sale_ratio": null,
            "price_fair": 0.48,
            "eps_avg_yearly": 0.16,
            "eps_latest_yearly": 0.16,
            "eps_growth_yearly": -336
        },
        "20201": {
            "year_quarter": 20201,
            "year": 2020,
            "quarter": 1,
            "eps": -0.12,
            "eps_growth_year": null,
            "eps_4q": -3.13,
            "eps_4q_growth_year": null,
            "roe": -1.55,
            "roe_4q": -40.34,
            "gross_profit": 2760,
            "gross_margin": 29.65,
            "gross_margin_4q_avg": 27.71,
            "net_income": -2947,
            "net_income_4q": null,
            "revenue": 9310,
            "revenue_4q": null,
            "common_shares": 247440,
            "book_valuer_per_share": 6.69,
            "book_valuer_per_share_4q_avg": 5.53,
            "equity": 199593,
            "current_ratio": 44.98,
            "debt_ratio": 73.35,
            "inventory_turnover_ratio": 60.09,
            "account_receivable_turnover_ratio": 1.94,
            "reinvestment_rate": null,
            "research_to_sale_ratio": null,
            "price_fair": 0.48,
            "eps_avg_yearly": 0.16,
            "eps_latest_yearly": 0.16,
            "eps_growth_yearly": -336
        },
        "20202": {
            "year_quarter": 20202,
            "year": 2020,
            "quarter": 2,
            "eps": 0.39,
            "eps_growth_year": null,
            "eps_4q": -1.86,
            "eps_4q_growth_year": null,
            "roe": 5.27,
            "roe_4q": -25.17,
            "gross_profit": 7879,
            "gross_margin": 43.25,
            "gross_margin_4q_avg": 32.15,
            "net_income": 10792,
            "net_income_4q": null,
            "revenue": 18219,
            "revenue_4q": null,
            "common_shares": 247440,
            "book_valuer_per_share": 7.06,
            "book_valuer_per_share_4q_avg": 6.1,
            "equity": 209815,
            "current_ratio": 47.87,
            "debt_ratio": 72.26,
            "inventory_turnover_ratio": 67.36,
            "account_receivable_turnover_ratio": 2.43,
            "reinvestment_rate": null,
            "research_to_sale_ratio": null,
            "price_fair": 0.48,
            "eps_avg_yearly": 0.16,
            "eps_latest_yearly": 0.16,
            "eps_growth_yearly": -336
        },
        "20203": {
            "year_quarter": 20203,
            "year": 2020,
            "quarter": 3,
            "eps": -0.11,
            "eps_growth_year": null,
            "eps_4q": -0.11,
            "eps_4q_growth_year": null,
            "roe": -0.34,
            "roe_4q": -0.5900000000000003,
            "gross_profit": 6676,
            "gross_margin": 36.24,
            "gross_margin_4q_avg": 35.03,
            "net_income": -709,
            "net_income_4q": null,
            "revenue": 18420,
            "revenue_4q": null,
            "common_shares": 170996,
            "book_valuer_per_share": 10.13,
            "book_valuer_per_share_4q_avg": 7.68,
            "equity": 213496,
            "current_ratio": 46.17,
            "debt_ratio": 73.69,
            "inventory_turnover_ratio": 22.52,
            "account_receivable_turnover_ratio": 2.55,
            "reinvestment_rate": null,
            "research_to_sale_ratio": null,
            "price_fair": 0,
            "eps_avg_yearly": 0,
            "eps_latest_yearly": 0,
            "eps_growth_yearly": 0
        },
        "20204": {
            "year_quarter": 20204,
            "year": 2020,
            "quarter": 4,
            "eps": -0.63,
            "eps_growth_year": null,
            "eps_4q": -0.37,
            "eps_4q_growth_year": null,
            "roe": -7.34,
            "roe_4q": -3.96,
            "gross_profit": 3144,
            "gross_margin": 29.33,
            "gross_margin_4q_avg": 34.62,
            "net_income": -15135,
            "net_income_4q": null,
            "revenue": 10720,
            "revenue_4q": null,
            "common_shares": 170996,
            "book_valuer_per_share": 9.54,
            "book_valuer_per_share_4q_avg": 8.36,
            "equity": 198921,
            "current_ratio": 95.32,
            "debt_ratio": 77.19,
            "inventory_turnover_ratio": 5.8,
            "account_receivable_turnover_ratio": 2.24,
            "reinvestment_rate": null,
            "research_to_sale_ratio": null,
            "price_fair": 0,
            "eps_avg_yearly": 0,
            "eps_latest_yearly": 0,
            "eps_growth_yearly": 0
        },
        "20211": {
            "year_quarter": 20211,
            "year": 2021,
            "quarter": 1,
            "eps": -0.39,
            "eps_growth_year": null,
            "eps_4q": -0.56,
            "eps_4q_growth_year": null,
            "roe": -3.88,
            "roe_4q": -6.289999999999999,
            "gross_profit": 2596,
            "gross_margin": 31.19,
            "gross_margin_4q_avg": 35,
            "net_income": -7575,
            "net_income_4q": null,
            "revenue": 8323,
            "revenue_4q": null,
            "common_shares": 170996,
            "book_valuer_per_share": 9.14,
            "book_valuer_per_share_4q_avg": 8.97,
            "equity": 191114,
            "current_ratio": 90.98,
            "debt_ratio": 79.96,
            "inventory_turnover_ratio": 4.99,
            "account_receivable_turnover_ratio": 2.23,
            "reinvestment_rate": null,
            "research_to_sale_ratio": null,
            "price_fair": 0,
            "eps_avg_yearly": 0,
            "eps_latest_yearly": 0,
            "eps_growth_yearly": 0
        },
        "20212": {
            "year_quarter": 20212,
            "year": 2021,
            "quarter": 2,
            "eps": -0.63,
            "eps_growth_year": -261.54,
            "eps_4q": -1.75,
            "eps_4q_growth_year": null,
            "roe": -6.1,
            "roe_4q": -17.66,
            "gross_profit": 2619,
            "gross_margin": 39.35,
            "gross_margin_4q_avg": 34.03,
            "net_income": -11310,
            "net_income_4q": null,
            "revenue": 6656,
            "revenue_4q": null,
            "common_shares": 170996,
            "book_valuer_per_share": 8.48,
            "book_valuer_per_share_4q_avg": 9.32,
            "equity": 179409,
            "current_ratio": 102.08,
            "debt_ratio": 83.07,
            "inventory_turnover_ratio": 7.35,
            "account_receivable_turnover_ratio": 2.38,
            "reinvestment_rate": null,
            "research_to_sale_ratio": null,
            "price_fair": 0,
            "eps_avg_yearly": 0,
            "eps_latest_yearly": 0,
            "eps_growth_yearly": 0
        },
        "20213": {
            "year_quarter": 20213,
            "year": 2021,
            "quarter": 3,
            "eps": -1.84,
            "eps_growth_year": null,
            "eps_4q": -2.43,
            "eps_4q_growth_year": null,
            "roe": -13.47,
            "roe_4q": -30.79,
            "gross_profit": 3325,
            "gross_margin": 37.52,
            "gross_margin_4q_avg": 34.35,
            "net_income": -35251,
            "net_income_4q": null,
            "revenue": 8863,
            "revenue_4q": null,
            "common_shares": 270996,
            "book_valuer_per_share": 11.34,
            "book_valuer_per_share_4q_avg": 9.63,
            "equity": 344111,
            "current_ratio": 152.75,
            "debt_ratio": 68.39,
            "inventory_turnover_ratio": 8.36,
            "account_receivable_turnover_ratio": 2.14,
            "reinvestment_rate": null,
            "research_to_sale_ratio": null,
            "price_fair": 0,
            "eps_avg_yearly": 0,
            "eps_latest_yearly": 0,
            "eps_growth_yearly": 0
        },
        "20214": {
            "year_quarter": 20214,
            "year": 2021,
            "quarter": 4,
            "eps": -0.35,
            "eps_growth_year": null,
            "eps_4q": -2.38,
            "eps_4q_growth_year": null,
            "roe": -2.74,
            "roe_4q": -26.19,
            "gross_profit": 1822,
            "gross_margin": 31.69,
            "gross_margin_4q_avg": 34.94,
            "net_income": -9587,
            "net_income_4q": null,
            "revenue": 5750,
            "revenue_4q": null,
            "common_shares": 270996,
            "book_valuer_per_share": 11.77,
            "book_valuer_per_share_4q_avg": 10.18,
            "equity": 355720,
            "current_ratio": 142.4,
            "debt_ratio": 67.41,
            "inventory_turnover_ratio": 3.93,
            "account_receivable_turnover_ratio": 1.52,
            "reinvestment_rate": null,
            "research_to_sale_ratio": null,
            "price_fair": 0,
            "eps_avg_yearly": 0,
            "eps_latest_yearly": 0,
            "eps_growth_yearly": 0
        },
        "20221": {
            "year_quarter": 20221,
            "year": 2022,
            "quarter": 1,
            "eps": -0.13,
            "eps_growth_year": null,
            "eps_4q": -2.27,
            "eps_4q_growth_year": null,
            "roe": -1.08,
            "roe_4q": -23.39,
            "gross_profit": 5586,
            "gross_margin": 53.62,
            "gross_margin_4q_avg": 40.55,
            "net_income": -3832,
            "net_income_4q": null,
            "revenue": 10417,
            "revenue_4q": null,
            "common_shares": 270996,
            "book_valuer_per_share": 11.69,
            "book_valuer_per_share_4q_avg": 10.82,
            "equity": 353234,
            "current_ratio": 111.42,
            "debt_ratio": 68.3,
            "inventory_turnover_ratio": 7.17,
            "account_receivable_turnover_ratio": 6.81,
            "reinvestment_rate": null,
            "research_to_sale_ratio": null,
            "price_fair": 0,
            "eps_avg_yearly": 0,
            "eps_latest_yearly": 0,
            "eps_growth_yearly": 0
        },
        "20222": {
            "year_quarter": 20222,
            "year": 2022,
            "quarter": 2,
            "eps": 0.39,
            "eps_growth_year": null,
            "eps_4q": -1.24,
            "eps_4q_growth_year": null,
            "roe": 2.7,
            "roe_4q": -14.59,
            "gross_profit": 22782,
            "gross_margin": 90.33,
            "gross_margin_4q_avg": 53.29,
            "net_income": 11092,
            "net_income_4q": null,
            "revenue": 25221,
            "revenue_4q": null,
            "common_shares": 320996,
            "book_valuer_per_share": 13.43,
            "book_valuer_per_share_4q_avg": 12.06,
            "equity": 467594,
            "current_ratio": 143.36,
            "debt_ratio": 60.7,
            "inventory_turnover_ratio": 3.6,
            "account_receivable_turnover_ratio": 2.03,
            "reinvestment_rate": null,
            "research_to_sale_ratio": null,
            "price_fair": 0,
            "eps_avg_yearly": 0,
            "eps_latest_yearly": 0,
            "eps_growth_yearly": 0
        },
        "20223": {
            "year_quarter": 20223,
            "year": 2022,
            "quarter": 3,
            "eps": -0.11,
            "eps_growth_year": null,
            "eps_4q": -0.17,
            "eps_4q_growth_year": null,
            "roe": -0.79,
            "roe_4q": -1.9100000000000001,
            "gross_profit": 7872,
            "gross_margin": 50.54,
            "gross_margin_4q_avg": 56.55,
            "net_income": -3683,
            "net_income_4q": null,
            "revenue": 15577,
            "revenue_4q": null,
            "common_shares": 320996,
            "book_valuer_per_share": 13.34,
            "book_valuer_per_share_4q_avg": 12.56,
            "equity": 464624,
            "current_ratio": 105.41,
            "debt_ratio": 62.94,
            "inventory_turnover_ratio": 13.45,
            "account_receivable_turnover_ratio": 1.03,
            "reinvestment_rate": null,
            "research_to_sale_ratio": null,
            "price_fair": 0,
            "eps_avg_yearly": 0,
            "eps_latest_yearly": 0,
            "eps_growth_yearly": 0
        },
        "20224": {
            "year_quarter": 20224,
            "year": 2022,
            "quarter": 4,
            "eps": 0.73,
            "eps_growth_year": null,
            "eps_4q": 0.85,
            "eps_4q_growth_year": null,
            "roe": 3.86,
            "roe_4q": 4.6899999999999995,
            "gross_profit": 23981,
            "gross_margin": 75.89,
            "gross_margin_4q_avg": 67.6,
            "net_income": 18596,
            "net_income_4q": null,
            "revenue": 31598,
            "revenue_4q": null,
            "common_shares": 320996,
            "book_valuer_per_share": 14.53,
            "book_valuer_per_share_4q_avg": 13.25,
            "equity": 498022,
            "current_ratio": 125.66,
            "debt_ratio": 64.53,
            "inventory_turnover_ratio": null,
            "account_receivable_turnover_ratio": 1.51,
            "reinvestment_rate": null,
            "research_to_sale_ratio": null,
            "price_fair": 0,
            "eps_avg_yearly": 0,
            "eps_latest_yearly": 0,
            "eps_growth_yearly": 0
        },
        "20231": {
            "year_quarter": 20231,
            "year": 2023,
            "quarter": 1,
            "eps": 0.05,
            "eps_growth_year": null,
            "eps_4q": 1.02,
            "eps_4q_growth_year": null,
            "roe": 0.17,
            "roe_4q": 5.94,
            "gross_profit": 3493,
            "gross_margin": 38.08,
            "gross_margin_4q_avg": 63.71,
            "net_income": 864,
            "net_income_4q": null,
            "revenue": 9174,
            "revenue_4q": null,
            "common_shares": 320996,
            "book_valuer_per_share": 14.8,
            "book_valuer_per_share_4q_avg": 14.03,
            "equity": 505803,
            "current_ratio": 153.76,
            "debt_ratio": 56.88,
            "inventory_turnover_ratio": null,
            "account_receivable_turnover_ratio": 0.34,
            "reinvestment_rate": null,
            "research_to_sale_ratio": null,
            "price_fair": 0.6,
            "eps_avg_yearly": 0.2,
            "eps_latest_yearly": 0.2,
            "eps_growth_yearly": -372.6
        },
        "20232": {
            "year_quarter": 20232,
            "year": 2023,
            "quarter": 2,
            "eps": -0.23,
            "eps_growth_year": -158.97,
            "eps_4q": 0.44,
            "eps_4q_growth_year": null,
            "roe": -1.65,
            "roe_4q": 1.5899999999999999,
            "gross_profit": 6960,
            "gross_margin": 53.82,
            "gross_margin_4q_avg": 54.58,
            "net_income": -8049,
            "net_income_4q": null,
            "revenue": 12933,
            "revenue_4q": null,
            "common_shares": 320996,
            "book_valuer_per_share": 13.62,
            "book_valuer_per_share_4q_avg": 14.07,
            "equity": 467252,
            "current_ratio": 137.51,
            "debt_ratio": 59.04,
            "inventory_turnover_ratio": null,
            "account_receivable_turnover_ratio": 1.19,
            "reinvestment_rate": null,
            "research_to_sale_ratio": null,
            "price_fair": 0.6,
            "eps_avg_yearly": 0.2,
            "eps_latest_yearly": 0.2,
            "eps_growth_yearly": -372.6
        },
        "20233": {
            "year_quarter": 20233,
            "year": 2023,
            "quarter": 3,
            "eps": -0.4,
            "eps_growth_year": null,
            "eps_4q": 0.14,
            "eps_4q_growth_year": null,
            "roe": -2.96,
            "roe_4q": -0.5799999999999996,
            "gross_profit": 5175,
            "gross_margin": 48.09,
            "gross_margin_4q_avg": 53.97,
            "net_income": -13632,
            "net_income_4q": null,
            "revenue": 10760,
            "revenue_4q": null,
            "common_shares": 320996,
            "book_valuer_per_share": 13.24,
            "book_valuer_per_share_4q_avg": 14.05,
            "equity": 454637,
            "current_ratio": 168.84,
            "debt_ratio": 66.8,
            "inventory_turnover_ratio": null,
            "account_receivable_turnover_ratio": 3.3,
            "reinvestment_rate": null,
            "research_to_sale_ratio": null,
            "price_fair": 0.6,
            "eps_avg_yearly": 0.2,
            "eps_latest_yearly": 0.2,
            "eps_growth_yearly": -372.6
        },
        "20234": {
            "year_quarter": 20234,
            "year": 2023,
            "quarter": 4,
            "eps": -0.41,
            "eps_growth_year": -155.55,
            "eps_4q": -0.99,
            "eps_4q_growth_year": -216.52,
            "roe": -3.09,
            "roe_4q": -7.529999999999999,
            "gross_profit": 4648,
            "gross_margin": 47.59,
            "gross_margin_4q_avg": 46.9,
            "net_income": -13921,
            "net_income_4q": null,
            "revenue": 9767,
            "revenue_4q": null,
            "common_shares": 320996,
            "book_valuer_per_share": 13.01,
            "book_valuer_per_share_4q_avg": 13.67,
            "equity": 446314,
            "current_ratio": 117.4,
            "debt_ratio": 66.38,
            "inventory_turnover_ratio": 0.3,
            "account_receivable_turnover_ratio": 3.91,
            "reinvestment_rate": null,
            "research_to_sale_ratio": null,
            "price_fair": 0.6,
            "eps_avg_yearly": 0.2,
            "eps_latest_yearly": 0.2,
            "eps_growth_yearly": -372.6
        }
    },
    "months": {
        "2003-12": {
            "month": "2003-12",
            "price": "30.00",
            "revenue": 35964
        },
        "2004-01": {
            "month": "2004-01",
            "price": "32.00",
            "revenue": 25713
        },
        "2004-05": {
            "month": "2004-05",
            "price": "26.37",
            "revenue": 103278
        },
        "2004-06": {
            "month": "2004-06",
            "price": "21.93",
            "revenue": 109754
        },
        "2004-07": {
            "month": "2004-07",
            "price": "18.76",
            "revenue": 119950
        },
        "2004-08": {
            "month": "2004-08",
            "price": "16.09",
            "revenue": 91327
        },
        "2004-12": {
            "month": "2004-12",
            "price": "11.62",
            "revenue": 50047
        },
        "2005-01": {
            "month": "2005-01",
            "price": "8.10",
            "revenue": 42951
        },
        "2005-03": {
            "month": "2005-03",
            "price": "10.62",
            "revenue": 71307
        },
        "2005-05": {
            "month": "2005-05",
            "price": "15.54",
            "revenue": 109672
        },
        "2005-06": {
            "month": "2005-06",
            "price": "18.70",
            "revenue": 151991
        },
        "2005-07": {
            "month": "2005-07",
            "price": "18.20",
            "revenue": 147738
        },
        "2005-10": {
            "month": "2005-10",
            "price": "19.23",
            "revenue": 98649
        },
        "2005-11": {
            "month": "2005-11",
            "price": "20.38",
            "revenue": 146069
        },
        "2005-12": {
            "month": "2005-12",
            "price": "23.74",
            "revenue": 153542
        },
        "2006-01": {
            "month": "2006-01",
            "price": "29.15",
            "revenue": 80620
        },
        "2006-03": {
            "month": "2006-03",
            "price": "30.80",
            "revenue": 107391
        },
        "2006-04": {
            "month": "2006-04",
            "price": "30.25",
            "revenue": 97968
        },
        "2006-05": {
            "month": "2006-05",
            "price": "31.75",
            "revenue": 85034
        },
        "2006-08": {
            "month": "2006-08",
            "price": "31.62",
            "revenue": 136512
        },
        "2006-09": {
            "month": "2006-09",
            "price": "29.35",
            "revenue": 125190
        },
        "2006-10": {
            "month": "2006-10",
            "price": "32.75",
            "revenue": 81636
        },
        "2006-11": {
            "month": "2006-11",
            "price": "35.80",
            "revenue": 99825
        },
        "2006-12": {
            "month": "2006-12",
            "price": "38.72",
            "revenue": 66147
        },
        "2007-01": {
            "month": "2007-01",
            "price": "42.37",
            "revenue": 65170
        },
        "2007-02": {
            "month": "2007-02",
            "price": "40.11",
            "revenue": 30771
        },
        "2007-03": {
            "month": "2007-03",
            "price": "38.57",
            "revenue": 125155
        },
        "2007-05": {
            "month": "2007-05",
            "price": "42.16",
            "revenue": 153645
        },
        "2007-06": {
            "month": "2007-06",
            "price": "52.41",
            "revenue": 186548
        },
        "2007-07": {
            "month": "2007-07",
            "price": "58.10",
            "revenue": 194091
        },
        "2007-08": {
            "month": "2007-08",
            "price": "58.58",
            "revenue": 199449
        },
        "2007-09": {
            "month": "2007-09",
            "price": "51.82",
            "revenue": 169825
        },
        "2007-10": {
            "month": "2007-10",
            "price": "54.65",
            "revenue": 107427
        },
        "2007-11": {
            "month": "2007-11",
            "price": "55.82",
            "revenue": 104210
        },
        "2007-12": {
            "month": "2007-12",
            "price": "53.68",
            "revenue": 132254
        },
        "2008-01": {
            "month": "2008-01",
            "price": "46.59",
            "revenue": 133234
        },
        "2008-02": {
            "month": "2008-02",
            "price": "43.99",
            "revenue": 100524
        },
        "2008-03": {
            "month": "2008-03",
            "price": "48.09",
            "revenue": 163029
        },
        "2008-04": {
            "month": "2008-04",
            "price": "50.98",
            "revenue": 166909
        },
        "2008-05": {
            "month": "2008-05",
            "price": "54.93",
            "revenue": 173637
        },
        "2008-06": {
            "month": "2008-06",
            "price": "50.22",
            "revenue": 147587
        },
        "2008-07": {
            "month": "2008-07",
            "price": "42.22",
            "revenue": 201550
        },
        "2008-08": {
            "month": "2008-08",
            "price": "44.00",
            "revenue": 213177
        },
        "2008-09": {
            "month": "2008-09",
            "price": "38.59",
            "revenue": 217545
        },
        "2008-10": {
            "month": "2008-10",
            "price": "37.93",
            "revenue": 131933
        },
        "2008-11": {
            "month": "2008-11",
            "price": "36.80",
            "revenue": 121761
        },
        "2008-12": {
            "month": "2008-12",
            "price": "33.94",
            "revenue": 133456
        },
        "2009-01": {
            "month": "2009-01",
            "price": "33.81",
            "revenue": 55455
        },
        "2009-02": {
            "month": "2009-02",
            "price": "36.02",
            "revenue": 120862
        },
        "2009-03": {
            "month": "2009-03",
            "price": "39.25",
            "revenue": 150774
        },
        "2009-04": {
            "month": "2009-04",
            "price": "40.47",
            "revenue": 192664
        },
        "2009-05": {
            "month": "2009-05",
            "price": "40.59",
            "revenue": 203760
        },
        "2009-06": {
            "month": "2009-06",
            "price": "38.73",
            "revenue": 204817
        },
        "2009-07": {
            "month": "2009-07",
            "price": "39.51",
            "revenue": 221504
        },
        "2009-08": {
            "month": "2009-08",
            "price": "38.54",
            "revenue": 232472
        },
        "2009-09": {
            "month": "2009-09",
            "price": "38.24",
            "revenue": 240352
        },
        "2009-10": {
            "month": "2009-10",
            "price": "49.41",
            "revenue": 244704
        },
        "2009-11": {
            "month": "2009-11",
            "price": "46.70",
            "revenue": 181287
        },
        "2009-12": {
            "month": "2009-12",
            "price": "46.91",
            "revenue": 176034
        },
        "2010-01": {
            "month": "2010-01",
            "price": "46.22",
            "revenue": 168923
        },
        "2010-02": {
            "month": "2010-02",
            "price": "38.46",
            "revenue": 76038
        },
        "2010-03": {
            "month": "2010-03",
            "price": "40.56",
            "revenue": 170796
        },
        "2010-04": {
            "month": "2010-04",
            "price": "41.92",
            "revenue": 170025
        },
        "2010-05": {
            "month": "2010-05",
            "price": "32.05",
            "revenue": 200619
        },
        "2010-06": {
            "month": "2010-06",
            "price": "30.26",
            "revenue": 215471
        },
        "2010-07": {
            "month": "2010-07",
            "price": "30.65",
            "revenue": 221995
        },
        "2010-08": {
            "month": "2010-08",
            "price": "30.32",
            "revenue": 210622
        },
        "2010-09": {
            "month": "2010-09",
            "price": "26.50",
            "revenue": 212204
        },
        "2010-10": {
            "month": "2010-10",
            "price": "26.06",
            "revenue": 103297
        },
        "2010-11": {
            "month": "2010-11",
            "price": "25.74",
            "revenue": 100734
        },
        "2010-12": {
            "month": "2010-12",
            "price": "24.81",
            "revenue": 114843
        },
        "2011-01": {
            "month": "2011-01",
            "price": "21.73",
            "revenue": 103467
        },
        "2011-02": {
            "month": "2011-02",
            "price": "18.85",
            "revenue": 61013
        },
        "2011-03": {
            "month": "2011-03",
            "price": "20.20",
            "revenue": 113454
        },
        "2011-04": {
            "month": "2011-04",
            "price": "18.47",
            "revenue": 115456
        },
        "2011-05": {
            "month": "2011-05",
            "price": "16.26",
            "revenue": 116341
        },
        "2011-06": {
            "month": "2011-06",
            "price": "14.38",
            "revenue": 83404
        },
        "2011-07": {
            "month": "2011-07",
            "price": "14.49",
            "revenue": 87597
        },
        "2011-08": {
            "month": "2011-08",
            "price": "12.86",
            "revenue": 85005
        },
        "2011-09": {
            "month": "2011-09",
            "price": "12.32",
            "revenue": 61083
        },
        "2011-10": {
            "month": "2011-10",
            "price": "12.30",
            "revenue": 44892
        },
        "2011-11": {
            "month": "2011-11",
            "price": "12.78",
            "revenue": 43661
        },
        "2011-12": {
            "month": "2011-12",
            "price": "13.56",
            "revenue": 51082
        },
        "2012-01": {
            "month": "2012-01",
            "price": "11.84",
            "revenue": 27634
        },
        "2012-02": {
            "month": "2012-02",
            "price": "13.52",
            "revenue": 44395
        },
        "2012-03": {
            "month": "2012-03",
            "price": "17.53",
            "revenue": 64555
        },
        "2012-04": {
            "month": "2012-04",
            "price": "25.01",
            "revenue": 40946
        },
        "2012-05": {
            "month": "2012-05",
            "price": "22.74",
            "revenue": 62971
        },
        "2012-06": {
            "month": "2012-06",
            "price": "25.97",
            "revenue": 78092
        },
        "2012-07": {
            "month": "2012-07",
            "price": "26.28",
            "revenue": 40716
        },
        "2012-08": {
            "month": "2012-08",
            "price": "18.85",
            "revenue": 88547
        },
        "2012-09": {
            "month": "2012-09",
            "price": "17.16",
            "revenue": 53419
        },
        "2012-10": {
            "month": "2012-10",
            "price": "15.21",
            "revenue": 46597
        },
        "2012-11": {
            "month": "2012-11",
            "price": "5.96",
            "revenue": 20426
        },
        "2012-12": {
            "month": "2012-12",
            "price": "6.56",
            "revenue": 25078
        },
        "2013-01": {
            "month": "2013-01",
            "price": "5.19",
            "revenue": 19434
        },
        "2013-02": {
            "month": "2013-02",
            "price": "5.63",
            "revenue": 5645
        },
        "2013-03": {
            "month": "2013-03",
            "price": "4.98",
            "revenue": 20675
        },
        "2013-04": {
            "month": "2013-04",
            "price": "4.88",
            "revenue": 16912
        },
        "2013-05": {
            "month": "2013-05",
            "price": "5.07",
            "revenue": 14544
        },
        "2013-06": {
            "month": "2013-06",
            "price": "6.11",
            "revenue": 8782
        },
        "2013-07": {
            "month": "2013-07",
            "price": "6.02",
            "revenue": 13368
        },
        "2013-08": {
            "month": "2013-08",
            "price": "5.96",
            "revenue": 10623
        },
        "2013-09": {
            "month": "2013-09",
            "price": "5.84",
            "revenue": 7702
        },
        "2013-10": {
            "month": "2013-10",
            "price": "11.74",
            "revenue": 6857
        },
        "2013-11": {
            "month": "2013-11",
            "price": "9.61",
            "revenue": 3973
        },
        "2013-12": {
            "month": "2013-12",
            "price": "10.62",
            "revenue": 20835
        },
        "2014-01": {
            "month": "2014-01",
            "price": "9.73",
            "revenue": 5509
        },
        "2014-02": {
            "month": "2014-02",
            "price": "9.73",
            "revenue": 4155
        },
        "2014-03": {
            "month": "2014-03",
            "price": "9.84",
            "revenue": 4446
        },
        "2014-04": {
            "month": "2014-04",
            "price": "12.93",
            "revenue": 5898
        },
        "2014-05": {
            "month": "2014-05",
            "price": "14.10",
            "revenue": 13579
        },
        "2014-06": {
            "month": "2014-06",
            "price": "13.64",
            "revenue": 7448
        },
        "2014-07": {
            "month": "2014-07",
            "price": "14.41",
            "revenue": 6606
        },
        "2014-08": {
            "month": "2014-08",
            "price": "16.94",
            "revenue": 7214
        },
        "2014-09": {
            "month": "2014-09",
            "price": "14.90",
            "revenue": 3422
        },
        "2014-10": {
            "month": "2014-10",
            "price": "13.82",
            "revenue": 5672
        },
        "2014-11": {
            "month": "2014-11",
            "price": "13.19",
            "revenue": 4303
        },
        "2014-12": {
            "month": "2014-12",
            "price": "12.98",
            "revenue": 9403
        },
        "2015-01": {
            "month": "2015-01",
            "price": "13.22",
            "revenue": 7838
        },
        "2015-02": {
            "month": "2015-02",
            "price": "12.07",
            "revenue": 2681
        },
        "2015-03": {
            "month": "2015-03",
            "price": "12.19",
            "revenue": 3420
        },
        "2015-04": {
            "month": "2015-04",
            "price": "10.36",
            "revenue": 3778
        },
        "2015-05": {
            "month": "2015-05",
            "price": "9.28",
            "revenue": 1982
        },
        "2015-06": {
            "month": "2015-06",
            "price": "9.28",
            "revenue": 4228
        },
        "2015-07": {
            "month": "2015-07",
            "price": "7.81",
            "revenue": 2366
        },
        "2015-08": {
            "month": "2015-08",
            "price": "5.96",
            "revenue": 3263
        },
        "2015-09": {
            "month": "2015-09",
            "price": "5.66",
            "revenue": 2554
        },
        "2015-10": {
            "month": "2015-10",
            "price": "5.71",
            "revenue": 3271
        },
        "2015-11": {
            "month": "2015-11",
            "price": "5.89",
            "revenue": 2332
        },
        "2015-12": {
            "month": "2015-12",
            "price": "6.03",
            "revenue": 3478
        },
        "2016-01": {
            "month": "2016-01",
            "price": "6.94",
            "revenue": 1416
        },
        "2016-02": {
            "month": "2016-02",
            "price": "9.42",
            "revenue": 1008
        },
        "2016-03": {
            "month": "2016-03",
            "price": "8.89",
            "revenue": 2884
        },
        "2016-04": {
            "month": "2016-04",
            "price": "7.58",
            "revenue": 3454
        },
        "2016-05": {
            "month": "2016-05",
            "price": "7.24",
            "revenue": 30237
        },
        "2016-06": {
            "month": "2016-06",
            "price": "8.20",
            "revenue": 78496
        },
        "2016-07": {
            "month": "2016-07",
            "price": "12.41",
            "revenue": 28691
        },
        "2016-08": {
            "month": "2016-08",
            "price": "13.07",
            "revenue": 19489
        },
        "2016-09": {
            "month": "2016-09",
            "price": "12.54",
            "revenue": 27662
        },
        "2016-10": {
            "month": "2016-10",
            "price": "12.96",
            "revenue": 12151
        },
        "2016-11": {
            "month": "2016-11",
            "price": "12.62",
            "revenue": 4242
        },
        "2016-12": {
            "month": "2016-12",
            "price": "11.32",
            "revenue": 3774
        },
        "2017-01": {
            "month": "2017-01",
            "price": "10.82",
            "revenue": 2733
        },
        "2017-02": {
            "month": "2017-02",
            "price": "10.99",
            "revenue": 2223
        },
        "2017-03": {
            "month": "2017-03",
            "price": "10.89",
            "revenue": 10766
        },
        "2017-04": {
            "month": "2017-04",
            "price": "10.34",
            "revenue": 11665
        },
        "2017-05": {
            "month": "2017-05",
            "price": "10.14",
            "revenue": 2221
        },
        "2017-06": {
            "month": "2017-06",
            "price": "9.47",
            "revenue": 2489
        },
        "2017-07": {
            "month": "2017-07",
            "price": "9.52",
            "revenue": 5670
        },
        "2017-08": {
            "month": "2017-08",
            "price": "9.08",
            "revenue": 4389
        },
        "2017-09": {
            "month": "2017-09",
            "price": "9.27",
            "revenue": 3586
        },
        "2017-10": {
            "month": "2017-10",
            "price": "9.64",
            "revenue": 4392
        },
        "2017-11": {
            "month": "2017-11",
            "price": "8.95",
            "revenue": 5815
        },
        "2017-12": {
            "month": "2017-12",
            "price": "8.37",
            "revenue": 15061
        },
        "2018-01": {
            "month": "2018-01",
            "price": "8.82",
            "revenue": 8139
        },
        "2018-02": {
            "month": "2018-02",
            "price": "8.81",
            "revenue": 11214
        },
        "2018-03": {
            "month": "2018-03",
            "price": "11.84",
            "revenue": 6010
        },
        "2018-04": {
            "month": "2018-04",
            "price": "11.98",
            "revenue": 6927
        },
        "2018-05": {
            "month": "2018-05",
            "price": "10.05",
            "revenue": 5287
        },
        "2018-06": {
            "month": "2018-06",
            "price": "9.66",
            "revenue": 5804
        },
        "2018-07": {
            "month": "2018-07",
            "price": "8.25",
            "revenue": 8590
        },
        "2018-08": {
            "month": "2018-08",
            "price": "7.23",
            "revenue": 7533
        },
        "2018-09": {
            "month": "2018-09",
            "price": "6.62",
            "revenue": 7711
        },
        "2018-10": {
            "month": "2018-10",
            "price": "6.26",
            "revenue": 7379
        },
        "2018-11": {
            "month": "2018-11",
            "price": "5.29",
            "revenue": 9983
        },
        "2018-12": {
            "month": "2018-12",
            "price": "5.31",
            "revenue": 12293
        },
        "2019-01": {
            "month": "2019-01",
            "price": "5.96",
            "revenue": 11699
        },
        "2019-02": {
            "month": "2019-02",
            "price": "6.29",
            "revenue": 10541
        },
        "2019-03": {
            "month": "2019-03",
            "price": "5.87",
            "revenue": 10534
        },
        "2019-04": {
            "month": "2019-04",
            "price": "5.95",
            "revenue": 10171
        },
        "2019-05": {
            "month": "2019-05",
            "price": "5.71",
            "revenue": 9796
        },
        "2019-06": {
            "month": "2019-06",
            "price": "5.58",
            "revenue": 10541
        },
        "2019-07": {
            "month": "2019-07",
            "price": "5.68",
            "revenue": 13800
        },
        "2019-08": {
            "month": "2019-08",
            "price": "5.31",
            "revenue": 13745
        },
        "2019-09": {
            "month": "2019-09",
            "price": "4.12",
            "revenue": 11107
        },
        "2019-10": {
            "month": "2019-10",
            "price": "4.26",
            "revenue": 12402
        },
        "2019-11": {
            "month": "2019-11",
            "price": "4.09",
            "revenue": 10873
        },
        "2019-12": {
            "month": "2019-12",
            "price": "4.65",
            "revenue": 11297
        },
        "2020-01": {
            "month": "2020-01",
            "price": "10.10",
            "revenue": 9303
        },
        "2020-02": {
            "month": "2020-02",
            "price": "10.54",
            "revenue": 1112
        },
        "2020-03": {
            "month": "2020-03",
            "price": "8.68",
            "revenue": 7801
        },
        "2020-04": {
            "month": "2020-04",
            "price": "9.02",
            "revenue": 4918
        },
        "2020-05": {
            "month": "2020-05",
            "price": "8.07",
            "revenue": 7333
        },
        "2020-06": {
            "month": "2020-06",
            "price": "9.90",
            "revenue": 5968
        },
        "2020-07": {
            "month": "2020-07",
            "price": "11.88",
            "revenue": 7888
        },
        "2020-08": {
            "month": "2020-08",
            "price": "12.06",
            "revenue": 5062
        },
        "2021-02": {
            "month": "2021-02",
            "price": "26.92",
            "revenue": 2251
        },
        "2021-03": {
            "month": "2021-03",
            "price": "31.15",
            "revenue": 2338
        },
        "2021-04": {
            "month": "2021-04",
            "price": "27.53",
            "revenue": 1558
        },
        "2021-05": {
            "month": "2021-05",
            "price": "24.96",
            "revenue": 3068
        },
        "2021-06": {
            "month": "2021-06",
            "price": "22.55",
            "revenue": 2030
        },
        "2021-07": {
            "month": "2021-07",
            "price": "22.43",
            "revenue": 5058
        },
        "2021-08": {
            "month": "2021-08",
            "price": "27.51",
            "revenue": 1955
        },
        "2021-09": {
            "month": "2021-09",
            "price": "27.22",
            "revenue": 1849
        },
        "2021-10": {
            "month": "2021-10",
            "price": "26.48",
            "revenue": 2482
        },
        "2021-11": {
            "month": "2021-11",
            "price": "25.42",
            "revenue": 1859
        },
        "2021-12": {
            "month": "2021-12",
            "price": "26.24",
            "revenue": 1394
        },
        "2022-01": {
            "month": "2022-01",
            "price": "25.81",
            "revenue": 5419
        },
        "2022-02": {
            "month": "2022-02",
            "price": "25.75",
            "revenue": 3075
        },
        "2022-03": {
            "month": "2022-03",
            "price": "28.66",
            "revenue": 1922
        },
        "2022-04": {
            "month": "2022-04",
            "price": "28.91",
            "revenue": 1512
        },
        "2022-05": {
            "month": "2022-05",
            "price": "23.88",
            "revenue": 22137
        },
        "2022-06": {
            "month": "2022-06",
            "price": "25.97",
            "revenue": 1572
        },
        "2022-07": {
            "month": "2022-07",
            "price": "27.08",
            "revenue": 2237
        },
        "2022-08": {
            "month": "2022-08",
            "price": "27.04",
            "revenue": 6838
        },
        "2022-09": {
            "month": "2022-09",
            "price": "28.73",
            "revenue": 6503
        },
        "2022-10": {
            "month": "2022-10",
            "price": "28.97",
            "revenue": 3362
        },
        "2022-11": {
            "month": "2022-11",
            "price": "28.92",
            "revenue": 16513
        },
        "2022-12": {
            "month": "2022-12",
            "price": "28.56",
            "revenue": 9357
        },
        "2023-01": {
            "month": "2023-01",
            "price": "30.65",
            "revenue": 2840
        },
        "2023-02": {
            "month": "2023-02",
            "price": "30.72",
            "revenue": 2540
        },
        "2023-06": {
            "month": "2023-06",
            "price": "41.16",
            "revenue": 3861
        },
        "2023-07": {
            "month": "2023-07",
            "price": "37.38",
            "revenue": 4145
        },
        "2023-08": {
            "month": "2023-08",
            "price": "31.99",
            "revenue": 3401
        },
        "2023-09": {
            "month": "2023-09",
            "price": "29.86",
            "revenue": 3213
        },
        "2023-10": {
            "month": "2023-10",
            "price": "28.94",
            "revenue": 3180
        },
        "2023-11": {
            "month": "2023-11",
            "price": "26.95",
            "revenue": 4323
        },
        "2023-12": {
            "month": "2023-12",
            "price": "26.74",
            "revenue": 2219
        },
        "2024-01": {
            "month": "2024-01",
            "price": "26.26",
            "revenue": 2675
        },
        "2024-02": {
            "month": "2024-02",
            "price": "31.18",
            "revenue": 2851
        }
    }
}
