{
    "summary": {
        "stock_name": "僑威",
        "stock_id": "3078",
        "category": "電子零組件",
        "main_business": "資訊用電源供應器制造買賣/工業用電源制造買賣<br>通訊用電源制造買賣/外接式電源<br>外接盒/機殼/投影機等產品制造買賣",
        "website_url": "http://www.cwt.com.tw",
        "ceo": "楊琇華",
        "pe_ratio": 17,
        "report_year_from": 2001,
        "report_year_to": 2023,
        "age": 22,
        "eps_negative_percentage": 0,
        "eps_growth_avg": {
            "last_all": 9.22,
            "last_2y": 16.53,
            "last_4y": 7.34,
            "last_8y": 18.56,
            "last_12y": 12.09,
            "last_16y": 10.73,
            "last_20y": null,
            "at_2006_last_3y": null,
            "at_2007_last_3y": -3.99,
            "at_2008_last_3y": -22.14,
            "at_2009_last_3y": 6.31,
            "at_2010_last_3y": 4.52,
            "at_2011_last_3y": -6.89,
            "at_2012_last_3y": -7.31,
            "at_2013_last_3y": -2.45,
            "at_2014_last_3y": 28.04,
            "at_2015_last_3y": 42.05,
            "at_2016_last_3y": 61.5,
            "at_2017_last_3y": 32.58,
            "at_2018_last_3y": 8.24,
            "at_2019_last_3y": 0.23,
            "at_2020_last_3y": 13.43,
            "at_2021_last_3y": 16.03,
            "at_2022_last_3y": 9.87,
            "at_2023_last_3y": 9.87,
            "at_2006_last_all": -9.18,
            "at_2007_last_all": -3.99,
            "at_2008_last_all": -12.52,
            "at_2009_last_all": 3,
            "at_2010_last_all": -1.35,
            "at_2011_last_all": -5.44,
            "at_2012_last_all": -10.2,
            "at_2013_last_all": 0.82,
            "at_2014_last_all": 9.34,
            "at_2015_last_all": 10.39,
            "at_2016_last_all": 11.86,
            "at_2017_last_all": 9.89,
            "at_2018_last_all": 9.05,
            "at_2019_last_all": 7.85,
            "at_2020_last_all": 12.23,
            "at_2021_last_all": 11.26,
            "at_2022_last_all": 9.22,
            "at_2023_last_all": 9.22
        },
        "latest_eps": 4.86,
        "latest_price": 84.8,
        "latest_roe": 19.94,
        "latest_gross_margin": 24.51,
        "latest_equity": 5815073,
        "latest_revenue": 2998032,
        "latest_gross_profit": 734688,
        "latest_net_income": 490488,
        "latest_debt_ratio": 51.77,
        "latest_current_ratio": 173.1,
        "latest_account_receivable_turnover_ratio": 1.02,
        "latest_inventory_turnover_ratio": 1.46,
        "latest_reinvestment_rate": 15.82,
        "latest_research_to_sale_ratio": 2.29
    },
    "eps_dividends": {
        "2001": {
            "cash": 0,
            "stock": 0,
            "eps": 0
        },
        "2002": {
            "cash": 0,
            "stock": 4,
            "eps": 0
        },
        "2003": {
            "cash": 0,
            "stock": 3.5,
            "eps": 2.58
        },
        "2004": {
            "cash": 1,
            "stock": 1.5,
            "eps": 3.25
        },
        "2005": {
            "cash": 0.75,
            "stock": 1.5,
            "eps": 2.17
        },
        "2006": {
            "cash": 0.5,
            "stock": 1.25,
            "eps": 1.73
        },
        "2007": {
            "cash": 0.5,
            "stock": 0.9,
            "eps": 1.93
        },
        "2008": {
            "cash": 0.2,
            "stock": 1.35,
            "eps": 1.03
        },
        "2009": {
            "cash": 0.09,
            "stock": 0.77,
            "eps": 1.86
        },
        "2010": {
            "cash": 0.2,
            "stock": 1.3,
            "eps": 1.35
        },
        "2011": {
            "cash": 0.4,
            "stock": 0.75,
            "eps": 0.89
        },
        "2012": {
            "cash": 0.35,
            "stock": 0,
            "eps": 0.46
        },
        "2013": {
            "cash": 0.35,
            "stock": 0,
            "eps": 1.1
        },
        "2014": {
            "cash": 0.75,
            "stock": 0,
            "eps": 2.14
        },
        "2015": {
            "cash": 1.6,
            "stock": 0,
            "eps": 2.61
        },
        "2016": {
            "cash": 1.9,
            "stock": 0,
            "eps": 3.38
        },
        "2017": {
            "cash": 2.35,
            "stock": 0,
            "eps": 2.85
        },
        "2018": {
            "cash": 1.75,
            "stock": 0,
            "eps": 2.77
        },
        "2019": {
            "cash": 1.45,
            "stock": 0,
            "eps": 2.49
        },
        "2020": {
            "cash": 1.3,
            "stock": 0,
            "eps": 4.54
        },
        "2021": {
            "cash": 3.15,
            "stock": 0,
            "eps": 4.3
        },
        "2022": {
            "cash": 3.25,
            "stock": 0,
            "eps": 3.12
        },
        "2023": {
            "cash": 2.35,
            "stock": 0,
            "eps": 3.34
        }
    },
    "dividends": {
        "2002-03-29": {
            "cash": 0,
            "stock": 4
        },
        "2003-06-27": {
            "cash": 0,
            "stock": 3.5
        },
        "2004-03-31": {
            "cash": 1,
            "stock": 1.5
        },
        "2005-04-06": {
            "cash": 0.75,
            "stock": 1.5
        },
        "2006-04-10": {
            "cash": 0.5,
            "stock": 1.25
        },
        "2007-04-12": {
            "cash": 0.5,
            "stock": 0.9
        },
        "2008-04-09": {
            "cash": 0.2,
            "stock": 1.35
        },
        "2009-04-27": {
            "cash": 0.09,
            "stock": 0.77
        },
        "2010-04-29": {
            "cash": 0.2,
            "stock": 1.3
        },
        "2011-04-27": {
            "cash": 0.4,
            "stock": 0.75
        },
        "2012-06-19": {
            "cash": 0.35,
            "stock": 0
        },
        "2013-06-17": {
            "cash": 0.35,
            "stock": 0
        },
        "2014-06-20": {
            "cash": 0.75,
            "stock": 0
        },
        "2015-08-25": {
            "cash": 1.6,
            "stock": 0
        },
        "2016-08-15": {
            "cash": 1.9,
            "stock": 0
        },
        "2017-08-23": {
            "cash": 2.35,
            "stock": 0
        },
        "2018-10-03": {
            "cash": 1.75,
            "stock": 0
        },
        "2019-09-11": {
            "cash": 1.45,
            "stock": 0
        },
        "2020-09-29": {
            "cash": 1.3,
            "stock": 0
        },
        "2021-09-30": {
            "cash": 3.15,
            "stock": 0
        },
        "2022-09-21": {
            "cash": 3.25,
            "stock": 0
        },
        "2023-09-28": {
            "cash": 2.35,
            "stock": 0
        }
    },
    "prices": {
        "200101": "無",
        "200102": "無",
        "200103": "無",
        "200104": "無",
        "200105": "無",
        "200106": "無",
        "200107": "無",
        "200108": "無",
        "200109": "無",
        "200110": "無",
        "200111": "無",
        "200112": "無",
        "200201": "無",
        "200202": "無",
        "200203": "無",
        "200204": "無",
        "200205": "無",
        "200206": "無",
        "200207": "無",
        "200208": "無",
        "200209": "無",
        "200210": "無",
        "200211": "無",
        "200212": "無",
        "200301": "無",
        "200302": "無",
        "200303": "無",
        "200304": "無",
        "200305": "無",
        "200306": "無",
        "200307": "無",
        "200308": "無",
        "200309": "49.00",
        "200310": "46.03",
        "200311": "39.54",
        "200312": "29.92",
        "200401": "29.77",
        "200402": "29.91",
        "200403": "33.13",
        "200404": "34.36",
        "200405": "31.71",
        "200406": "29.39",
        "200407": "25.67",
        "200408": "21.65",
        "200409": "28.38",
        "200410": "26.64",
        "200411": "24.67",
        "200412": "23.94",
        "200501": "22.00",
        "200502": "23.35",
        "200503": "27.01",
        "200504": "27.48",
        "200505": "25.54",
        "200506": "32.50",
        "200507": "35.06",
        "200508": "38.21",
        "200509": "33.75",
        "200510": "30.80",
        "200511": "31.87",
        "200512": "36.06",
        "200601": "37.05",
        "200602": "33.04",
        "200603": "35.43",
        "200604": "35.51",
        "200605": "31.40",
        "200606": "28.22",
        "200607": "27.07",
        "200608": "27.69",
        "200609": "26.47",
        "200610": "26.04",
        "200611": "25.34",
        "200612": "33.51",
        "200701": "36.59",
        "200702": "34.62",
        "200703": "35.52",
        "200704": "34.16",
        "200705": "32.06",
        "200706": "32.74",
        "200707": "32.60",
        "200708": "25.22",
        "200709": "23.49",
        "200710": "22.45",
        "200711": "19.30",
        "200712": "17.89",
        "200801": "16.58",
        "200802": "16.04",
        "200803": "17.80",
        "200804": "19.90",
        "200805": "24.08",
        "200806": "21.99",
        "200807": "18.30",
        "200808": "18.51",
        "200809": "12.70",
        "200810": "11.79",
        "200811": "8.74",
        "200812": "7.28",
        "200901": "6.92",
        "200902": "6.96",
        "200903": "8.51",
        "200904": "9.97",
        "200905": "12.06",
        "200906": "12.22",
        "200907": "13.56",
        "200908": "14.51",
        "200909": "18.15",
        "200910": "22.29",
        "200911": "23.50",
        "200912": "27.82",
        "201001": "31.52",
        "201002": "27.63",
        "201003": "32.68",
        "201004": "35.80",
        "201005": "39.56",
        "201006": "40.35",
        "201007": "44.04",
        "201008": "42.45",
        "201009": "35.97",
        "201010": "30.32",
        "201011": "29.05",
        "201012": "30.64",
        "201101": "31.27",
        "201102": "28.89",
        "201103": "23.56",
        "201104": "20.81",
        "201105": "19.18",
        "201106": "17.46",
        "201107": "16.34",
        "201108": "13.16",
        "201109": "11.32",
        "201110": "11.28",
        "201111": "11.20",
        "201112": "9.73",
        "201201": "10.02",
        "201202": "12.65",
        "201203": "13.37",
        "201204": "11.35",
        "201205": "10.41",
        "201206": "9.93",
        "201207": "10.03",
        "201208": "10.60",
        "201209": "10.69",
        "201210": "9.74",
        "201211": "8.96",
        "201212": "9.23",
        "201301": "9.28",
        "201302": "9.21",
        "201303": "9.46",
        "201304": "10.19",
        "201305": "12.10",
        "201306": "12.10",
        "201307": "12.00",
        "201308": "11.74",
        "201309": "11.24",
        "201310": "13.47",
        "201311": "13.79",
        "201312": "15.74",
        "201401": "17.43",
        "201402": "17.34",
        "201403": "17.16",
        "201404": "16.65",
        "201405": "17.97",
        "201406": "18.16",
        "201407": "17.70",
        "201408": "18.32",
        "201409": "17.86",
        "201410": "16.51",
        "201411": "16.92",
        "201412": "17.47",
        "201501": "20.15",
        "201502": "19.60",
        "201503": "22.71",
        "201504": "24.18",
        "201505": "21.47",
        "201506": "18.76",
        "201507": "17.21",
        "201508": "13.67",
        "201509": "15.05",
        "201510": "17.24",
        "201511": "18.99",
        "201512": "22.35",
        "201601": "21.05",
        "201602": "22.32",
        "201603": "23.42",
        "201604": "25.66",
        "201605": "25.34",
        "201606": "28.70",
        "201607": "32.58",
        "201608": "31.26",
        "201609": "30.90",
        "201610": "31.03",
        "201611": "28.34",
        "201612": "29.23",
        "201701": "29.19",
        "201702": "29.72",
        "201703": "30.59",
        "201704": "30.29",
        "201705": "29.16",
        "201706": "28.88",
        "201707": "28.70",
        "201708": "26.40",
        "201709": "30.79",
        "201710": "33.74",
        "201711": "35.91",
        "201712": "35.48",
        "201801": "33.64",
        "201802": "31.40",
        "201803": "32.12",
        "201804": "31.21",
        "201805": "31.28",
        "201806": "34.01",
        "201807": "33.12",
        "201808": "31.30",
        "201809": "27.50",
        "201810": "23.32",
        "201811": "22.56",
        "201812": "23.61",
        "201901": "22.94",
        "201902": "24.83",
        "201903": "27.42",
        "201904": "28.04",
        "201905": "24.54",
        "201906": "24.19",
        "201907": "25.08",
        "201908": "23.76",
        "201909": "25.28",
        "201910": "25.48",
        "201911": "27.82",
        "201912": "27.37",
        "202001": "26.65",
        "202002": "24.44",
        "202003": "20.08",
        "202004": "21.50",
        "202005": "25.96",
        "202006": "27.80",
        "202007": "29.72",
        "202008": "34.54",
        "202009": "44.60",
        "202010": "42.02",
        "202011": "42.38",
        "202012": "45.06",
        "202101": "43.16",
        "202102": "50.80",
        "202103": "54.40",
        "202104": "59.76",
        "202105": "51.02",
        "202106": "52.72",
        "202107": "53.54",
        "202108": "48.34",
        "202109": "40.12",
        "202110": "38.56",
        "202111": "40.62",
        "202112": "39.09",
        "202201": "38.76",
        "202202": "39.03",
        "202203": "37.33",
        "202204": "36.67",
        "202205": "35.06",
        "202206": "35.25",
        "202207": "31.14",
        "202208": "33.44",
        "202209": "29.65",
        "202210": "25.70",
        "202211": "26.05",
        "202212": "27.92",
        "202301": "28.70",
        "202302": "30.88",
        "202303": "37.09",
        "202304": "50.47",
        "202305": "56.34",
        "202306": "73.68",
        "202307": "78.83",
        "202308": "82.58",
        "202309": "78.88",
        "202310": "81.89"
    },
    "quarters": {
        "20011": {
            "year_quarter": 20011,
            "year": 2001,
            "quarter": 1,
            "eps": null,
            "eps_growth_year": null,
            "eps_4q": null,
            "eps_4q_growth_year": null,
            "roe": null,
            "roe_4q": 0,
            "gross_profit": null,
            "gross_margin": null,
            "gross_margin_4q_avg": 0,
            "net_income": null,
            "net_income_4q": null,
            "revenue": null,
            "revenue_4q": null,
            "common_shares": null,
            "book_valuer_per_share": null,
            "book_valuer_per_share_4q_avg": 0,
            "equity": null,
            "current_ratio": null,
            "debt_ratio": null,
            "inventory_turnover_ratio": null,
            "account_receivable_turnover_ratio": null,
            "reinvestment_rate": null,
            "research_to_sale_ratio": null,
            "price_fair": 0,
            "eps_avg_yearly": 0,
            "eps_latest_yearly": 0,
            "eps_growth_yearly": 0
        },
        "20012": {
            "year_quarter": 20012,
            "year": 2001,
            "quarter": 2,
            "eps": null,
            "eps_growth_year": null,
            "eps_4q": null,
            "eps_4q_growth_year": null,
            "roe": null,
            "roe_4q": 0,
            "gross_profit": null,
            "gross_margin": null,
            "gross_margin_4q_avg": 0,
            "net_income": null,
            "net_income_4q": null,
            "revenue": null,
            "revenue_4q": null,
            "common_shares": null,
            "book_valuer_per_share": null,
            "book_valuer_per_share_4q_avg": 0,
            "equity": null,
            "current_ratio": null,
            "debt_ratio": null,
            "inventory_turnover_ratio": null,
            "account_receivable_turnover_ratio": null,
            "reinvestment_rate": null,
            "research_to_sale_ratio": null,
            "price_fair": 0,
            "eps_avg_yearly": 0,
            "eps_latest_yearly": 0,
            "eps_growth_yearly": 0
        },
        "20013": {
            "year_quarter": 20013,
            "year": 2001,
            "quarter": 3,
            "eps": null,
            "eps_growth_year": null,
            "eps_4q": null,
            "eps_4q_growth_year": null,
            "roe": null,
            "roe_4q": 0,
            "gross_profit": null,
            "gross_margin": null,
            "gross_margin_4q_avg": 0,
            "net_income": null,
            "net_income_4q": null,
            "revenue": null,
            "revenue_4q": null,
            "common_shares": null,
            "book_valuer_per_share": null,
            "book_valuer_per_share_4q_avg": 0,
            "equity": null,
            "current_ratio": null,
            "debt_ratio": null,
            "inventory_turnover_ratio": null,
            "account_receivable_turnover_ratio": null,
            "reinvestment_rate": null,
            "research_to_sale_ratio": null,
            "price_fair": 0,
            "eps_avg_yearly": 0,
            "eps_latest_yearly": 0,
            "eps_growth_yearly": 0
        },
        "20014": {
            "year_quarter": 20014,
            "year": 2001,
            "quarter": 4,
            "eps": null,
            "eps_growth_year": null,
            "eps_4q": null,
            "eps_4q_growth_year": null,
            "roe": null,
            "roe_4q": 0,
            "gross_profit": null,
            "gross_margin": null,
            "gross_margin_4q_avg": 0,
            "net_income": null,
            "net_income_4q": null,
            "revenue": null,
            "revenue_4q": null,
            "common_shares": 422227,
            "book_valuer_per_share": 16.5,
            "book_valuer_per_share_4q_avg": 4.13,
            "equity": 696573,
            "current_ratio": 187.37,
            "debt_ratio": 48.01,
            "inventory_turnover_ratio": null,
            "account_receivable_turnover_ratio": null,
            "reinvestment_rate": null,
            "research_to_sale_ratio": null,
            "price_fair": 0,
            "eps_avg_yearly": 0,
            "eps_latest_yearly": 0,
            "eps_growth_yearly": 0
        },
        "20021": {
            "year_quarter": 20021,
            "year": 2002,
            "quarter": 1,
            "eps": null,
            "eps_growth_year": null,
            "eps_4q": null,
            "eps_4q_growth_year": null,
            "roe": null,
            "roe_4q": 0,
            "gross_profit": null,
            "gross_margin": null,
            "gross_margin_4q_avg": 0,
            "net_income": null,
            "net_income_4q": null,
            "revenue": null,
            "revenue_4q": null,
            "common_shares": null,
            "book_valuer_per_share": null,
            "book_valuer_per_share_4q_avg": 4.13,
            "equity": null,
            "current_ratio": null,
            "debt_ratio": null,
            "inventory_turnover_ratio": null,
            "account_receivable_turnover_ratio": null,
            "reinvestment_rate": null,
            "research_to_sale_ratio": null,
            "price_fair": 0,
            "eps_avg_yearly": 0,
            "eps_latest_yearly": 0,
            "eps_growth_yearly": 0
        },
        "20022": {
            "year_quarter": 20022,
            "year": 2002,
            "quarter": 2,
            "eps": null,
            "eps_growth_year": null,
            "eps_4q": null,
            "eps_4q_growth_year": null,
            "roe": null,
            "roe_4q": 0,
            "gross_profit": null,
            "gross_margin": null,
            "gross_margin_4q_avg": 0,
            "net_income": null,
            "net_income_4q": null,
            "revenue": null,
            "revenue_4q": null,
            "common_shares": null,
            "book_valuer_per_share": null,
            "book_valuer_per_share_4q_avg": 4.13,
            "equity": null,
            "current_ratio": null,
            "debt_ratio": null,
            "inventory_turnover_ratio": null,
            "account_receivable_turnover_ratio": null,
            "reinvestment_rate": null,
            "research_to_sale_ratio": null,
            "price_fair": 0,
            "eps_avg_yearly": 0,
            "eps_latest_yearly": 0,
            "eps_growth_yearly": 0
        },
        "20023": {
            "year_quarter": 20023,
            "year": 2002,
            "quarter": 3,
            "eps": null,
            "eps_growth_year": null,
            "eps_4q": null,
            "eps_4q_growth_year": null,
            "roe": null,
            "roe_4q": 0,
            "gross_profit": null,
            "gross_margin": null,
            "gross_margin_4q_avg": 0,
            "net_income": null,
            "net_income_4q": null,
            "revenue": null,
            "revenue_4q": null,
            "common_shares": null,
            "book_valuer_per_share": null,
            "book_valuer_per_share_4q_avg": 4.13,
            "equity": null,
            "current_ratio": null,
            "debt_ratio": null,
            "inventory_turnover_ratio": null,
            "account_receivable_turnover_ratio": null,
            "reinvestment_rate": null,
            "research_to_sale_ratio": null,
            "price_fair": 0,
            "eps_avg_yearly": 0,
            "eps_latest_yearly": 0,
            "eps_growth_yearly": 0
        },
        "20024": {
            "year_quarter": 20024,
            "year": 2002,
            "quarter": 4,
            "eps": null,
            "eps_growth_year": null,
            "eps_4q": null,
            "eps_4q_growth_year": null,
            "roe": null,
            "roe_4q": 0,
            "gross_profit": null,
            "gross_margin": null,
            "gross_margin_4q_avg": 0,
            "net_income": null,
            "net_income_4q": null,
            "revenue": null,
            "revenue_4q": null,
            "common_shares": 644140,
            "book_valuer_per_share": 17.45,
            "book_valuer_per_share_4q_avg": 4.36,
            "equity": 1123709,
            "current_ratio": 218.44,
            "debt_ratio": 40.17,
            "inventory_turnover_ratio": null,
            "account_receivable_turnover_ratio": null,
            "reinvestment_rate": null,
            "research_to_sale_ratio": null,
            "price_fair": 0,
            "eps_avg_yearly": 0,
            "eps_latest_yearly": 0,
            "eps_growth_yearly": 0
        },
        "20031": {
            "year_quarter": 20031,
            "year": 2003,
            "quarter": 1,
            "eps": 1.46,
            "eps_growth_year": null,
            "eps_4q": null,
            "eps_4q_growth_year": null,
            "roe": 8.08,
            "roe_4q": 8.08,
            "gross_profit": 149609,
            "gross_margin": 21.52,
            "gross_margin_4q_avg": 5.38,
            "net_income": 93911,
            "net_income_4q": null,
            "revenue": 695159,
            "revenue_4q": null,
            "common_shares": 644140,
            "book_valuer_per_share": 18.63,
            "book_valuer_per_share_4q_avg": 9.02,
            "equity": 1200189,
            "current_ratio": 189.76,
            "debt_ratio": 42.89,
            "inventory_turnover_ratio": 1.75,
            "account_receivable_turnover_ratio": null,
            "reinvestment_rate": null,
            "research_to_sale_ratio": null,
            "price_fair": 0,
            "eps_avg_yearly": 0,
            "eps_latest_yearly": 0,
            "eps_growth_yearly": 0
        },
        "20032": {
            "year_quarter": 20032,
            "year": 2003,
            "quarter": 2,
            "eps": 1.12,
            "eps_growth_year": null,
            "eps_4q": null,
            "eps_4q_growth_year": null,
            "roe": 5.79,
            "roe_4q": 13.870000000000001,
            "gross_profit": 139856,
            "gross_margin": 22.03,
            "gross_margin_4q_avg": 10.89,
            "net_income": 71959,
            "net_income_4q": null,
            "revenue": 634708,
            "revenue_4q": null,
            "common_shares": 644140,
            "book_valuer_per_share": 19.96,
            "book_valuer_per_share_4q_avg": 14.01,
            "equity": 1285744,
            "current_ratio": 212.05,
            "debt_ratio": 37.39,
            "inventory_turnover_ratio": 1.68,
            "account_receivable_turnover_ratio": null,
            "reinvestment_rate": null,
            "research_to_sale_ratio": null,
            "price_fair": 13.44,
            "eps_avg_yearly": 4.48,
            "eps_latest_yearly": 4.48,
            "eps_growth_yearly": -93.15
        },
        "20033": {
            "year_quarter": 20033,
            "year": 2003,
            "quarter": 3,
            "eps": null,
            "eps_growth_year": null,
            "eps_4q": null,
            "eps_4q_growth_year": null,
            "roe": null,
            "roe_4q": 13.870000000000001,
            "gross_profit": null,
            "gross_margin": null,
            "gross_margin_4q_avg": 10.89,
            "net_income": null,
            "net_income_4q": null,
            "revenue": null,
            "revenue_4q": null,
            "common_shares": null,
            "book_valuer_per_share": null,
            "book_valuer_per_share_4q_avg": 14.01,
            "equity": null,
            "current_ratio": null,
            "debt_ratio": null,
            "inventory_turnover_ratio": null,
            "account_receivable_turnover_ratio": null,
            "reinvestment_rate": null,
            "research_to_sale_ratio": null,
            "price_fair": 13.44,
            "eps_avg_yearly": 4.48,
            "eps_latest_yearly": 4.48,
            "eps_growth_yearly": -93.15
        },
        "20034": {
            "year_quarter": 20034,
            "year": 2003,
            "quarter": 4,
            "eps": null,
            "eps_growth_year": null,
            "eps_4q": null,
            "eps_4q_growth_year": null,
            "roe": null,
            "roe_4q": 13.870000000000001,
            "gross_profit": null,
            "gross_margin": null,
            "gross_margin_4q_avg": 10.89,
            "net_income": null,
            "net_income_4q": null,
            "revenue": null,
            "revenue_4q": null,
            "common_shares": 880797,
            "book_valuer_per_share": 16.66,
            "book_valuer_per_share_4q_avg": 13.81,
            "equity": 1467410,
            "current_ratio": 206.73,
            "debt_ratio": 42.16,
            "inventory_turnover_ratio": null,
            "account_receivable_turnover_ratio": null,
            "reinvestment_rate": null,
            "research_to_sale_ratio": null,
            "price_fair": 13.44,
            "eps_avg_yearly": 4.48,
            "eps_latest_yearly": 4.48,
            "eps_growth_yearly": -93.15
        },
        "20041": {
            "year_quarter": 20041,
            "year": 2004,
            "quarter": 1,
            "eps": 0.94,
            "eps_growth_year": -35.62,
            "eps_4q": null,
            "eps_4q_growth_year": null,
            "roe": 5.49,
            "roe_4q": 11.280000000000001,
            "gross_profit": 133833,
            "gross_margin": 16.73,
            "gross_margin_4q_avg": 9.69,
            "net_income": 83045,
            "net_income_4q": null,
            "revenue": 800139,
            "revenue_4q": null,
            "common_shares": 880797,
            "book_valuer_per_share": 17.72,
            "book_valuer_per_share_4q_avg": 13.59,
            "equity": 1560386,
            "current_ratio": 215.87,
            "debt_ratio": 36.8,
            "inventory_turnover_ratio": 2.01,
            "account_receivable_turnover_ratio": null,
            "reinvestment_rate": null,
            "research_to_sale_ratio": null,
            "price_fair": 13.44,
            "eps_avg_yearly": 4.48,
            "eps_latest_yearly": 4.48,
            "eps_growth_yearly": -93.15
        },
        "20042": {
            "year_quarter": 20042,
            "year": 2004,
            "quarter": 2,
            "eps": 0.66,
            "eps_growth_year": -41.07,
            "eps_4q": null,
            "eps_4q_growth_year": null,
            "roe": 3.76,
            "roe_4q": 9.25,
            "gross_profit": 105316,
            "gross_margin": 13.55,
            "gross_margin_4q_avg": 7.57,
            "net_income": 57731,
            "net_income_4q": null,
            "revenue": 777159,
            "revenue_4q": null,
            "common_shares": 880797,
            "book_valuer_per_share": 17.18,
            "book_valuer_per_share_4q_avg": 12.89,
            "equity": 1512942,
            "current_ratio": 201.71,
            "debt_ratio": 37.91,
            "inventory_turnover_ratio": 2.18,
            "account_receivable_turnover_ratio": null,
            "reinvestment_rate": null,
            "research_to_sale_ratio": null,
            "price_fair": 10.68,
            "eps_avg_yearly": 3.56,
            "eps_latest_yearly": 2.64,
            "eps_growth_yearly": -106.15
        },
        "20043": {
            "year_quarter": 20043,
            "year": 2004,
            "quarter": 3,
            "eps": 0.81,
            "eps_growth_year": null,
            "eps_4q": null,
            "eps_4q_growth_year": null,
            "roe": 5.33,
            "roe_4q": 14.58,
            "gross_profit": 161505,
            "gross_margin": 16.95,
            "gross_margin_4q_avg": 11.81,
            "net_income": 82865,
            "net_income_4q": null,
            "revenue": 952718,
            "revenue_4q": null,
            "common_shares": 1024000,
            "book_valuer_per_share": 15.61,
            "book_valuer_per_share_4q_avg": 16.79,
            "equity": 1598636,
            "current_ratio": 218.74,
            "debt_ratio": 34.86,
            "inventory_turnover_ratio": 2.57,
            "account_receivable_turnover_ratio": null,
            "reinvestment_rate": null,
            "research_to_sale_ratio": null,
            "price_fair": 10.36,
            "eps_avg_yearly": 3.45,
            "eps_latest_yearly": 3.24,
            "eps_growth_yearly": -40.46
        },
        "20044": {
            "year_quarter": 20044,
            "year": 2004,
            "quarter": 4,
            "eps": 0.84,
            "eps_growth_year": null,
            "eps_4q": 3.02,
            "eps_4q_growth_year": null,
            "roe": 5.29,
            "roe_4q": 19.87,
            "gross_profit": 170902,
            "gross_margin": 16.13,
            "gross_margin_4q_avg": 15.84,
            "net_income": 86107,
            "net_income_4q": null,
            "revenue": 1059842,
            "revenue_4q": null,
            "common_shares": 1024000,
            "book_valuer_per_share": 16.17,
            "book_valuer_per_share_4q_avg": 16.67,
            "equity": 1655558,
            "current_ratio": 207.4,
            "debt_ratio": 41.38,
            "inventory_turnover_ratio": 2.3,
            "account_receivable_turnover_ratio": null,
            "reinvestment_rate": null,
            "research_to_sale_ratio": null,
            "price_fair": 10.29,
            "eps_avg_yearly": 3.43,
            "eps_latest_yearly": 3.36,
            "eps_growth_yearly": -26.64
        },
        "20051": {
            "year_quarter": 20051,
            "year": 2005,
            "quarter": 1,
            "eps": 0.37,
            "eps_growth_year": -60.64,
            "eps_4q": 2.58,
            "eps_4q_growth_year": null,
            "roe": 2.27,
            "roe_4q": 16.65,
            "gross_profit": 101816,
            "gross_margin": 14.12,
            "gross_margin_4q_avg": 15.19,
            "net_income": 37886,
            "net_income_4q": null,
            "revenue": 721156,
            "revenue_4q": null,
            "common_shares": 1024000,
            "book_valuer_per_share": 16.49,
            "book_valuer_per_share_4q_avg": 16.36,
            "equity": 1688742,
            "current_ratio": 223.06,
            "debt_ratio": 32.25,
            "inventory_turnover_ratio": 1.65,
            "account_receivable_turnover_ratio": null,
            "reinvestment_rate": null,
            "research_to_sale_ratio": null,
            "price_fair": 9.12,
            "eps_avg_yearly": 3.04,
            "eps_latest_yearly": 1.48,
            "eps_growth_yearly": -66.08
        },
        "20052": {
            "year_quarter": 20052,
            "year": 2005,
            "quarter": 2,
            "eps": 0.75,
            "eps_growth_year": 13.64,
            "eps_4q": 2.78,
            "eps_4q_growth_year": null,
            "roe": 4.54,
            "roe_4q": 17.43,
            "gross_profit": 166103,
            "gross_margin": 18.86,
            "gross_margin_4q_avg": 16.52,
            "net_income": 76503,
            "net_income_4q": null,
            "revenue": 880878,
            "revenue_4q": null,
            "common_shares": 1024000,
            "book_valuer_per_share": 16.41,
            "book_valuer_per_share_4q_avg": 16.17,
            "equity": 1680795,
            "current_ratio": 190.13,
            "debt_ratio": 36.93,
            "inventory_turnover_ratio": 2.43,
            "account_receivable_turnover_ratio": null,
            "reinvestment_rate": null,
            "research_to_sale_ratio": null,
            "price_fair": 70.99,
            "eps_avg_yearly": 3.03,
            "eps_latest_yearly": 3,
            "eps_growth_yearly": 13.4
        },
        "20053": {
            "year_quarter": 20053,
            "year": 2005,
            "quarter": 3,
            "eps": 0.63,
            "eps_growth_year": -22.22,
            "eps_4q": 2.31,
            "eps_4q_growth_year": null,
            "roe": 4.31,
            "roe_4q": 16.41,
            "gross_profit": 170595,
            "gross_margin": 20.28,
            "gross_margin_4q_avg": 17.35,
            "net_income": 75021,
            "net_income_4q": null,
            "revenue": 841326,
            "revenue_4q": null,
            "common_shares": 1200000,
            "book_valuer_per_share": 15.03,
            "book_valuer_per_share_4q_avg": 16.03,
            "equity": 1803711,
            "current_ratio": 197.2,
            "debt_ratio": 35.91,
            "inventory_turnover_ratio": 2.06,
            "account_receivable_turnover_ratio": null,
            "reinvestment_rate": null,
            "research_to_sale_ratio": null,
            "price_fair": 36.55,
            "eps_avg_yearly": 2.96,
            "eps_latest_yearly": 2.52,
            "eps_growth_yearly": 2.35
        },
        "20054": {
            "year_quarter": 20054,
            "year": 2005,
            "quarter": 4,
            "eps": 0.42,
            "eps_growth_year": -50,
            "eps_4q": 1.99,
            "eps_4q_growth_year": -34.14,
            "roe": 2.75,
            "roe_4q": 13.87,
            "gross_profit": 180225,
            "gross_margin": 15,
            "gross_margin_4q_avg": 17.07,
            "net_income": 50664,
            "net_income_4q": null,
            "revenue": 1201284,
            "revenue_4q": null,
            "common_shares": 1200000,
            "book_valuer_per_share": 15.44,
            "book_valuer_per_share_4q_avg": 15.84,
            "equity": 1879714,
            "current_ratio": 188.15,
            "debt_ratio": 46.04,
            "inventory_turnover_ratio": 2.14,
            "account_receivable_turnover_ratio": null,
            "reinvestment_rate": null,
            "research_to_sale_ratio": null,
            "price_fair": 8.4,
            "eps_avg_yearly": 2.8,
            "eps_latest_yearly": 1.68,
            "eps_growth_yearly": -14.61
        },
        "20061": {
            "year_quarter": 20061,
            "year": 2006,
            "quarter": 1,
            "eps": 0.35,
            "eps_growth_year": -5.41,
            "eps_4q": 2.06,
            "eps_4q_growth_year": -20.32,
            "roe": 2.2,
            "roe_4q": 13.8,
            "gross_profit": 112959,
            "gross_margin": 13.09,
            "gross_margin_4q_avg": 16.81,
            "net_income": 41412,
            "net_income_4q": null,
            "revenue": 862685,
            "revenue_4q": null,
            "common_shares": 1200000,
            "book_valuer_per_share": 15.77,
            "book_valuer_per_share_4q_avg": 15.66,
            "equity": 1892077,
            "current_ratio": 207.35,
            "debt_ratio": 35.33,
            "inventory_turnover_ratio": 1.54,
            "account_receivable_turnover_ratio": null,
            "reinvestment_rate": null,
            "research_to_sale_ratio": null,
            "price_fair": 7.93,
            "eps_avg_yearly": 2.64,
            "eps_latest_yearly": 1.4,
            "eps_growth_yearly": -20.4
        },
        "20062": {
            "year_quarter": 20062,
            "year": 2006,
            "quarter": 2,
            "eps": 0.26,
            "eps_growth_year": -65.33,
            "eps_4q": 1.63,
            "eps_4q_growth_year": -41.37,
            "roe": 1.69,
            "roe_4q": 10.95,
            "gross_profit": 108862,
            "gross_margin": 12.36,
            "gross_margin_4q_avg": 15.18,
            "net_income": 31739,
            "net_income_4q": null,
            "revenue": 881077,
            "revenue_4q": null,
            "common_shares": 1200000,
            "book_valuer_per_share": 15.49,
            "book_valuer_per_share_4q_avg": 15.43,
            "equity": 1858792,
            "current_ratio": 205.44,
            "debt_ratio": 35.13,
            "inventory_turnover_ratio": 2,
            "account_receivable_turnover_ratio": null,
            "reinvestment_rate": null,
            "research_to_sale_ratio": null,
            "price_fair": 7.45,
            "eps_avg_yearly": 2.48,
            "eps_latest_yearly": 1.04,
            "eps_growth_yearly": -28.64
        },
        "20063": {
            "year_quarter": 20063,
            "year": 2006,
            "quarter": 3,
            "eps": 0.62,
            "eps_growth_year": -1.59,
            "eps_4q": 1.65,
            "eps_4q_growth_year": -28.73,
            "roe": 3.95,
            "roe_4q": 10.59,
            "gross_profit": 143751,
            "gross_margin": 12.73,
            "gross_margin_4q_avg": 13.3,
            "net_income": 74600,
            "net_income_4q": null,
            "revenue": 1129307,
            "revenue_4q": null,
            "common_shares": 1200000,
            "book_valuer_per_share": 15.99,
            "book_valuer_per_share_4q_avg": 15.67,
            "equity": 1918863,
            "current_ratio": 191.18,
            "debt_ratio": 38.75,
            "inventory_turnover_ratio": 2.36,
            "account_receivable_turnover_ratio": null,
            "reinvestment_rate": null,
            "research_to_sale_ratio": null,
            "price_fair": 85.21,
            "eps_avg_yearly": 2.48,
            "eps_latest_yearly": 2.48,
            "eps_growth_yearly": 24.31
        },
        "20064": {
            "year_quarter": 20064,
            "year": 2006,
            "quarter": 4,
            "eps": 0.5,
            "eps_growth_year": 19.05,
            "eps_4q": 1.58,
            "eps_4q_growth_year": -20.5,
            "roe": 3.41,
            "roe_4q": 11.25,
            "gross_profit": 87375,
            "gross_margin": 9.04,
            "gross_margin_4q_avg": 11.81,
            "net_income": 68259,
            "net_income_4q": null,
            "revenue": 966150,
            "revenue_4q": null,
            "common_shares": 1370000,
            "book_valuer_per_share": 14.76,
            "book_valuer_per_share_4q_avg": 15.5,
            "equity": 2084604,
            "current_ratio": 190.36,
            "debt_ratio": 43.5,
            "inventory_turnover_ratio": 1.55,
            "account_receivable_turnover_ratio": null,
            "reinvestment_rate": null,
            "research_to_sale_ratio": null,
            "price_fair": 63.12,
            "eps_avg_yearly": 2.44,
            "eps_latest_yearly": 2,
            "eps_growth_yearly": 15.83
        },
        "20071": {
            "year_quarter": 20071,
            "year": 2007,
            "quarter": 1,
            "eps": 0.43,
            "eps_growth_year": 22.86,
            "eps_4q": 1.7,
            "eps_4q_growth_year": -17.55,
            "roe": 2.83,
            "roe_4q": 11.88,
            "gross_profit": 105361,
            "gross_margin": 13.94,
            "gross_margin_4q_avg": 12.02,
            "net_income": 59229,
            "net_income_4q": null,
            "revenue": 756066,
            "revenue_4q": null,
            "common_shares": 1370000,
            "book_valuer_per_share": 15.32,
            "book_valuer_per_share_4q_avg": 15.39,
            "equity": 2098727,
            "current_ratio": 214.94,
            "debt_ratio": 29.68,
            "inventory_turnover_ratio": 1.13,
            "account_receivable_turnover_ratio": null,
            "reinvestment_rate": null,
            "research_to_sale_ratio": null,
            "price_fair": 48.49,
            "eps_avg_yearly": 2.39,
            "eps_latest_yearly": 1.72,
            "eps_growth_yearly": 10.31
        },
        "20072": {
            "year_quarter": 20072,
            "year": 2007,
            "quarter": 2,
            "eps": 0.37,
            "eps_growth_year": 42.31,
            "eps_4q": 1.72,
            "eps_4q_growth_year": 5.82,
            "roe": 2.64,
            "roe_4q": 12.830000000000002,
            "gross_profit": 127225,
            "gross_margin": 15.29,
            "gross_margin_4q_avg": 12.75,
            "net_income": 55240,
            "net_income_4q": null,
            "revenue": 831954,
            "revenue_4q": null,
            "common_shares": 1370000,
            "book_valuer_per_share": 15.19,
            "book_valuer_per_share_4q_avg": 15.32,
            "equity": 2080520,
            "current_ratio": 214.68,
            "debt_ratio": 29.23,
            "inventory_turnover_ratio": 1.58,
            "account_receivable_turnover_ratio": null,
            "reinvestment_rate": null,
            "research_to_sale_ratio": null,
            "price_fair": 50,
            "eps_avg_yearly": 2.16,
            "eps_latest_yearly": 1.48,
            "eps_growth_yearly": 13.18
        },
        "20073": {
            "year_quarter": 20073,
            "year": 2007,
            "quarter": 3,
            "eps": 0.53,
            "eps_growth_year": -14.52,
            "eps_4q": 1.74,
            "eps_4q_growth_year": 5.24,
            "roe": 3.8,
            "roe_4q": 12.68,
            "gross_profit": 143416,
            "gross_margin": 15.16,
            "gross_margin_4q_avg": 13.36,
            "net_income": 80346,
            "net_income_4q": null,
            "revenue": 946049,
            "revenue_4q": null,
            "common_shares": 1504000,
            "book_valuer_per_share": 14.3,
            "book_valuer_per_share_4q_avg": 14.89,
            "equity": 2150460,
            "current_ratio": 193.43,
            "debt_ratio": 32.43,
            "inventory_turnover_ratio": 1.59,
            "account_receivable_turnover_ratio": null,
            "reinvestment_rate": null,
            "research_to_sale_ratio": null,
            "price_fair": 74.52,
            "eps_avg_yearly": 2.15,
            "eps_latest_yearly": 2.12,
            "eps_growth_yearly": 24.59
        },
        "20074": {
            "year_quarter": 20074,
            "year": 2007,
            "quarter": 4,
            "eps": 0.6,
            "eps_growth_year": 20,
            "eps_4q": 1.9,
            "eps_4q_growth_year": 19.77,
            "roe": 4.06,
            "roe_4q": 13.33,
            "gross_profit": 201996,
            "gross_margin": 15.98,
            "gross_margin_4q_avg": 15.09,
            "net_income": 90253,
            "net_income_4q": null,
            "revenue": 1263791,
            "revenue_4q": null,
            "common_shares": 1504000,
            "book_valuer_per_share": 15.26,
            "book_valuer_per_share_4q_avg": 15.02,
            "equity": 2294770,
            "current_ratio": 183.46,
            "debt_ratio": 40.51,
            "inventory_turnover_ratio": 1.71,
            "account_receivable_turnover_ratio": null,
            "reinvestment_rate": 43.85,
            "research_to_sale_ratio": null,
            "price_fair": 75.97,
            "eps_avg_yearly": 2.17,
            "eps_latest_yearly": 2.4,
            "eps_growth_yearly": 26.48
        },
        "20081": {
            "year_quarter": 20081,
            "year": 2008,
            "quarter": 1,
            "eps": 0.37,
            "eps_growth_year": -13.95,
            "eps_4q": 1.86,
            "eps_4q_growth_year": 9.65,
            "roe": 2.42,
            "roe_4q": 12.92,
            "gross_profit": 178095,
            "gross_margin": 14.78,
            "gross_margin_4q_avg": 15.3,
            "net_income": 56031,
            "net_income_4q": null,
            "revenue": 1204769,
            "revenue_4q": null,
            "common_shares": 1504000,
            "book_valuer_per_share": 15.5,
            "book_valuer_per_share_4q_avg": 15.06,
            "equity": 2331918,
            "current_ratio": 196.86,
            "debt_ratio": 36.89,
            "inventory_turnover_ratio": 1.53,
            "account_receivable_turnover_ratio": null,
            "reinvestment_rate": 61.41,
            "research_to_sale_ratio": null,
            "price_fair": 53.69,
            "eps_avg_yearly": 2.13,
            "eps_latest_yearly": 1.48,
            "eps_growth_yearly": 15.24
        },
        "20082": {
            "year_quarter": 20082,
            "year": 2008,
            "quarter": 2,
            "eps": 0.31,
            "eps_growth_year": -16.22,
            "eps_4q": 1.84,
            "eps_4q_growth_year": 6.83,
            "roe": 1.95,
            "roe_4q": 12.23,
            "gross_profit": 152872,
            "gross_margin": 10.51,
            "gross_margin_4q_avg": 14.11,
            "net_income": 45880,
            "net_income_4q": null,
            "revenue": 1455008,
            "revenue_4q": null,
            "common_shares": 1504000,
            "book_valuer_per_share": 15.73,
            "book_valuer_per_share_4q_avg": 15.2,
            "equity": 2365574,
            "current_ratio": 181.38,
            "debt_ratio": 39.22,
            "inventory_turnover_ratio": 1.97,
            "account_receivable_turnover_ratio": null,
            "reinvestment_rate": 60.96,
            "research_to_sale_ratio": null,
            "price_fair": 58.41,
            "eps_avg_yearly": 2.04,
            "eps_latest_yearly": 1.24,
            "eps_growth_yearly": 18.63
        },
        "20083": {
            "year_quarter": 20083,
            "year": 2008,
            "quarter": 3,
            "eps": 0.35,
            "eps_growth_year": -33.96,
            "eps_4q": 1.47,
            "eps_4q_growth_year": -15.51,
            "roe": 2.49,
            "roe_4q": 10.92,
            "gross_profit": 157143,
            "gross_margin": 10.63,
            "gross_margin_4q_avg": 12.98,
            "net_income": 60259,
            "net_income_4q": null,
            "revenue": 1478027,
            "revenue_4q": null,
            "common_shares": 1723000,
            "book_valuer_per_share": 14.35,
            "book_valuer_per_share_4q_avg": 15.21,
            "equity": 2472708,
            "current_ratio": 159.29,
            "debt_ratio": 44.08,
            "inventory_turnover_ratio": 2.03,
            "account_receivable_turnover_ratio": null,
            "reinvestment_rate": 81.87,
            "research_to_sale_ratio": null,
            "price_fair": 50.39,
            "eps_avg_yearly": 1.93,
            "eps_latest_yearly": 1.4,
            "eps_growth_yearly": 16.17
        },
        "20084": {
            "year_quarter": 20084,
            "year": 2008,
            "quarter": 4,
            "eps": 0,
            "eps_growth_year": -100,
            "eps_4q": 0.95,
            "eps_4q_growth_year": -49.87,
            "roe": 0.03,
            "roe_4q": 6.89,
            "gross_profit": 125673,
            "gross_margin": 12,
            "gross_margin_4q_avg": 11.98,
            "net_income": 810,
            "net_income_4q": null,
            "revenue": 1047446,
            "revenue_4q": null,
            "common_shares": 1723000,
            "book_valuer_per_share": 14.32,
            "book_valuer_per_share_4q_avg": 14.98,
            "equity": 2466620,
            "current_ratio": 158.3,
            "debt_ratio": 39.89,
            "inventory_turnover_ratio": 1.63,
            "account_receivable_turnover_ratio": 1.26,
            "reinvestment_rate": 88.86,
            "research_to_sale_ratio": null,
            "price_fair": 48.05,
            "eps_avg_yearly": 1.83,
            "eps_latest_yearly": 1.4,
            "eps_growth_yearly": 16.26
        },
        "20091": {
            "year_quarter": 20091,
            "year": 2009,
            "quarter": 1,
            "eps": 0.27,
            "eps_growth_year": -27.03,
            "eps_4q": 0.91,
            "eps_4q_growth_year": -51.07,
            "roe": 1.8,
            "roe_4q": 6.2700000000000005,
            "gross_profit": 99140,
            "gross_margin": 14.08,
            "gross_margin_4q_avg": 11.81,
            "net_income": 45072,
            "net_income_4q": null,
            "revenue": 703907,
            "revenue_4q": null,
            "common_shares": 1723000,
            "book_valuer_per_share": 14.77,
            "book_valuer_per_share_4q_avg": 14.79,
            "equity": 2545312,
            "current_ratio": 169.19,
            "debt_ratio": 33.57,
            "inventory_turnover_ratio": 1.32,
            "account_receivable_turnover_ratio": 0.52,
            "reinvestment_rate": 117.31,
            "research_to_sale_ratio": null,
            "price_fair": 64.9,
            "eps_avg_yearly": 1.85,
            "eps_latest_yearly": 1.4,
            "eps_growth_yearly": 33.41
        },
        "20092": {
            "year_quarter": 20092,
            "year": 2009,
            "quarter": 2,
            "eps": 0.51,
            "eps_growth_year": 64.52,
            "eps_4q": 1.14,
            "eps_4q_growth_year": -37.94,
            "roe": 3.33,
            "roe_4q": 7.65,
            "gross_profit": 256571,
            "gross_margin": 21.76,
            "gross_margin_4q_avg": 14.62,
            "net_income": 85555,
            "net_income_4q": null,
            "revenue": 1178956,
            "revenue_4q": null,
            "common_shares": 1723000,
            "book_valuer_per_share": 15.06,
            "book_valuer_per_share_4q_avg": 14.63,
            "equity": 2594771,
            "current_ratio": 170.33,
            "debt_ratio": 38.39,
            "inventory_turnover_ratio": 2.24,
            "account_receivable_turnover_ratio": 0.94,
            "reinvestment_rate": 118.07,
            "research_to_sale_ratio": null,
            "price_fair": 62.5,
            "eps_avg_yearly": 1.79,
            "eps_latest_yearly": 2.04,
            "eps_growth_yearly": 29.47
        },
        "20093": {
            "year_quarter": 20093,
            "year": 2009,
            "quarter": 3,
            "eps": 0.63,
            "eps_growth_year": 80,
            "eps_4q": 1.4,
            "eps_4q_growth_year": -4.38,
            "roe": 4.08,
            "roe_4q": 9.24,
            "gross_profit": 219683,
            "gross_margin": 19.32,
            "gross_margin_4q_avg": 16.79,
            "net_income": 107272,
            "net_income_4q": null,
            "revenue": 1137217,
            "revenue_4q": null,
            "common_shares": 1859661,
            "book_valuer_per_share": 14.34,
            "book_valuer_per_share_4q_avg": 14.62,
            "equity": 2667482,
            "current_ratio": 172.26,
            "debt_ratio": 40.7,
            "inventory_turnover_ratio": 2.25,
            "account_receivable_turnover_ratio": 0.82,
            "reinvestment_rate": 124.48,
            "research_to_sale_ratio": null,
            "price_fair": 62.5,
            "eps_avg_yearly": 1.79,
            "eps_latest_yearly": 2.52,
            "eps_growth_yearly": 40.76
        },
        "20094": {
            "year_quarter": 20094,
            "year": 2009,
            "quarter": 4,
            "eps": 0.45,
            "eps_growth_year": null,
            "eps_4q": 1.75,
            "eps_4q_growth_year": 84.52,
            "roe": 3.06,
            "roe_4q": 12.270000000000001,
            "gross_profit": 232936,
            "gross_margin": 20.44,
            "gross_margin_4q_avg": 18.9,
            "net_income": 82696,
            "net_income_4q": null,
            "revenue": 1139849,
            "revenue_4q": null,
            "common_shares": 1859661,
            "book_valuer_per_share": 14.96,
            "book_valuer_per_share_4q_avg": 14.78,
            "equity": 2736047,
            "current_ratio": 172.1,
            "debt_ratio": 41.02,
            "inventory_turnover_ratio": 1.8,
            "account_receivable_turnover_ratio": 1.6,
            "reinvestment_rate": 115.25,
            "research_to_sale_ratio": null,
            "price_fair": 62.8,
            "eps_avg_yearly": 1.79,
            "eps_latest_yearly": 1.8,
            "eps_growth_yearly": 42.12
        },
        "20101": {
            "year_quarter": 20101,
            "year": 2010,
            "quarter": 1,
            "eps": 0.44,
            "eps_growth_year": 62.96,
            "eps_4q": 1.95,
            "eps_4q_growth_year": 113.89,
            "roe": 2.91,
            "roe_4q": 13.38,
            "gross_profit": 182445,
            "gross_margin": 21.97,
            "gross_margin_4q_avg": 20.87,
            "net_income": 80709,
            "net_income_4q": null,
            "revenue": 830517,
            "revenue_4q": null,
            "common_shares": 1859661,
            "book_valuer_per_share": 15.38,
            "book_valuer_per_share_4q_avg": 14.94,
            "equity": 2812974,
            "current_ratio": 184.58,
            "debt_ratio": 37.77,
            "inventory_turnover_ratio": 1.2,
            "account_receivable_turnover_ratio": 0.64,
            "reinvestment_rate": 134.81,
            "research_to_sale_ratio": 3.99,
            "price_fair": 63.7,
            "eps_avg_yearly": 1.82,
            "eps_latest_yearly": 1.76,
            "eps_growth_yearly": 46.25
        },
        "20102": {
            "year_quarter": 20102,
            "year": 2010,
            "quarter": 2,
            "eps": 0.61,
            "eps_growth_year": 19.76,
            "eps_4q": 1.92,
            "eps_4q_growth_year": 67.69,
            "roe": 4.39,
            "roe_4q": 14.44,
            "gross_profit": 266537,
            "gross_margin": 18.91,
            "gross_margin_4q_avg": 20.16,
            "net_income": 126632,
            "net_income_4q": null,
            "revenue": 1409451,
            "revenue_4q": null,
            "common_shares": 1859661,
            "book_valuer_per_share": 16.16,
            "book_valuer_per_share_4q_avg": 15.21,
            "equity": 2954991,
            "current_ratio": 164.14,
            "debt_ratio": 45.2,
            "inventory_turnover_ratio": 1.53,
            "account_receivable_turnover_ratio": 1.01,
            "reinvestment_rate": 125.24,
            "research_to_sale_ratio": 2.26,
            "price_fair": 67.2,
            "eps_avg_yearly": 1.92,
            "eps_latest_yearly": 2.44,
            "eps_growth_yearly": 64.63
        },
        "20103": {
            "year_quarter": 20103,
            "year": 2010,
            "quarter": 3,
            "eps": 0.44,
            "eps_growth_year": -29.85,
            "eps_4q": 1.84,
            "eps_4q_growth_year": 31.31,
            "roe": 3.07,
            "roe_4q": 13.43,
            "gross_profit": 246561,
            "gross_margin": 22.11,
            "gross_margin_4q_avg": 20.86,
            "net_income": 91631,
            "net_income_4q": null,
            "revenue": 1115224,
            "revenue_4q": null,
            "common_shares": 2104117,
            "book_valuer_per_share": 14.57,
            "book_valuer_per_share_4q_avg": 15.27,
            "equity": 3020659,
            "current_ratio": 171.64,
            "debt_ratio": 42.37,
            "inventory_turnover_ratio": 0.9,
            "account_receivable_turnover_ratio": 0.73,
            "reinvestment_rate": 116.72,
            "research_to_sale_ratio": 3.07,
            "price_fair": 50.66,
            "eps_avg_yearly": 1.87,
            "eps_latest_yearly": 1.76,
            "eps_growth_yearly": 17.11
        },
        "20104": {
            "year_quarter": 20104,
            "year": 2010,
            "quarter": 4,
            "eps": -0.14,
            "eps_growth_year": -131.45,
            "eps_4q": 1.3,
            "eps_4q_growth_year": -25.81,
            "roe": -0.99,
            "roe_4q": 9.379999999999999,
            "gross_profit": 137019,
            "gross_margin": 13.21,
            "gross_margin_4q_avg": 19.05,
            "net_income": -29347,
            "net_income_4q": null,
            "revenue": 1037402,
            "revenue_4q": null,
            "common_shares": 2104117,
            "book_valuer_per_share": 13.98,
            "book_valuer_per_share_4q_avg": 15.02,
            "equity": 2897773,
            "current_ratio": 185.72,
            "debt_ratio": 38.29,
            "inventory_turnover_ratio": 1.03,
            "account_receivable_turnover_ratio": 0.77,
            "reinvestment_rate": 91.33,
            "research_to_sale_ratio": 2.62,
            "price_fair": 63.9,
            "eps_avg_yearly": 1.86,
            "eps_latest_yearly": 1.76,
            "eps_growth_yearly": 24.38
        },
        "20111": {
            "year_quarter": 20111,
            "year": 2011,
            "quarter": 1,
            "eps": 0.06,
            "eps_growth_year": -86.36,
            "eps_4q": 0.98,
            "eps_4q_growth_year": -49.9,
            "roe": 0.46,
            "roe_4q": 6.93,
            "gross_profit": 81083,
            "gross_margin": 9.9,
            "gross_margin_4q_avg": 16.03,
            "net_income": 13416,
            "net_income_4q": null,
            "revenue": 818813,
            "revenue_4q": null,
            "common_shares": 2104117,
            "book_valuer_per_share": 14.18,
            "book_valuer_per_share_4q_avg": 14.72,
            "equity": 2938998,
            "current_ratio": 169.03,
            "debt_ratio": 41.34,
            "inventory_turnover_ratio": 0.88,
            "account_receivable_turnover_ratio": 0.73,
            "reinvestment_rate": 111.17,
            "research_to_sale_ratio": 4.03,
            "price_fair": 65.45,
            "eps_avg_yearly": 1.87,
            "eps_latest_yearly": 1.76,
            "eps_growth_yearly": 31.08
        },
        "20112": {
            "year_quarter": 20112,
            "year": 2011,
            "quarter": 2,
            "eps": 0.02,
            "eps_growth_year": -96.44,
            "eps_4q": 0.35,
            "eps_4q_growth_year": -81.49,
            "roe": 0.17,
            "roe_4q": 2.71,
            "gross_profit": 145553,
            "gross_margin": 12.34,
            "gross_margin_4q_avg": 14.39,
            "net_income": 4941,
            "net_income_4q": null,
            "revenue": 1179490,
            "revenue_4q": null,
            "common_shares": 2104117,
            "book_valuer_per_share": 13.91,
            "book_valuer_per_share_4q_avg": 14.16,
            "equity": 2926301,
            "current_ratio": 154.73,
            "debt_ratio": 44.65,
            "inventory_turnover_ratio": 1.1,
            "account_receivable_turnover_ratio": 1.03,
            "reinvestment_rate": 119.11,
            "research_to_sale_ratio": 3.89,
            "price_fair": 41.22,
            "eps_avg_yearly": 1.75,
            "eps_latest_yearly": 0.08,
            "eps_growth_yearly": 13.51
        },
        "20113": {
            "year_quarter": 20113,
            "year": 2011,
            "quarter": 3,
            "eps": 0.62,
            "eps_growth_year": 39.58,
            "eps_4q": 0.57,
            "eps_4q_growth_year": -69.12,
            "roe": 4.58,
            "roe_4q": 4.22,
            "gross_profit": 180202,
            "gross_margin": 13.63,
            "gross_margin_4q_avg": 12.27,
            "net_income": 140270,
            "net_income_4q": null,
            "revenue": 1322129,
            "revenue_4q": null,
            "common_shares": 2273911,
            "book_valuer_per_share": 14.05,
            "book_valuer_per_share_4q_avg": 14.03,
            "equity": 3194500,
            "current_ratio": 157.29,
            "debt_ratio": 43.49,
            "inventory_turnover_ratio": 1.21,
            "account_receivable_turnover_ratio": 0.85,
            "reinvestment_rate": 116.32,
            "research_to_sale_ratio": 3,
            "price_fair": 62.42,
            "eps_avg_yearly": 1.78,
            "eps_latest_yearly": 2.48,
            "eps_growth_yearly": 999.1
        },
        "20114": {
            "year_quarter": 20114,
            "year": 2011,
            "quarter": 4,
            "eps": 0.19,
            "eps_growth_year": null,
            "eps_4q": 0.89,
            "eps_4q_growth_year": -31.59,
            "roe": 1.36,
            "roe_4q": 6.57,
            "gross_profit": 163952,
            "gross_margin": 13.82,
            "gross_margin_4q_avg": 12.42,
            "net_income": 43679,
            "net_income_4q": null,
            "revenue": 1186533,
            "revenue_4q": null,
            "common_shares": 2273911,
            "book_valuer_per_share": 14.24,
            "book_valuer_per_share_4q_avg": 14.1,
            "equity": 3237506,
            "current_ratio": 163.41,
            "debt_ratio": 39.8,
            "inventory_turnover_ratio": 1.25,
            "account_receivable_turnover_ratio": 0.71,
            "reinvestment_rate": 100.94,
            "research_to_sale_ratio": 2.3,
            "price_fair": 57.63,
            "eps_avg_yearly": 1.65,
            "eps_latest_yearly": 0.76,
            "eps_growth_yearly": 971.57
        },
        "20121": {
            "year_quarter": 20121,
            "year": 2012,
            "quarter": 1,
            "eps": 0.06,
            "eps_growth_year": 0,
            "eps_4q": 0.89,
            "eps_4q_growth_year": -9.01,
            "roe": 0.4,
            "roe_4q": 6.51,
            "gross_profit": 147132,
            "gross_margin": 14.84,
            "gross_margin_4q_avg": 13.66,
            "net_income": 13024,
            "net_income_4q": null,
            "revenue": 991359,
            "revenue_4q": null,
            "common_shares": 2273911,
            "book_valuer_per_share": 14.11,
            "book_valuer_per_share_4q_avg": 14.08,
            "equity": 3208825,
            "current_ratio": 181.92,
            "debt_ratio": 35.87,
            "inventory_turnover_ratio": 1.15,
            "account_receivable_turnover_ratio": 0.69,
            "reinvestment_rate": 95.84,
            "research_to_sale_ratio": 3.24,
            "price_fair": 54.02,
            "eps_avg_yearly": 1.54,
            "eps_latest_yearly": 0.24,
            "eps_growth_yearly": 961.55
        },
        "20122": {
            "year_quarter": 20122,
            "year": 2012,
            "quarter": 2,
            "eps": 0.16,
            "eps_growth_year": 646.81,
            "eps_4q": 1.03,
            "eps_4q_growth_year": 190.02,
            "roe": 1.16,
            "roe_4q": 7.5,
            "gross_profit": 178906,
            "gross_margin": 15.91,
            "gross_margin_4q_avg": 14.55,
            "net_income": 36900,
            "net_income_4q": null,
            "revenue": 1124776,
            "revenue_4q": null,
            "common_shares": 2273911,
            "book_valuer_per_share": 13.98,
            "book_valuer_per_share_4q_avg": 14.1,
            "equity": 3178902,
            "current_ratio": 174.71,
            "debt_ratio": 37.51,
            "inventory_turnover_ratio": 1.37,
            "account_receivable_turnover_ratio": 0.86,
            "reinvestment_rate": 88.32,
            "research_to_sale_ratio": 3.39,
            "price_fair": 52.27,
            "eps_avg_yearly": 1.49,
            "eps_latest_yearly": 0.64,
            "eps_growth_yearly": 1022.51
        },
        "20123": {
            "year_quarter": 20123,
            "year": 2012,
            "quarter": 3,
            "eps": 0.1,
            "eps_growth_year": -84.4,
            "eps_4q": 0.51,
            "eps_4q_growth_year": -10.67,
            "roe": 0.69,
            "roe_4q": 3.6100000000000003,
            "gross_profit": 167772,
            "gross_margin": 15.91,
            "gross_margin_4q_avg": 15.12,
            "net_income": 21888,
            "net_income_4q": null,
            "revenue": 1054480,
            "revenue_4q": null,
            "common_shares": 2273911,
            "book_valuer_per_share": 13.92,
            "book_valuer_per_share_4q_avg": 14.06,
            "equity": 3164227,
            "current_ratio": 184.97,
            "debt_ratio": 34.38,
            "inventory_turnover_ratio": 1.42,
            "account_receivable_turnover_ratio": 0.83,
            "reinvestment_rate": 63.68,
            "research_to_sale_ratio": 3.45,
            "price_fair": 49.35,
            "eps_avg_yearly": 1.41,
            "eps_latest_yearly": 0.4,
            "eps_growth_yearly": 1005.71
        },
        "20124": {
            "year_quarter": 20124,
            "year": 2012,
            "quarter": 4,
            "eps": 0.14,
            "eps_growth_year": -26.13,
            "eps_4q": 0.46,
            "eps_4q_growth_year": -48.56,
            "roe": 1.01,
            "roe_4q": 3.26,
            "gross_profit": 154590,
            "gross_margin": 14.48,
            "gross_margin_4q_avg": 15.29,
            "net_income": 32264,
            "net_income_4q": null,
            "revenue": 1067602,
            "revenue_4q": null,
            "common_shares": 2273911,
            "book_valuer_per_share": 14.05,
            "book_valuer_per_share_4q_avg": 14.02,
            "equity": 3193975,
            "current_ratio": 192.46,
            "debt_ratio": 32.43,
            "inventory_turnover_ratio": 1.67,
            "account_receivable_turnover_ratio": 0.85,
            "reinvestment_rate": 39.99,
            "research_to_sale_ratio": 2.94,
            "price_fair": 47.06,
            "eps_avg_yearly": 1.34,
            "eps_latest_yearly": 0.56,
            "eps_growth_yearly": 940.65
        },
        "20131": {
            "year_quarter": 20131,
            "year": 2013,
            "quarter": 1,
            "eps": 0.27,
            "eps_growth_year": 350,
            "eps_4q": 0.67,
            "eps_4q_growth_year": -25.01,
            "roe": 1.87,
            "roe_4q": 4.7299999999999995,
            "gross_profit": 145024,
            "gross_margin": 14.2,
            "gross_margin_4q_avg": 15.13,
            "net_income": 60362,
            "net_income_4q": null,
            "revenue": 1021473,
            "revenue_4q": null,
            "common_shares": 2273911,
            "book_valuer_per_share": 14.39,
            "book_valuer_per_share_4q_avg": 14.09,
            "equity": 3273177,
            "current_ratio": 186.77,
            "debt_ratio": 35.96,
            "inventory_turnover_ratio": 1.66,
            "account_receivable_turnover_ratio": 0.78,
            "reinvestment_rate": 36.4,
            "research_to_sale_ratio": 3.3,
            "price_fair": 46.4,
            "eps_avg_yearly": 1.33,
            "eps_latest_yearly": 1.08,
            "eps_growth_yearly": 899.99
        },
        "20132": {
            "year_quarter": 20132,
            "year": 2013,
            "quarter": 2,
            "eps": 0.21,
            "eps_growth_year": 29.41,
            "eps_4q": 0.72,
            "eps_4q_growth_year": -30.4,
            "roe": 1.48,
            "roe_4q": 5.050000000000001,
            "gross_profit": 208951,
            "gross_margin": 14.73,
            "gross_margin_4q_avg": 14.83,
            "net_income": 48258,
            "net_income_4q": null,
            "revenue": 1418752,
            "revenue_4q": null,
            "common_shares": 2273911,
            "book_valuer_per_share": 14.37,
            "book_valuer_per_share_4q_avg": 14.18,
            "equity": 3267810,
            "current_ratio": 174.98,
            "debt_ratio": 39.35,
            "inventory_turnover_ratio": 2.02,
            "account_receivable_turnover_ratio": 0.97,
            "reinvestment_rate": 33.55,
            "research_to_sale_ratio": 2.73,
            "price_fair": 43.4,
            "eps_avg_yearly": 1.24,
            "eps_latest_yearly": 0.84,
            "eps_growth_yearly": 868.25
        },
        "20133": {
            "year_quarter": 20133,
            "year": 2013,
            "quarter": 3,
            "eps": 0.36,
            "eps_growth_year": 274,
            "eps_4q": 0.98,
            "eps_4q_growth_year": 93.53,
            "roe": 2.5,
            "roe_4q": 6.859999999999999,
            "gross_profit": 234472,
            "gross_margin": 16.99,
            "gross_margin_4q_avg": 15.1,
            "net_income": 82624,
            "net_income_4q": null,
            "revenue": 1380052,
            "revenue_4q": null,
            "common_shares": 2273911,
            "book_valuer_per_share": 14.68,
            "book_valuer_per_share_4q_avg": 14.37,
            "equity": 3337749,
            "current_ratio": 185.96,
            "debt_ratio": 37.17,
            "inventory_turnover_ratio": 1.73,
            "account_receivable_turnover_ratio": 0.9,
            "reinvestment_rate": 21.37,
            "research_to_sale_ratio": 2.88,
            "price_fair": 40.7,
            "eps_avg_yearly": 1.16,
            "eps_latest_yearly": 1.44,
            "eps_growth_yearly": 881.93
        },
        "20134": {
            "year_quarter": 20134,
            "year": 2013,
            "quarter": 4,
            "eps": 0.26,
            "eps_growth_year": 84.55,
            "eps_4q": 1.1,
            "eps_4q_growth_year": 140.97,
            "roe": 1.76,
            "roe_4q": 7.61,
            "gross_profit": 216889,
            "gross_margin": 15.82,
            "gross_margin_4q_avg": 15.44,
            "net_income": 59544,
            "net_income_4q": null,
            "revenue": 1370780,
            "revenue_4q": null,
            "common_shares": 2273911,
            "book_valuer_per_share": 15.05,
            "book_valuer_per_share_4q_avg": 14.62,
            "equity": 3421272,
            "current_ratio": 192.8,
            "debt_ratio": 36.55,
            "inventory_turnover_ratio": 1.67,
            "account_receivable_turnover_ratio": 0.88,
            "reinvestment_rate": -2.15,
            "research_to_sale_ratio": 2.58,
            "price_fair": 38.8,
            "eps_avg_yearly": 1.11,
            "eps_latest_yearly": 1.04,
            "eps_growth_yearly": 882.16
        },
        "20141": {
            "year_quarter": 20141,
            "year": 2014,
            "quarter": 1,
            "eps": 0.43,
            "eps_growth_year": 59.26,
            "eps_4q": 1.27,
            "eps_4q_growth_year": 90.08,
            "roe": 2.8,
            "roe_4q": 8.54,
            "gross_profit": 225046,
            "gross_margin": 17.47,
            "gross_margin_4q_avg": 16.25,
            "net_income": 97382,
            "net_income_4q": null,
            "revenue": 1288418,
            "revenue_4q": null,
            "common_shares": 2273911,
            "book_valuer_per_share": 15.56,
            "book_valuer_per_share_4q_avg": 14.92,
            "equity": 3537948,
            "current_ratio": 197.85,
            "debt_ratio": 36.4,
            "inventory_turnover_ratio": 1.46,
            "account_receivable_turnover_ratio": 0.84,
            "reinvestment_rate": -9.24,
            "research_to_sale_ratio": 3.62,
            "price_fair": 38.7,
            "eps_avg_yearly": 1.11,
            "eps_latest_yearly": 1.72,
            "eps_growth_yearly": 901.47
        },
        "20142": {
            "year_quarter": 20142,
            "year": 2014,
            "quarter": 2,
            "eps": 0.5,
            "eps_growth_year": 138.1,
            "eps_4q": 1.55,
            "eps_4q_growth_year": 116.33,
            "roe": 3.22,
            "roe_4q": 10.28,
            "gross_profit": 305899,
            "gross_margin": 19.92,
            "gross_margin_4q_avg": 17.55,
            "net_income": 112574,
            "net_income_4q": null,
            "revenue": 1535976,
            "revenue_4q": null,
            "common_shares": 2273911,
            "book_valuer_per_share": 15.17,
            "book_valuer_per_share_4q_avg": 15.12,
            "equity": 3450339,
            "current_ratio": 185.66,
            "debt_ratio": 39.44,
            "inventory_turnover_ratio": 1.73,
            "account_receivable_turnover_ratio": 0.98,
            "reinvestment_rate": -24.72,
            "research_to_sale_ratio": 3.02,
            "price_fair": 37.6,
            "eps_avg_yearly": 1.07,
            "eps_latest_yearly": 2,
            "eps_growth_yearly": 895.09
        },
        "20143": {
            "year_quarter": 20143,
            "year": 2014,
            "quarter": 3,
            "eps": 0.54,
            "eps_growth_year": 50,
            "eps_4q": 1.73,
            "eps_4q_growth_year": 75.94,
            "roe": 3.52,
            "roe_4q": 11.299999999999999,
            "gross_profit": 277193,
            "gross_margin": 19.22,
            "gross_margin_4q_avg": 18.11,
            "net_income": 123735,
            "net_income_4q": null,
            "revenue": 1441976,
            "revenue_4q": null,
            "common_shares": 2273911,
            "book_valuer_per_share": 15.77,
            "book_valuer_per_share_4q_avg": 15.39,
            "equity": 3586540,
            "current_ratio": 200.92,
            "debt_ratio": 36.61,
            "inventory_turnover_ratio": 1.82,
            "account_receivable_turnover_ratio": 0.85,
            "reinvestment_rate": -20.87,
            "research_to_sale_ratio": 2.97,
            "price_fair": 38.6,
            "eps_avg_yearly": 1.1,
            "eps_latest_yearly": 2.16,
            "eps_growth_yearly": 905.34
        },
        "20144": {
            "year_quarter": 20144,
            "year": 2014,
            "quarter": 4,
            "eps": 0.67,
            "eps_growth_year": 155.49,
            "eps_4q": 2.14,
            "eps_4q_growth_year": 93.72,
            "roe": 4.11,
            "roe_4q": 13.650000000000002,
            "gross_profit": 286520,
            "gross_margin": 21.65,
            "gross_margin_4q_avg": 19.57,
            "net_income": 152128,
            "net_income_4q": null,
            "revenue": 1323659,
            "revenue_4q": null,
            "common_shares": 2273911,
            "book_valuer_per_share": 16.76,
            "book_valuer_per_share_4q_avg": 15.82,
            "equity": 3811209,
            "current_ratio": 219.45,
            "debt_ratio": 34.15,
            "inventory_turnover_ratio": 1.81,
            "account_receivable_turnover_ratio": 0.78,
            "reinvestment_rate": 0.32,
            "research_to_sale_ratio": 3.54,
            "price_fair": 42.28,
            "eps_avg_yearly": 1.21,
            "eps_latest_yearly": 2.68,
            "eps_growth_yearly": 851.4
        },
        "20151": {
            "year_quarter": 20151,
            "year": 2015,
            "quarter": 1,
            "eps": 0.41,
            "eps_growth_year": -4.65,
            "eps_4q": 2.11,
            "eps_4q_growth_year": 67.01,
            "roe": 2.4,
            "roe_4q": 13.25,
            "gross_profit": 252518,
            "gross_margin": 22.01,
            "gross_margin_4q_avg": 20.7,
            "net_income": 92238,
            "net_income_4q": null,
            "revenue": 1147081,
            "revenue_4q": null,
            "common_shares": 2273911,
            "book_valuer_per_share": 17.06,
            "book_valuer_per_share_4q_avg": 16.19,
            "equity": 3878452,
            "current_ratio": 237.26,
            "debt_ratio": 31.63,
            "inventory_turnover_ratio": 1.61,
            "account_receivable_turnover_ratio": 0.76,
            "reinvestment_rate": -5.66,
            "research_to_sale_ratio": 3.78,
            "price_fair": 43.23,
            "eps_avg_yearly": 1.24,
            "eps_latest_yearly": 1.64,
            "eps_growth_yearly": 788.49
        },
        "20152": {
            "year_quarter": 20152,
            "year": 2015,
            "quarter": 2,
            "eps": 0.35,
            "eps_growth_year": -30,
            "eps_4q": 1.97,
            "eps_4q_growth_year": 27.53,
            "roe": 2.17,
            "roe_4q": 12.2,
            "gross_profit": 210893,
            "gross_margin": 18.72,
            "gross_margin_4q_avg": 20.4,
            "net_income": 80971,
            "net_income_4q": null,
            "revenue": 1126749,
            "revenue_4q": null,
            "common_shares": 2273911,
            "book_valuer_per_share": 15.74,
            "book_valuer_per_share_4q_avg": 16.33,
            "equity": 3578995,
            "current_ratio": 213.51,
            "debt_ratio": 35.02,
            "inventory_turnover_ratio": 1.65,
            "account_receivable_turnover_ratio": 0.86,
            "reinvestment_rate": -7.85,
            "research_to_sale_ratio": 4,
            "price_fair": 46.11,
            "eps_avg_yearly": 1.32,
            "eps_latest_yearly": 1.4,
            "eps_growth_yearly": 801.49
        },
        "20153": {
            "year_quarter": 20153,
            "year": 2015,
            "quarter": 3,
            "eps": 0.83,
            "eps_growth_year": 53.7,
            "eps_4q": 2.26,
            "eps_4q_growth_year": 30.82,
            "roe": 5.12,
            "roe_4q": 13.8,
            "gross_profit": 315101,
            "gross_margin": 20.09,
            "gross_margin_4q_avg": 20.62,
            "net_income": 189076,
            "net_income_4q": null,
            "revenue": 1568068,
            "revenue_4q": null,
            "common_shares": 2273911,
            "book_valuer_per_share": 16.76,
            "book_valuer_per_share_4q_avg": 16.58,
            "equity": 3811434,
            "current_ratio": 221.87,
            "debt_ratio": 35.25,
            "inventory_turnover_ratio": 2.36,
            "account_receivable_turnover_ratio": 1,
            "reinvestment_rate": -13.35,
            "research_to_sale_ratio": 2.68,
            "price_fair": 47.95,
            "eps_avg_yearly": 1.37,
            "eps_latest_yearly": 3.32,
            "eps_growth_yearly": 85.78
        },
        "20154": {
            "year_quarter": 20154,
            "year": 2015,
            "quarter": 4,
            "eps": 1.02,
            "eps_growth_year": 53.03,
            "eps_4q": 2.62,
            "eps_4q_growth_year": 22.49,
            "roe": 5.96,
            "roe_4q": 15.65,
            "gross_profit": 487018,
            "gross_margin": 24.46,
            "gross_margin_4q_avg": 21.32,
            "net_income": 232800,
            "net_income_4q": null,
            "revenue": 1991209,
            "revenue_4q": null,
            "common_shares": 2273911,
            "book_valuer_per_share": 17.62,
            "book_valuer_per_share_4q_avg": 16.8,
            "equity": 4007228,
            "current_ratio": 212.05,
            "debt_ratio": 37.71,
            "inventory_turnover_ratio": 2.64,
            "account_receivable_turnover_ratio": 0.99,
            "reinvestment_rate": -20.34,
            "research_to_sale_ratio": 2.73,
            "price_fair": 55.21,
            "eps_avg_yearly": 1.58,
            "eps_latest_yearly": 4.08,
            "eps_growth_yearly": 108.84
        },
        "20161": {
            "year_quarter": 20161,
            "year": 2016,
            "quarter": 1,
            "eps": 0.57,
            "eps_growth_year": 39.02,
            "eps_4q": 2.78,
            "eps_4q_growth_year": 31.7,
            "roe": 3.21,
            "roe_4q": 16.46,
            "gross_profit": 332168,
            "gross_margin": 25.12,
            "gross_margin_4q_avg": 22.1,
            "net_income": 130178,
            "net_income_4q": null,
            "revenue": 1322397,
            "revenue_4q": null,
            "common_shares": 2273911,
            "book_valuer_per_share": 18.08,
            "book_valuer_per_share_4q_avg": 17.05,
            "equity": 4110874,
            "current_ratio": 245.69,
            "debt_ratio": 32.74,
            "inventory_turnover_ratio": 1.67,
            "account_receivable_turnover_ratio": 0.72,
            "reinvestment_rate": -16.53,
            "research_to_sale_ratio": 3.3,
            "price_fair": 59.68,
            "eps_avg_yearly": 1.71,
            "eps_latest_yearly": 2.28,
            "eps_growth_yearly": 114.92
        },
        "20162": {
            "year_quarter": 20162,
            "year": 2016,
            "quarter": 2,
            "eps": 0.73,
            "eps_growth_year": 108.57,
            "eps_4q": 3.16,
            "eps_4q_growth_year": 59.85,
            "roe": 4.19,
            "roe_4q": 18.48,
            "gross_profit": 359733,
            "gross_margin": 25.1,
            "gross_margin_4q_avg": 23.69,
            "net_income": 165794,
            "net_income_4q": null,
            "revenue": 1432973,
            "revenue_4q": null,
            "common_shares": 2273911,
            "book_valuer_per_share": 16.72,
            "book_valuer_per_share_4q_avg": 17.3,
            "equity": 3803003,
            "current_ratio": 211.28,
            "debt_ratio": 37.94,
            "inventory_turnover_ratio": 1.96,
            "account_receivable_turnover_ratio": 0.93,
            "reinvestment_rate": -15.13,
            "research_to_sale_ratio": 3.14,
            "price_fair": 64.66,
            "eps_avg_yearly": 1.85,
            "eps_latest_yearly": 2.92,
            "eps_growth_yearly": 80.27
        },
        "20163": {
            "year_quarter": 20163,
            "year": 2016,
            "quarter": 3,
            "eps": 0.94,
            "eps_growth_year": 13.25,
            "eps_4q": 3.27,
            "eps_4q_growth_year": 44.53,
            "roe": 5.54,
            "roe_4q": 18.900000000000002,
            "gross_profit": 474928,
            "gross_margin": 28.67,
            "gross_margin_4q_avg": 25.84,
            "net_income": 214704,
            "net_income_4q": null,
            "revenue": 1656496,
            "revenue_4q": null,
            "common_shares": 2273911,
            "book_valuer_per_share": 17.36,
            "book_valuer_per_share_4q_avg": 17.45,
            "equity": 3947578,
            "current_ratio": 206.46,
            "debt_ratio": 39.52,
            "inventory_turnover_ratio": 2.2,
            "account_receivable_turnover_ratio": 1.01,
            "reinvestment_rate": -12.21,
            "research_to_sale_ratio": 2.7,
            "price_fair": 72.01,
            "eps_avg_yearly": 2.06,
            "eps_latest_yearly": 3.76,
            "eps_growth_yearly": 96.83
        },
        "20164": {
            "year_quarter": 20164,
            "year": 2016,
            "quarter": 4,
            "eps": 1.14,
            "eps_growth_year": 10.98,
            "eps_4q": 3.38,
            "eps_4q_growth_year": 29.23,
            "roe": 6.35,
            "roe_4q": 19.290000000000003,
            "gross_profit": 457673,
            "gross_margin": 29.87,
            "gross_margin_4q_avg": 27.19,
            "net_income": 258354,
            "net_income_4q": null,
            "revenue": 1532322,
            "revenue_4q": null,
            "common_shares": 2273911,
            "book_valuer_per_share": 18.42,
            "book_valuer_per_share_4q_avg": 17.65,
            "equity": 4188862,
            "current_ratio": 241.18,
            "debt_ratio": 34.34,
            "inventory_turnover_ratio": 1.88,
            "account_receivable_turnover_ratio": 0.88,
            "reinvestment_rate": -9.08,
            "research_to_sale_ratio": 2.99,
            "price_fair": 80.76,
            "eps_avg_yearly": 2.31,
            "eps_latest_yearly": 4.56,
            "eps_growth_yearly": 92.15
        },
        "20171": {
            "year_quarter": 20171,
            "year": 2017,
            "quarter": 1,
            "eps": 0.36,
            "eps_growth_year": -36.84,
            "eps_4q": 3.17,
            "eps_4q_growth_year": 13.87,
            "roe": 1.96,
            "roe_4q": 18.04,
            "gross_profit": 327963,
            "gross_margin": 25.55,
            "gross_margin_4q_avg": 27.3,
            "net_income": 81946,
            "net_income_4q": null,
            "revenue": 1283434,
            "revenue_4q": null,
            "common_shares": 2273911,
            "book_valuer_per_share": 18.3,
            "book_valuer_per_share_4q_avg": 17.7,
            "equity": 4161345,
            "current_ratio": 259.59,
            "debt_ratio": 31.86,
            "inventory_turnover_ratio": 1.93,
            "account_receivable_turnover_ratio": 0.84,
            "reinvestment_rate": -16.13,
            "research_to_sale_ratio": 2.88,
            "price_fair": 81.55,
            "eps_avg_yearly": 2.33,
            "eps_latest_yearly": 1.44,
            "eps_growth_yearly": 51.83
        },
        "20172": {
            "year_quarter": 20172,
            "year": 2017,
            "quarter": 2,
            "eps": 0.63,
            "eps_growth_year": -13.7,
            "eps_4q": 3.07,
            "eps_4q_growth_year": -2.87,
            "roe": 3.57,
            "roe_4q": 17.419999999999998,
            "gross_profit": 278735,
            "gross_margin": 24.33,
            "gross_margin_4q_avg": 27.11,
            "net_income": 142211,
            "net_income_4q": null,
            "revenue": 1145524,
            "revenue_4q": null,
            "common_shares": 2273911,
            "book_valuer_per_share": 16.75,
            "book_valuer_per_share_4q_avg": 17.71,
            "equity": 3807862,
            "current_ratio": 209.34,
            "debt_ratio": 39.5,
            "inventory_turnover_ratio": 2.04,
            "account_receivable_turnover_ratio": 0.9,
            "reinvestment_rate": -14.75,
            "research_to_sale_ratio": 3.42,
            "price_fair": 85.23,
            "eps_avg_yearly": 2.44,
            "eps_latest_yearly": 2.52,
            "eps_growth_yearly": 76.14
        },
        "20173": {
            "year_quarter": 20173,
            "year": 2017,
            "quarter": 3,
            "eps": 1.03,
            "eps_growth_year": 9.57,
            "eps_4q": 3.15,
            "eps_4q_growth_year": -3.58,
            "roe": 5.95,
            "roe_4q": 17.83,
            "gross_profit": 404217,
            "gross_margin": 23.24,
            "gross_margin_4q_avg": 25.75,
            "net_income": 234353,
            "net_income_4q": null,
            "revenue": 1739517,
            "revenue_4q": null,
            "common_shares": 2273911,
            "book_valuer_per_share": 17.9,
            "book_valuer_per_share_4q_avg": 17.84,
            "equity": 4070016,
            "current_ratio": 201.73,
            "debt_ratio": 42.16,
            "inventory_turnover_ratio": 2.85,
            "account_receivable_turnover_ratio": 1.15,
            "reinvestment_rate": -13.03,
            "research_to_sale_ratio": 2.52,
            "price_fair": 91.09,
            "eps_avg_yearly": 2.6,
            "eps_latest_yearly": 4.12,
            "eps_growth_yearly": 74.16
        },
        "20174": {
            "year_quarter": 20174,
            "year": 2017,
            "quarter": 4,
            "eps": 0.83,
            "eps_growth_year": -27.31,
            "eps_4q": 2.84,
            "eps_4q_growth_year": -15.96,
            "roe": 4.51,
            "roe_4q": 15.990000000000002,
            "gross_profit": 391718,
            "gross_margin": 23.68,
            "gross_margin_4q_avg": 24.2,
            "net_income": 187789,
            "net_income_4q": null,
            "revenue": 1654245,
            "revenue_4q": null,
            "common_shares": 2273911,
            "book_valuer_per_share": 18.71,
            "book_valuer_per_share_4q_avg": 17.92,
            "equity": 4254244,
            "current_ratio": 205.17,
            "debt_ratio": 41.92,
            "inventory_turnover_ratio": 2.54,
            "account_receivable_turnover_ratio": 0.9,
            "reinvestment_rate": -10.44,
            "research_to_sale_ratio": 2.31,
            "price_fair": 96.08,
            "eps_avg_yearly": 2.75,
            "eps_latest_yearly": 3.32,
            "eps_growth_yearly": 76.25
        },
        "20181": {
            "year_quarter": 20181,
            "year": 2018,
            "quarter": 1,
            "eps": 0.18,
            "eps_growth_year": -50,
            "eps_4q": 2.66,
            "eps_4q_growth_year": -15.96,
            "roe": 0.97,
            "roe_4q": 15,
            "gross_profit": 233820,
            "gross_margin": 16.75,
            "gross_margin_4q_avg": 22,
            "net_income": 41412,
            "net_income_4q": null,
            "revenue": 1395856,
            "revenue_4q": null,
            "common_shares": 2273911,
            "book_valuer_per_share": 19.01,
            "book_valuer_per_share_4q_avg": 18.09,
            "equity": 4322913,
            "current_ratio": 208.36,
            "debt_ratio": 42,
            "inventory_turnover_ratio": 1.97,
            "account_receivable_turnover_ratio": 0.82,
            "reinvestment_rate": -11.56,
            "research_to_sale_ratio": 2.75,
            "price_fair": 93.89,
            "eps_avg_yearly": 2.68,
            "eps_latest_yearly": 0.72,
            "eps_growth_yearly": 40.32
        },
        "20182": {
            "year_quarter": 20182,
            "year": 2018,
            "quarter": 2,
            "eps": 1.16,
            "eps_growth_year": 84.13,
            "eps_4q": 3.2,
            "eps_4q_growth_year": 4.32,
            "roe": 6.2,
            "roe_4q": 17.63,
            "gross_profit": 430762,
            "gross_margin": 19.6,
            "gross_margin_4q_avg": 20.82,
            "net_income": 263795,
            "net_income_4q": null,
            "revenue": 2197800,
            "revenue_4q": null,
            "common_shares": 2273911,
            "book_valuer_per_share": 18.4,
            "book_valuer_per_share_4q_avg": 18.51,
            "equity": 4184775,
            "current_ratio": 184.3,
            "debt_ratio": 47.9,
            "inventory_turnover_ratio": 2.41,
            "account_receivable_turnover_ratio": 1.11,
            "reinvestment_rate": -8.94,
            "research_to_sale_ratio": 2.28,
            "price_fair": 99.66,
            "eps_avg_yearly": 2.85,
            "eps_latest_yearly": 4.64,
            "eps_growth_yearly": 172.36
        },
        "20183": {
            "year_quarter": 20183,
            "year": 2018,
            "quarter": 3,
            "eps": 0.82,
            "eps_growth_year": -20.39,
            "eps_4q": 2.99,
            "eps_4q_growth_year": -5.2,
            "roe": 4.4,
            "roe_4q": 16.080000000000002,
            "gross_profit": 388090,
            "gross_margin": 24.69,
            "gross_margin_4q_avg": 21.18,
            "net_income": 186620,
            "net_income_4q": null,
            "revenue": 1571941,
            "revenue_4q": null,
            "common_shares": 2273911,
            "book_valuer_per_share": 18.9,
            "book_valuer_per_share_4q_avg": 18.76,
            "equity": 4298600,
            "current_ratio": 191.62,
            "debt_ratio": 46.41,
            "inventory_turnover_ratio": 1.6,
            "account_receivable_turnover_ratio": 0.73,
            "reinvestment_rate": -9.91,
            "research_to_sale_ratio": 3.06,
            "price_fair": 102.11,
            "eps_avg_yearly": 2.92,
            "eps_latest_yearly": 3.28,
            "eps_growth_yearly": 163.03
        },
        "20184": {
            "year_quarter": 20184,
            "year": 2018,
            "quarter": 4,
            "eps": 0.61,
            "eps_growth_year": -26.37,
            "eps_4q": 2.77,
            "eps_4q_growth_year": -2.51,
            "roe": 3.16,
            "roe_4q": 14.730000000000002,
            "gross_profit": 219867,
            "gross_margin": 19.08,
            "gross_margin_4q_avg": 20.03,
            "net_income": 138270,
            "net_income_4q": null,
            "revenue": 1152235,
            "revenue_4q": null,
            "common_shares": 2273911,
            "book_valuer_per_share": 19.59,
            "book_valuer_per_share_4q_avg": 18.98,
            "equity": 4454502,
            "current_ratio": 242.08,
            "debt_ratio": 36.58,
            "inventory_turnover_ratio": 1.46,
            "account_receivable_turnover_ratio": 0.68,
            "reinvestment_rate": -11.36,
            "research_to_sale_ratio": 2.12,
            "price_fair": 101.59,
            "eps_avg_yearly": 2.9,
            "eps_latest_yearly": 2.44,
            "eps_growth_yearly": 150.61
        },
        "20191": {
            "year_quarter": 20191,
            "year": 2019,
            "quarter": 1,
            "eps": 0.27,
            "eps_growth_year": 50,
            "eps_4q": 2.86,
            "eps_4q_growth_year": 7.47,
            "roe": 1.38,
            "roe_4q": 15.14,
            "gross_profit": 153378,
            "gross_margin": 17.04,
            "gross_margin_4q_avg": 20.1,
            "net_income": 62360,
            "net_income_4q": null,
            "revenue": 900137,
            "revenue_4q": null,
            "common_shares": 2273911,
            "book_valuer_per_share": 20.07,
            "book_valuer_per_share_4q_avg": 19.24,
            "equity": 4563884,
            "current_ratio": 286.81,
            "debt_ratio": 31.64,
            "inventory_turnover_ratio": 1.36,
            "account_receivable_turnover_ratio": 0.7,
            "reinvestment_rate": -10.22,
            "research_to_sale_ratio": 4.87,
            "price_fair": 100.36,
            "eps_avg_yearly": 2.87,
            "eps_latest_yearly": 1.08,
            "eps_growth_yearly": 146.38
        },
        "20192": {
            "year_quarter": 20192,
            "year": 2019,
            "quarter": 2,
            "eps": 0.69,
            "eps_growth_year": -40.52,
            "eps_4q": 2.39,
            "eps_4q_growth_year": -25.26,
            "roe": 3.5,
            "roe_4q": 12.44,
            "gross_profit": 310680,
            "gross_margin": 23.05,
            "gross_margin_4q_avg": 20.97,
            "net_income": 156395,
            "net_income_4q": null,
            "revenue": 1347610,
            "revenue_4q": null,
            "common_shares": 2273911,
            "book_valuer_per_share": 19.2,
            "book_valuer_per_share_4q_avg": 19.44,
            "equity": 4365135,
            "current_ratio": 265.89,
            "debt_ratio": 34.09,
            "inventory_turnover_ratio": 1.96,
            "account_receivable_turnover_ratio": 1.09,
            "reinvestment_rate": -10.02,
            "research_to_sale_ratio": 3.79,
            "price_fair": 103.34,
            "eps_avg_yearly": 2.95,
            "eps_latest_yearly": 2.76,
            "eps_growth_yearly": 188.93
        },
        "20193": {
            "year_quarter": 20193,
            "year": 2019,
            "quarter": 3,
            "eps": 0.88,
            "eps_growth_year": 7.32,
            "eps_4q": 2.45,
            "eps_4q_growth_year": -18.09,
            "roe": 4.5,
            "roe_4q": 12.54,
            "gross_profit": 373325,
            "gross_margin": 25.88,
            "gross_margin_4q_avg": 21.26,
            "net_income": 199676,
            "net_income_4q": null,
            "revenue": 1442341,
            "revenue_4q": null,
            "common_shares": 2273911,
            "book_valuer_per_share": 19.83,
            "book_valuer_per_share_4q_avg": 19.67,
            "equity": 4508555,
            "current_ratio": 240.51,
            "debt_ratio": 37.8,
            "inventory_turnover_ratio": 1.85,
            "account_receivable_turnover_ratio": 0.97,
            "reinvestment_rate": -11.05,
            "research_to_sale_ratio": 3.24,
            "price_fair": 103.78,
            "eps_avg_yearly": 2.97,
            "eps_latest_yearly": 3.52,
            "eps_growth_yearly": 161.53
        },
        "20194": {
            "year_quarter": 20194,
            "year": 2019,
            "quarter": 4,
            "eps": 0.65,
            "eps_growth_year": 6.27,
            "eps_4q": 2.49,
            "eps_4q_growth_year": -10.27,
            "roe": 3.23,
            "roe_4q": 12.61,
            "gross_profit": 384632,
            "gross_margin": 24.8,
            "gross_margin_4q_avg": 22.69,
            "net_income": 146940,
            "net_income_4q": null,
            "revenue": 1550864,
            "revenue_4q": null,
            "common_shares": 2273911,
            "book_valuer_per_share": 20.21,
            "book_valuer_per_share_4q_avg": 19.83,
            "equity": 4594737,
            "current_ratio": 250.82,
            "debt_ratio": 36.24,
            "inventory_turnover_ratio": 1.97,
            "account_receivable_turnover_ratio": 0.93,
            "reinvestment_rate": -8.21,
            "research_to_sale_ratio": 2.54,
            "price_fair": 100.54,
            "eps_avg_yearly": 2.87,
            "eps_latest_yearly": 2.6,
            "eps_growth_yearly": 149.27
        },
        "20201": {
            "year_quarter": 20201,
            "year": 2020,
            "quarter": 1,
            "eps": 0.39,
            "eps_growth_year": 44.44,
            "eps_4q": 2.6,
            "eps_4q_growth_year": -9.05,
            "roe": 1.93,
            "roe_4q": 13.16,
            "gross_profit": 216638,
            "gross_margin": 23.51,
            "gross_margin_4q_avg": 24.31,
            "net_income": 89136,
            "net_income_4q": null,
            "revenue": 921415,
            "revenue_4q": null,
            "common_shares": 2273911,
            "book_valuer_per_share": 20.42,
            "book_valuer_per_share_4q_avg": 19.92,
            "equity": 4642722,
            "current_ratio": 275.34,
            "debt_ratio": 33.36,
            "inventory_turnover_ratio": 1.16,
            "account_receivable_turnover_ratio": 0.64,
            "reinvestment_rate": -5.84,
            "research_to_sale_ratio": 4.98,
            "price_fair": 98.96,
            "eps_avg_yearly": 2.83,
            "eps_latest_yearly": 1.56,
            "eps_growth_yearly": 150.3
        },
        "20202": {
            "year_quarter": 20202,
            "year": 2020,
            "quarter": 2,
            "eps": 1.12,
            "eps_growth_year": 62.32,
            "eps_4q": 3.03,
            "eps_4q_growth_year": 26.84,
            "roe": 5.51,
            "roe_4q": 15.17,
            "gross_profit": 501412,
            "gross_margin": 27.43,
            "gross_margin_4q_avg": 25.41,
            "net_income": 253817,
            "net_income_4q": null,
            "revenue": 1827720,
            "revenue_4q": null,
            "common_shares": 2273911,
            "book_valuer_per_share": 20.06,
            "book_valuer_per_share_4q_avg": 20.13,
            "equity": 4562180,
            "current_ratio": 222.79,
            "debt_ratio": 40.4,
            "inventory_turnover_ratio": 2.09,
            "account_receivable_turnover_ratio": 1.18,
            "reinvestment_rate": -3.26,
            "research_to_sale_ratio": 2.94,
            "price_fair": 102.38,
            "eps_avg_yearly": 2.93,
            "eps_latest_yearly": 4.48,
            "eps_growth_yearly": 190.08
        },
        "20203": {
            "year_quarter": 20203,
            "year": 2020,
            "quarter": 3,
            "eps": 1.46,
            "eps_growth_year": 65.91,
            "eps_4q": 3.62,
            "eps_4q_growth_year": 47.85,
            "roe": 7.02,
            "roe_4q": 17.689999999999998,
            "gross_profit": 598132,
            "gross_margin": 26.89,
            "gross_margin_4q_avg": 25.66,
            "net_income": 333190,
            "net_income_4q": null,
            "revenue": 2224706,
            "revenue_4q": null,
            "common_shares": 2273911,
            "book_valuer_per_share": 21.68,
            "book_valuer_per_share_4q_avg": 20.59,
            "equity": 4930488,
            "current_ratio": 210.18,
            "debt_ratio": 42.56,
            "inventory_turnover_ratio": 2.16,
            "account_receivable_turnover_ratio": 1.02,
            "reinvestment_rate": -0.96,
            "research_to_sale_ratio": 2.37,
            "price_fair": 106.93,
            "eps_avg_yearly": 3.06,
            "eps_latest_yearly": 5.84,
            "eps_growth_yearly": 190.47
        },
        "20204": {
            "year_quarter": 20204,
            "year": 2020,
            "quarter": 4,
            "eps": 1.57,
            "eps_growth_year": 143.69,
            "eps_4q": 4.55,
            "eps_4q_growth_year": 82.93,
            "roe": 6.99,
            "roe_4q": 21.45,
            "gross_profit": 606438,
            "gross_margin": 23.49,
            "gross_margin_4q_avg": 25.33,
            "net_income": 358082,
            "net_income_4q": null,
            "revenue": 2581834,
            "revenue_4q": null,
            "common_shares": 2273911,
            "book_valuer_per_share": 23.4,
            "book_valuer_per_share_4q_avg": 21.39,
            "equity": 5321766,
            "current_ratio": 200.82,
            "debt_ratio": 45.12,
            "inventory_turnover_ratio": 1.85,
            "account_receivable_turnover_ratio": 0.95,
            "reinvestment_rate": 1.44,
            "research_to_sale_ratio": 2.77,
            "price_fair": 110.69,
            "eps_avg_yearly": 3.16,
            "eps_latest_yearly": 6.28,
            "eps_growth_yearly": 187.04
        },
        "20211": {
            "year_quarter": 20211,
            "year": 2021,
            "quarter": 1,
            "eps": 1.33,
            "eps_growth_year": 241.03,
            "eps_4q": 5.49,
            "eps_4q_growth_year": 110.81,
            "roe": 5.55,
            "roe_4q": 25.07,
            "gross_profit": 556248,
            "gross_margin": 20.43,
            "gross_margin_4q_avg": 24.56,
            "net_income": 303230,
            "net_income_4q": null,
            "revenue": 2723004,
            "revenue_4q": null,
            "common_shares": 2273911,
            "book_valuer_per_share": 24.69,
            "book_valuer_per_share_4q_avg": 22.46,
            "equity": 5614752,
            "current_ratio": 207.03,
            "debt_ratio": 44.35,
            "inventory_turnover_ratio": 1.61,
            "account_receivable_turnover_ratio": 0.88,
            "reinvestment_rate": 3.38,
            "research_to_sale_ratio": 2.35,
            "price_fair": 119.18,
            "eps_avg_yearly": 3.41,
            "eps_latest_yearly": 5.32,
            "eps_growth_yearly": 200.32
        },
        "20212": {
            "year_quarter": 20212,
            "year": 2021,
            "quarter": 2,
            "eps": 1.06,
            "eps_growth_year": -5.36,
            "eps_4q": 5.43,
            "eps_4q_growth_year": 78.99,
            "roe": 4.19,
            "roe_4q": 23.75,
            "gross_profit": 530816,
            "gross_margin": 19.41,
            "gross_margin_4q_avg": 22.56,
            "net_income": 239765,
            "net_income_4q": null,
            "revenue": 2734897,
            "revenue_4q": null,
            "common_shares": 2273911,
            "book_valuer_per_share": 25.6,
            "book_valuer_per_share_4q_avg": 23.84,
            "equity": 5821197,
            "current_ratio": 205.55,
            "debt_ratio": 44.68,
            "inventory_turnover_ratio": 1.31,
            "account_receivable_turnover_ratio": 0.87,
            "reinvestment_rate": 3.81,
            "research_to_sale_ratio": 2.26,
            "price_fair": 122.94,
            "eps_avg_yearly": 3.51,
            "eps_latest_yearly": 4.24,
            "eps_growth_yearly": 176.5
        },
        "20213": {
            "year_quarter": 20213,
            "year": 2021,
            "quarter": 3,
            "eps": 1.01,
            "eps_growth_year": -30.82,
            "eps_4q": 4.98,
            "eps_4q_growth_year": 37.51,
            "roe": 4.14,
            "roe_4q": 20.869999999999997,
            "gross_profit": 464334,
            "gross_margin": 19.14,
            "gross_margin_4q_avg": 20.62,
            "net_income": 230706,
            "net_income_4q": null,
            "revenue": 2426432,
            "revenue_4q": null,
            "common_shares": 2273911,
            "book_valuer_per_share": 23.43,
            "book_valuer_per_share_4q_avg": 24.28,
            "equity": 5328051,
            "current_ratio": 190.31,
            "debt_ratio": 46.82,
            "inventory_turnover_ratio": 1.01,
            "account_receivable_turnover_ratio": 0.82,
            "reinvestment_rate": 4,
            "research_to_sale_ratio": 2.14,
            "price_fair": 122.76,
            "eps_avg_yearly": 3.51,
            "eps_latest_yearly": 4.04,
            "eps_growth_yearly": 159.44
        },
        "20214": {
            "year_quarter": 20214,
            "year": 2021,
            "quarter": 4,
            "eps": 0.9,
            "eps_growth_year": -42.94,
            "eps_4q": 4.3,
            "eps_4q_growth_year": -5.43,
            "roe": 3.75,
            "roe_4q": 17.63,
            "gross_profit": 400896,
            "gross_margin": 18.17,
            "gross_margin_4q_avg": 19.29,
            "net_income": 204334,
            "net_income_4q": null,
            "revenue": 2206490,
            "revenue_4q": null,
            "common_shares": 2273911,
            "book_valuer_per_share": 24.44,
            "book_valuer_per_share_4q_avg": 24.54,
            "equity": 5556343,
            "current_ratio": 209.17,
            "debt_ratio": 42.25,
            "inventory_turnover_ratio": 1,
            "account_receivable_turnover_ratio": 0.82,
            "reinvestment_rate": 4.3,
            "research_to_sale_ratio": 2.42,
            "price_fair": 123.38,
            "eps_avg_yearly": 3.53,
            "eps_latest_yearly": 3.6,
            "eps_growth_yearly": 161.58
        },
        "20221": {
            "year_quarter": 20221,
            "year": 2022,
            "quarter": 1,
            "eps": 0.79,
            "eps_growth_year": -40.6,
            "eps_4q": 3.76,
            "eps_4q_growth_year": -31.59,
            "roe": 3.14,
            "roe_4q": 15.220000000000002,
            "gross_profit": 276884,
            "gross_margin": 16.64,
            "gross_margin_4q_avg": 18.34,
            "net_income": 179152,
            "net_income_4q": null,
            "revenue": 1663999,
            "revenue_4q": null,
            "common_shares": 2273911,
            "book_valuer_per_share": 25.68,
            "book_valuer_per_share_4q_avg": 24.79,
            "equity": 5840083,
            "current_ratio": 222.31,
            "debt_ratio": 40.33,
            "inventory_turnover_ratio": 0.82,
            "account_receivable_turnover_ratio": 0.72,
            "reinvestment_rate": 6.06,
            "research_to_sale_ratio": 3.32,
            "price_fair": 128.71,
            "eps_avg_yearly": 3.68,
            "eps_latest_yearly": 3.16,
            "eps_growth_yearly": 178.1
        },
        "20222": {
            "year_quarter": 20222,
            "year": 2022,
            "quarter": 2,
            "eps": 0.82,
            "eps_growth_year": -22.64,
            "eps_4q": 3.52,
            "eps_4q_growth_year": -35.1,
            "roe": 3.37,
            "roe_4q": 14.399999999999999,
            "gross_profit": 316179,
            "gross_margin": 18.75,
            "gross_margin_4q_avg": 18.18,
            "net_income": 186855,
            "net_income_4q": null,
            "revenue": 1686634,
            "revenue_4q": null,
            "common_shares": 2273911,
            "book_valuer_per_share": 23.15,
            "book_valuer_per_share_4q_avg": 24.18,
            "equity": 5264484,
            "current_ratio": 191.36,
            "debt_ratio": 44.63,
            "inventory_turnover_ratio": 0.87,
            "account_receivable_turnover_ratio": 0.86,
            "reinvestment_rate": 18.66,
            "research_to_sale_ratio": 3.06,
            "price_fair": 125.74,
            "eps_avg_yearly": 3.59,
            "eps_latest_yearly": 3.28,
            "eps_growth_yearly": 42.94
        },
        "20223": {
            "year_quarter": 20223,
            "year": 2022,
            "quarter": 3,
            "eps": 0.85,
            "eps_growth_year": -15.84,
            "eps_4q": 3.36,
            "eps_4q_growth_year": -32.49,
            "roe": 3.59,
            "roe_4q": 13.85,
            "gross_profit": 224399,
            "gross_margin": 16.18,
            "gross_margin_4q_avg": 17.44,
            "net_income": 193730,
            "net_income_4q": null,
            "revenue": 1386790,
            "revenue_4q": null,
            "common_shares": 2273911,
            "book_valuer_per_share": 24.3,
            "book_valuer_per_share_4q_avg": 24.39,
            "equity": 5526528,
            "current_ratio": 217.86,
            "debt_ratio": 39.95,
            "inventory_turnover_ratio": 0.91,
            "account_receivable_turnover_ratio": 0.74,
            "reinvestment_rate": 19.41,
            "research_to_sale_ratio": 4,
            "price_fair": 126,
            "eps_avg_yearly": 3.6,
            "eps_latest_yearly": 3.4,
            "eps_growth_yearly": 51.18
        },
        "20224": {
            "year_quarter": 20224,
            "year": 2022,
            "quarter": 4,
            "eps": 0.66,
            "eps_growth_year": -26.15,
            "eps_4q": 3.13,
            "eps_4q_growth_year": -27.34,
            "roe": 2.71,
            "roe_4q": 12.81,
            "gross_profit": 428063,
            "gross_margin": 24.47,
            "gross_margin_4q_avg": 19.01,
            "net_income": 150899,
            "net_income_4q": null,
            "revenue": 1749333,
            "revenue_4q": null,
            "common_shares": 2273911,
            "book_valuer_per_share": 24.76,
            "book_valuer_per_share_4q_avg": 24.47,
            "equity": 5629721,
            "current_ratio": 213.26,
            "debt_ratio": 40.87,
            "inventory_turnover_ratio": 1.19,
            "account_receivable_turnover_ratio": 0.91,
            "reinvestment_rate": 18.35,
            "research_to_sale_ratio": 3.3,
            "price_fair": 126.44,
            "eps_avg_yearly": 3.61,
            "eps_latest_yearly": 2.64,
            "eps_growth_yearly": 51.99
        },
        "20231": {
            "year_quarter": 20231,
            "year": 2023,
            "quarter": 1,
            "eps": 1.18,
            "eps_growth_year": 49.37,
            "eps_4q": 3.52,
            "eps_4q_growth_year": -6.23,
            "roe": 4.67,
            "roe_4q": 14.34,
            "gross_profit": 549749,
            "gross_margin": 24.34,
            "gross_margin_4q_avg": 20.94,
            "net_income": 269258,
            "net_income_4q": null,
            "revenue": 2258926,
            "revenue_4q": null,
            "common_shares": 2273911,
            "book_valuer_per_share": 26,
            "book_valuer_per_share_4q_avg": 24.55,
            "equity": 5911781,
            "current_ratio": 193.92,
            "debt_ratio": 45.72,
            "inventory_turnover_ratio": 1.39,
            "account_receivable_turnover_ratio": 1.01,
            "reinvestment_rate": 16.46,
            "research_to_sale_ratio": 2.77,
            "price_fair": 134.4,
            "eps_avg_yearly": 3.84,
            "eps_latest_yearly": 4.72,
            "eps_growth_yearly": 85.62
        },
        "20232": {
            "year_quarter": 20232,
            "year": 2023,
            "quarter": 2,
            "eps": 2.16,
            "eps_growth_year": 163.41,
            "eps_4q": 4.86,
            "eps_4q_growth_year": 37.87,
            "roe": 8.37,
            "roe_4q": 19.34,
            "gross_profit": 734688,
            "gross_margin": 24.51,
            "gross_margin_4q_avg": 22.38,
            "net_income": 490488,
            "net_income_4q": null,
            "revenue": 2998032,
            "revenue_4q": null,
            "common_shares": 2273911,
            "book_valuer_per_share": 25.57,
            "book_valuer_per_share_4q_avg": 25.16,
            "equity": 5815073,
            "current_ratio": 173.1,
            "debt_ratio": 51.77,
            "inventory_turnover_ratio": 1.46,
            "account_receivable_turnover_ratio": 1.02,
            "reinvestment_rate": 15.82,
            "research_to_sale_ratio": 2.29,
            "price_fair": 147.26,
            "eps_avg_yearly": 4.21,
            "eps_latest_yearly": 8.64,
            "eps_growth_yearly": 67.5
        }
    },
    "months": {
        "2003-09": {
            "month": "2003-09",
            "price": "49.00",
            "revenue": 292600
        },
        "2003-10": {
            "month": "2003-10",
            "price": "46.03",
            "revenue": 309207
        },
        "2003-11": {
            "month": "2003-11",
            "price": "39.54",
            "revenue": 262025
        },
        "2003-12": {
            "month": "2003-12",
            "price": "29.92",
            "revenue": 228567
        },
        "2004-01": {
            "month": "2004-01",
            "price": "29.77",
            "revenue": 229334
        },
        "2004-02": {
            "month": "2004-02",
            "price": "29.91",
            "revenue": 277053
        },
        "2004-03": {
            "month": "2004-03",
            "price": "33.13",
            "revenue": 293751
        },
        "2004-04": {
            "month": "2004-04",
            "price": "34.36",
            "revenue": 291583
        },
        "2004-05": {
            "month": "2004-05",
            "price": "31.71",
            "revenue": 219526
        },
        "2004-06": {
            "month": "2004-06",
            "price": "29.39",
            "revenue": 266049
        },
        "2004-07": {
            "month": "2004-07",
            "price": "25.67",
            "revenue": 271405
        },
        "2004-08": {
            "month": "2004-08",
            "price": "21.65",
            "revenue": 313623
        },
        "2004-09": {
            "month": "2004-09",
            "price": "28.38",
            "revenue": 367690
        },
        "2004-10": {
            "month": "2004-10",
            "price": "26.64",
            "revenue": 351724
        },
        "2004-11": {
            "month": "2004-11",
            "price": "24.67",
            "revenue": 375043
        },
        "2004-12": {
            "month": "2004-12",
            "price": "23.94",
            "revenue": 331414
        },
        "2005-01": {
            "month": "2005-01",
            "price": "22.00",
            "revenue": 230070
        },
        "2005-02": {
            "month": "2005-02",
            "price": "23.35",
            "revenue": 178181
        },
        "2005-03": {
            "month": "2005-03",
            "price": "27.01",
            "revenue": 312905
        },
        "2005-04": {
            "month": "2005-04",
            "price": "27.48",
            "revenue": 340045
        },
        "2005-05": {
            "month": "2005-05",
            "price": "25.54",
            "revenue": 277077
        },
        "2005-06": {
            "month": "2005-06",
            "price": "32.50",
            "revenue": 263755
        },
        "2005-07": {
            "month": "2005-07",
            "price": "35.06",
            "revenue": 293241
        },
        "2005-08": {
            "month": "2005-08",
            "price": "38.21",
            "revenue": 241510
        },
        "2005-09": {
            "month": "2005-09",
            "price": "33.75",
            "revenue": 306575
        },
        "2005-10": {
            "month": "2005-10",
            "price": "30.80",
            "revenue": 400803
        },
        "2005-11": {
            "month": "2005-11",
            "price": "31.87",
            "revenue": 432502
        },
        "2005-12": {
            "month": "2005-12",
            "price": "36.06",
            "revenue": 367979
        },
        "2006-01": {
            "month": "2006-01",
            "price": "37.05",
            "revenue": 307689
        },
        "2006-02": {
            "month": "2006-02",
            "price": "33.04",
            "revenue": 245968
        },
        "2006-03": {
            "month": "2006-03",
            "price": "35.43",
            "revenue": 309028
        },
        "2006-04": {
            "month": "2006-04",
            "price": "35.51",
            "revenue": 302154
        },
        "2006-05": {
            "month": "2006-05",
            "price": "31.40",
            "revenue": 271036
        },
        "2006-06": {
            "month": "2006-06",
            "price": "28.22",
            "revenue": 307927
        },
        "2006-07": {
            "month": "2006-07",
            "price": "27.07",
            "revenue": 341814
        },
        "2006-08": {
            "month": "2006-08",
            "price": "27.69",
            "revenue": 362852
        },
        "2006-09": {
            "month": "2006-09",
            "price": "26.47",
            "revenue": 424603
        },
        "2006-10": {
            "month": "2006-10",
            "price": "26.04",
            "revenue": 402806
        },
        "2006-11": {
            "month": "2006-11",
            "price": "25.34",
            "revenue": 301996
        },
        "2006-12": {
            "month": "2006-12",
            "price": "33.51",
            "revenue": 261348
        },
        "2007-01": {
            "month": "2007-01",
            "price": "36.59",
            "revenue": 241927
        },
        "2007-02": {
            "month": "2007-02",
            "price": "34.62",
            "revenue": 204509
        },
        "2007-03": {
            "month": "2007-03",
            "price": "35.52",
            "revenue": 309630
        },
        "2007-04": {
            "month": "2007-04",
            "price": "34.16",
            "revenue": 302236
        },
        "2007-05": {
            "month": "2007-05",
            "price": "32.06",
            "revenue": 278099
        },
        "2007-06": {
            "month": "2007-06",
            "price": "32.74",
            "revenue": 251624
        },
        "2007-07": {
            "month": "2007-07",
            "price": "32.60",
            "revenue": 244776
        },
        "2007-08": {
            "month": "2007-08",
            "price": "25.22",
            "revenue": 350421
        },
        "2007-09": {
            "month": "2007-09",
            "price": "23.49",
            "revenue": 350847
        },
        "2007-10": {
            "month": "2007-10",
            "price": "22.45",
            "revenue": 412471
        },
        "2007-11": {
            "month": "2007-11",
            "price": "19.30",
            "revenue": 422890
        },
        "2007-12": {
            "month": "2007-12",
            "price": "17.89",
            "revenue": 428429
        },
        "2008-01": {
            "month": "2008-01",
            "price": "16.58",
            "revenue": 380400
        },
        "2008-02": {
            "month": "2008-02",
            "price": "16.04",
            "revenue": 283373
        },
        "2008-03": {
            "month": "2008-03",
            "price": "17.80",
            "revenue": 383553
        },
        "2008-04": {
            "month": "2008-04",
            "price": "19.90",
            "revenue": 400194
        },
        "2008-05": {
            "month": "2008-05",
            "price": "24.08",
            "revenue": 423087
        },
        "2008-06": {
            "month": "2008-06",
            "price": "21.99",
            "revenue": 450606
        },
        "2008-07": {
            "month": "2008-07",
            "price": "18.30",
            "revenue": 413010
        },
        "2008-08": {
            "month": "2008-08",
            "price": "18.51",
            "revenue": 420597
        },
        "2008-09": {
            "month": "2008-09",
            "price": "12.70",
            "revenue": 471197
        },
        "2008-10": {
            "month": "2008-10",
            "price": "11.79",
            "revenue": 326973
        },
        "2008-11": {
            "month": "2008-11",
            "price": "8.74",
            "revenue": 321693
        },
        "2008-12": {
            "month": "2008-12",
            "price": "7.28",
            "revenue": 203038
        },
        "2009-01": {
            "month": "2009-01",
            "price": "6.92",
            "revenue": 155167
        },
        "2009-02": {
            "month": "2009-02",
            "price": "6.96",
            "revenue": 156004
        },
        "2009-03": {
            "month": "2009-03",
            "price": "8.51",
            "revenue": 273062
        },
        "2009-04": {
            "month": "2009-04",
            "price": "9.97",
            "revenue": 344583
        },
        "2009-05": {
            "month": "2009-05",
            "price": "12.06",
            "revenue": 301584
        },
        "2009-06": {
            "month": "2009-06",
            "price": "12.22",
            "revenue": 360876
        },
        "2009-07": {
            "month": "2009-07",
            "price": "13.56",
            "revenue": 306201
        },
        "2009-08": {
            "month": "2009-08",
            "price": "14.51",
            "revenue": 275929
        },
        "2009-09": {
            "month": "2009-09",
            "price": "18.15",
            "revenue": 345999
        },
        "2009-10": {
            "month": "2009-10",
            "price": "22.29",
            "revenue": 314601
        },
        "2009-11": {
            "month": "2009-11",
            "price": "23.50",
            "revenue": 321259
        },
        "2009-12": {
            "month": "2009-12",
            "price": "27.82",
            "revenue": 296451
        },
        "2010-01": {
            "month": "2010-01",
            "price": "31.52",
            "revenue": 287421
        },
        "2010-02": {
            "month": "2010-02",
            "price": "27.63",
            "revenue": 203413
        },
        "2010-03": {
            "month": "2010-03",
            "price": "32.68",
            "revenue": 341394
        },
        "2010-04": {
            "month": "2010-04",
            "price": "35.80",
            "revenue": 400405
        },
        "2010-05": {
            "month": "2010-05",
            "price": "39.56",
            "revenue": 478423
        },
        "2010-06": {
            "month": "2010-06",
            "price": "40.35",
            "revenue": 526336
        },
        "2010-07": {
            "month": "2010-07",
            "price": "44.04",
            "revenue": 422724
        },
        "2010-08": {
            "month": "2010-08",
            "price": "42.45",
            "revenue": 373664
        },
        "2010-09": {
            "month": "2010-09",
            "price": "35.97",
            "revenue": 321003
        },
        "2010-10": {
            "month": "2010-10",
            "price": "30.32",
            "revenue": 288102
        },
        "2010-11": {
            "month": "2010-11",
            "price": "29.05",
            "revenue": 326971
        },
        "2010-12": {
            "month": "2010-12",
            "price": "30.64",
            "revenue": 410433
        },
        "2011-01": {
            "month": "2011-01",
            "price": "31.27",
            "revenue": 352685
        },
        "2011-02": {
            "month": "2011-02",
            "price": "28.89",
            "revenue": 157301
        },
        "2011-03": {
            "month": "2011-03",
            "price": "23.56",
            "revenue": 311224
        },
        "2011-04": {
            "month": "2011-04",
            "price": "20.81",
            "revenue": 363643
        },
        "2011-05": {
            "month": "2011-05",
            "price": "19.18",
            "revenue": 396580
        },
        "2011-06": {
            "month": "2011-06",
            "price": "17.46",
            "revenue": 416605
        },
        "2011-07": {
            "month": "2011-07",
            "price": "16.34",
            "revenue": 325763
        },
        "2011-08": {
            "month": "2011-08",
            "price": "13.16",
            "revenue": 477173
        },
        "2011-09": {
            "month": "2011-09",
            "price": "11.32",
            "revenue": 518758
        },
        "2011-10": {
            "month": "2011-10",
            "price": "11.28",
            "revenue": 411688
        },
        "2011-11": {
            "month": "2011-11",
            "price": "11.20",
            "revenue": 392300
        },
        "2011-12": {
            "month": "2011-12",
            "price": "9.73",
            "revenue": 380669
        },
        "2012-01": {
            "month": "2012-01",
            "price": "10.02",
            "revenue": 269176
        },
        "2012-02": {
            "month": "2012-02",
            "price": "12.65",
            "revenue": 318148
        },
        "2012-03": {
            "month": "2012-03",
            "price": "13.37",
            "revenue": 403878
        },
        "2012-04": {
            "month": "2012-04",
            "price": "11.35",
            "revenue": 358309
        },
        "2012-05": {
            "month": "2012-05",
            "price": "10.41",
            "revenue": 365190
        },
        "2012-06": {
            "month": "2012-06",
            "price": "9.93",
            "revenue": 400388
        },
        "2012-07": {
            "month": "2012-07",
            "price": "10.03",
            "revenue": 361854
        },
        "2012-08": {
            "month": "2012-08",
            "price": "10.60",
            "revenue": 342650
        },
        "2012-09": {
            "month": "2012-09",
            "price": "10.69",
            "revenue": 351523
        },
        "2012-10": {
            "month": "2012-10",
            "price": "9.74",
            "revenue": 313876
        },
        "2012-11": {
            "month": "2012-11",
            "price": "8.96",
            "revenue": 345746
        },
        "2012-12": {
            "month": "2012-12",
            "price": "9.23",
            "revenue": 407615
        },
        "2013-01": {
            "month": "2013-01",
            "price": "9.28",
            "revenue": 381596
        },
        "2013-02": {
            "month": "2013-02",
            "price": "9.21",
            "revenue": 228700
        },
        "2013-03": {
            "month": "2013-03",
            "price": "9.46",
            "revenue": 410663
        },
        "2013-04": {
            "month": "2013-04",
            "price": "10.19",
            "revenue": 457333
        },
        "2013-05": {
            "month": "2013-05",
            "price": "12.10",
            "revenue": 497830
        },
        "2013-06": {
            "month": "2013-06",
            "price": "12.10",
            "revenue": 464896
        },
        "2013-07": {
            "month": "2013-07",
            "price": "12.00",
            "revenue": 444461
        },
        "2013-08": {
            "month": "2013-08",
            "price": "11.74",
            "revenue": 428080
        },
        "2013-09": {
            "month": "2013-09",
            "price": "11.24",
            "revenue": 508254
        },
        "2013-10": {
            "month": "2013-10",
            "price": "13.47",
            "revenue": 434208
        },
        "2013-11": {
            "month": "2013-11",
            "price": "13.79",
            "revenue": 472381
        },
        "2013-12": {
            "month": "2013-12",
            "price": "15.74",
            "revenue": 462661
        },
        "2014-01": {
            "month": "2014-01",
            "price": "17.43",
            "revenue": 440959
        },
        "2014-02": {
            "month": "2014-02",
            "price": "17.34",
            "revenue": 345168
        },
        "2014-03": {
            "month": "2014-03",
            "price": "17.16",
            "revenue": 502291
        },
        "2014-04": {
            "month": "2014-04",
            "price": "16.65",
            "revenue": 566863
        },
        "2014-05": {
            "month": "2014-05",
            "price": "17.97",
            "revenue": 475331
        },
        "2014-06": {
            "month": "2014-06",
            "price": "18.16",
            "revenue": 493782
        },
        "2014-07": {
            "month": "2014-07",
            "price": "17.70",
            "revenue": 442929
        },
        "2014-08": {
            "month": "2014-08",
            "price": "18.32",
            "revenue": 458058
        },
        "2014-09": {
            "month": "2014-09",
            "price": "17.86",
            "revenue": 540989
        },
        "2014-10": {
            "month": "2014-10",
            "price": "16.51",
            "revenue": 526879
        },
        "2014-11": {
            "month": "2014-11",
            "price": "16.92",
            "revenue": 382748
        },
        "2014-12": {
            "month": "2014-12",
            "price": "17.47",
            "revenue": 414032
        },
        "2015-01": {
            "month": "2015-01",
            "price": "20.15",
            "revenue": 418512
        },
        "2015-02": {
            "month": "2015-02",
            "price": "19.60",
            "revenue": 284503
        },
        "2015-03": {
            "month": "2015-03",
            "price": "22.71",
            "revenue": 444066
        },
        "2015-04": {
            "month": "2015-04",
            "price": "24.18",
            "revenue": 408465
        },
        "2015-05": {
            "month": "2015-05",
            "price": "21.47",
            "revenue": 327305
        },
        "2015-06": {
            "month": "2015-06",
            "price": "18.76",
            "revenue": 391127
        },
        "2015-07": {
            "month": "2015-07",
            "price": "17.21",
            "revenue": 426517
        },
        "2015-08": {
            "month": "2015-08",
            "price": "13.67",
            "revenue": 505957
        },
        "2015-09": {
            "month": "2015-09",
            "price": "15.05",
            "revenue": 635594
        },
        "2015-10": {
            "month": "2015-10",
            "price": "17.24",
            "revenue": 651419
        },
        "2015-11": {
            "month": "2015-11",
            "price": "18.99",
            "revenue": 710578
        },
        "2015-12": {
            "month": "2015-12",
            "price": "22.35",
            "revenue": 627858
        },
        "2016-01": {
            "month": "2016-01",
            "price": "21.05",
            "revenue": 556984
        },
        "2016-02": {
            "month": "2016-02",
            "price": "22.32",
            "revenue": 283477
        },
        "2016-03": {
            "month": "2016-03",
            "price": "23.42",
            "revenue": 481936
        },
        "2016-04": {
            "month": "2016-04",
            "price": "25.66",
            "revenue": 462061
        },
        "2016-05": {
            "month": "2016-05",
            "price": "25.34",
            "revenue": 475683
        },
        "2016-06": {
            "month": "2016-06",
            "price": "28.70",
            "revenue": 495229
        },
        "2016-07": {
            "month": "2016-07",
            "price": "32.58",
            "revenue": 515058
        },
        "2016-08": {
            "month": "2016-08",
            "price": "31.26",
            "revenue": 560572
        },
        "2016-09": {
            "month": "2016-09",
            "price": "30.90",
            "revenue": 580866
        },
        "2016-10": {
            "month": "2016-10",
            "price": "31.03",
            "revenue": 540309
        },
        "2016-11": {
            "month": "2016-11",
            "price": "28.34",
            "revenue": 580839
        },
        "2016-12": {
            "month": "2016-12",
            "price": "29.23",
            "revenue": 411174
        },
        "2017-01": {
            "month": "2017-01",
            "price": "29.19",
            "revenue": 390193
        },
        "2017-02": {
            "month": "2017-02",
            "price": "29.72",
            "revenue": 375668
        },
        "2017-03": {
            "month": "2017-03",
            "price": "30.59",
            "revenue": 517573
        },
        "2017-04": {
            "month": "2017-04",
            "price": "30.29",
            "revenue": 353264
        },
        "2017-05": {
            "month": "2017-05",
            "price": "29.16",
            "revenue": 371976
        },
        "2017-06": {
            "month": "2017-06",
            "price": "28.88",
            "revenue": 420284
        },
        "2017-07": {
            "month": "2017-07",
            "price": "28.70",
            "revenue": 480668
        },
        "2017-08": {
            "month": "2017-08",
            "price": "26.40",
            "revenue": 608718
        },
        "2017-09": {
            "month": "2017-09",
            "price": "30.79",
            "revenue": 650131
        },
        "2017-10": {
            "month": "2017-10",
            "price": "33.74",
            "revenue": 588546
        },
        "2017-11": {
            "month": "2017-11",
            "price": "35.91",
            "revenue": 586980
        },
        "2017-12": {
            "month": "2017-12",
            "price": "35.48",
            "revenue": 478719
        },
        "2018-01": {
            "month": "2018-01",
            "price": "33.64",
            "revenue": 580030
        },
        "2018-02": {
            "month": "2018-02",
            "price": "31.40",
            "revenue": 286622
        },
        "2018-03": {
            "month": "2018-03",
            "price": "32.12",
            "revenue": 529204
        },
        "2018-04": {
            "month": "2018-04",
            "price": "31.21",
            "revenue": 698493
        },
        "2018-05": {
            "month": "2018-05",
            "price": "31.28",
            "revenue": 757142
        },
        "2018-06": {
            "month": "2018-06",
            "price": "34.01",
            "revenue": 742165
        },
        "2018-07": {
            "month": "2018-07",
            "price": "33.12",
            "revenue": 496599
        },
        "2018-08": {
            "month": "2018-08",
            "price": "31.30",
            "revenue": 548324
        },
        "2018-09": {
            "month": "2018-09",
            "price": "27.50",
            "revenue": 527018
        },
        "2018-10": {
            "month": "2018-10",
            "price": "23.32",
            "revenue": 360418
        },
        "2018-11": {
            "month": "2018-11",
            "price": "22.56",
            "revenue": 467541
        },
        "2018-12": {
            "month": "2018-12",
            "price": "23.61",
            "revenue": 324276
        },
        "2019-01": {
            "month": "2019-01",
            "price": "22.94",
            "revenue": 333573
        },
        "2019-02": {
            "month": "2019-02",
            "price": "24.83",
            "revenue": 252258
        },
        "2019-03": {
            "month": "2019-03",
            "price": "27.42",
            "revenue": 314306
        },
        "2019-04": {
            "month": "2019-04",
            "price": "28.04",
            "revenue": 404324
        },
        "2019-05": {
            "month": "2019-05",
            "price": "24.54",
            "revenue": 501732
        },
        "2019-06": {
            "month": "2019-06",
            "price": "24.19",
            "revenue": 441554
        },
        "2019-07": {
            "month": "2019-07",
            "price": "25.08",
            "revenue": 403331
        },
        "2019-08": {
            "month": "2019-08",
            "price": "23.76",
            "revenue": 518906
        },
        "2019-09": {
            "month": "2019-09",
            "price": "25.28",
            "revenue": 520104
        },
        "2019-10": {
            "month": "2019-10",
            "price": "25.48",
            "revenue": 540896
        },
        "2019-11": {
            "month": "2019-11",
            "price": "27.82",
            "revenue": 482496
        },
        "2019-12": {
            "month": "2019-12",
            "price": "27.37",
            "revenue": 527472
        },
        "2020-01": {
            "month": "2020-01",
            "price": "26.65",
            "revenue": 326345
        },
        "2020-02": {
            "month": "2020-02",
            "price": "24.44",
            "revenue": 174244
        },
        "2020-03": {
            "month": "2020-03",
            "price": "20.08",
            "revenue": 420826
        },
        "2020-04": {
            "month": "2020-04",
            "price": "21.50",
            "revenue": 552861
        },
        "2020-05": {
            "month": "2020-05",
            "price": "25.96",
            "revenue": 624407
        },
        "2020-06": {
            "month": "2020-06",
            "price": "27.80",
            "revenue": 650452
        },
        "2020-07": {
            "month": "2020-07",
            "price": "29.72",
            "revenue": 695884
        },
        "2020-08": {
            "month": "2020-08",
            "price": "34.54",
            "revenue": 736566
        },
        "2020-09": {
            "month": "2020-09",
            "price": "44.60",
            "revenue": 792256
        },
        "2020-10": {
            "month": "2020-10",
            "price": "42.02",
            "revenue": 804560
        },
        "2020-11": {
            "month": "2020-11",
            "price": "42.38",
            "revenue": 888889
        },
        "2020-12": {
            "month": "2020-12",
            "price": "45.06",
            "revenue": 888385
        },
        "2021-01": {
            "month": "2021-01",
            "price": "43.16",
            "revenue": 1006580
        },
        "2021-02": {
            "month": "2021-02",
            "price": "50.80",
            "revenue": 644748
        },
        "2021-03": {
            "month": "2021-03",
            "price": "54.40",
            "revenue": 1071676
        },
        "2021-04": {
            "month": "2021-04",
            "price": "59.76",
            "revenue": 922199
        },
        "2021-05": {
            "month": "2021-05",
            "price": "51.02",
            "revenue": 900116
        },
        "2021-06": {
            "month": "2021-06",
            "price": "52.72",
            "revenue": 912582
        },
        "2021-07": {
            "month": "2021-07",
            "price": "53.54",
            "revenue": 765239
        },
        "2021-08": {
            "month": "2021-08",
            "price": "48.34",
            "revenue": 785733
        },
        "2021-09": {
            "month": "2021-09",
            "price": "40.12",
            "revenue": 875460
        },
        "2021-10": {
            "month": "2021-10",
            "price": "38.56",
            "revenue": 752470
        },
        "2021-11": {
            "month": "2021-11",
            "price": "40.62",
            "revenue": 714740
        },
        "2021-12": {
            "month": "2021-12",
            "price": "39.09",
            "revenue": 739280
        },
        "2022-01": {
            "month": "2022-01",
            "price": "38.76",
            "revenue": 742155
        },
        "2022-02": {
            "month": "2022-02",
            "price": "39.03",
            "revenue": 384076
        },
        "2022-03": {
            "month": "2022-03",
            "price": "37.33",
            "revenue": 537768
        },
        "2022-04": {
            "month": "2022-04",
            "price": "36.67",
            "revenue": 625277
        },
        "2022-05": {
            "month": "2022-05",
            "price": "35.06",
            "revenue": 496024
        },
        "2022-06": {
            "month": "2022-06",
            "price": "35.25",
            "revenue": 565333
        },
        "2022-07": {
            "month": "2022-07",
            "price": "31.14",
            "revenue": 402229
        },
        "2022-08": {
            "month": "2022-08",
            "price": "33.44",
            "revenue": 461988
        },
        "2022-09": {
            "month": "2022-09",
            "price": "29.65",
            "revenue": 522572
        },
        "2022-10": {
            "month": "2022-10",
            "price": "25.70",
            "revenue": 601108
        },
        "2022-11": {
            "month": "2022-11",
            "price": "26.05",
            "revenue": 505879
        },
        "2022-12": {
            "month": "2022-12",
            "price": "27.92",
            "revenue": 642348
        },
        "2023-01": {
            "month": "2023-01",
            "price": "28.70",
            "revenue": 510953
        },
        "2023-02": {
            "month": "2023-02",
            "price": "30.88",
            "revenue": 730157
        },
        "2023-03": {
            "month": "2023-03",
            "price": "37.09",
            "revenue": 1017816
        },
        "2023-04": {
            "month": "2023-04",
            "price": "50.47",
            "revenue": 913978
        },
        "2023-05": {
            "month": "2023-05",
            "price": "56.34",
            "revenue": 1114798
        },
        "2023-06": {
            "month": "2023-06",
            "price": "73.68",
            "revenue": 969256
        },
        "2023-07": {
            "month": "2023-07",
            "price": "78.83",
            "revenue": 1018094
        },
        "2023-08": {
            "month": "2023-08",
            "price": "82.58",
            "revenue": 1086216
        },
        "2023-09": {
            "month": "2023-09",
            "price": "78.88",
            "revenue": 1051009
        }
    }
}
