{
    "summary": {
        "stock_name": "聯亞",
        "stock_id": "3081",
        "category": "通信網路",
        "main_business": "有線通信機械器材製造業、電子零組件製造業、國際貿易業<br>研發、設計、生產及銷售下列產品:<br>1.雷射磊晶片 2.檢光器磊晶片 3.兼營前述產品相關之國際貿易業",
        "website_url": "https://www.lmoc.com.tw/",
        "ceo": "羅淇生",
        "pe_ratio": -138,
        "report_year_from": 2002,
        "report_year_to": 2023,
        "age": 21,
        "eps_negative_percentage": 11,
        "eps_growth_avg": {
            "last_all": -15.41,
            "last_2y": -4.93,
            "last_4y": -8.85,
            "last_8y": null,
            "last_12y": null,
            "last_16y": null,
            "last_20y": null,
            "at_2006_last_3y": null,
            "at_2007_last_3y": null,
            "at_2008_last_3y": null,
            "at_2009_last_3y": null,
            "at_2010_last_3y": null,
            "at_2011_last_3y": null,
            "at_2012_last_3y": null,
            "at_2013_last_3y": null,
            "at_2014_last_3y": null,
            "at_2015_last_3y": null,
            "at_2016_last_3y": null,
            "at_2017_last_3y": null,
            "at_2018_last_3y": null,
            "at_2019_last_3y": -23.28,
            "at_2020_last_3y": -9.05,
            "at_2021_last_3y": -10.33,
            "at_2022_last_3y": -12.61,
            "at_2023_last_3y": -12.61,
            "at_2006_last_all": null,
            "at_2007_last_all": null,
            "at_2008_last_all": null,
            "at_2009_last_all": null,
            "at_2010_last_all": null,
            "at_2011_last_all": null,
            "at_2012_last_all": null,
            "at_2013_last_all": null,
            "at_2014_last_all": null,
            "at_2015_last_all": null,
            "at_2016_last_all": null,
            "at_2017_last_all": -31.82,
            "at_2018_last_all": -19.15,
            "at_2019_last_all": -23.28,
            "at_2020_last_all": -12.45,
            "at_2021_last_all": -17.49,
            "at_2022_last_all": -15.41,
            "at_2023_last_all": -15.41
        },
        "latest_eps": -0.69,
        "latest_price": 94.9,
        "latest_roe": -1.56,
        "latest_gross_margin": -19.57,
        "latest_equity": 3888611,
        "latest_revenue": 179049,
        "latest_gross_profit": -35036,
        "latest_net_income": -109601,
        "latest_debt_ratio": 11.21,
        "latest_current_ratio": 974.22,
        "latest_account_receivable_turnover_ratio": 0.79,
        "latest_inventory_turnover_ratio": 0.63,
        "latest_reinvestment_rate": -6.5,
        "latest_research_to_sale_ratio": 45.44
    },
    "eps_dividends": {
        "2001": {
            "cash": 0,
            "stock": 0,
            "eps": 0
        },
        "2002": {
            "cash": 0,
            "stock": 0.4,
            "eps": 0
        },
        "2003": {
            "cash": 0,
            "stock": 0,
            "eps": 0
        },
        "2004": {
            "cash": 0,
            "stock": 0,
            "eps": 0
        },
        "2005": {
            "cash": 0,
            "stock": 0,
            "eps": 0
        },
        "2006": {
            "cash": 0,
            "stock": 0,
            "eps": 0
        },
        "2007": {
            "cash": 0,
            "stock": 0,
            "eps": 0
        },
        "2008": {
            "cash": 0,
            "stock": 0,
            "eps": 0
        },
        "2009": {
            "cash": 0,
            "stock": 0,
            "eps": 0
        },
        "2010": {
            "cash": 0,
            "stock": 0,
            "eps": 0
        },
        "2011": {
            "cash": 0,
            "stock": 0,
            "eps": 0
        },
        "2012": {
            "cash": 0,
            "stock": 0,
            "eps": 0
        },
        "2013": {
            "cash": 0,
            "stock": 0,
            "eps": 0
        },
        "2014": {
            "cash": 3,
            "stock": 2,
            "eps": 0
        },
        "2015": {
            "cash": 7.7,
            "stock": 1.65,
            "eps": 15.73
        },
        "2016": {
            "cash": 9,
            "stock": 3,
            "eps": 11.63
        },
        "2017": {
            "cash": 8,
            "stock": 0,
            "eps": 7.26
        },
        "2018": {
            "cash": 5,
            "stock": 0,
            "eps": 7.71
        },
        "2019": {
            "cash": 5,
            "stock": 0,
            "eps": 4.96
        },
        "2020": {
            "cash": 4,
            "stock": 0,
            "eps": 6.49
        },
        "2021": {
            "cash": 5,
            "stock": 0,
            "eps": 3.72
        },
        "2022": {
            "cash": 3.5,
            "stock": 0,
            "eps": 3.61
        },
        "2023": {
            "cash": 3.5,
            "stock": 0,
            "eps": -1.98
        }
    },
    "dividends": {
        "2002-06-28": {
            "cash": 0,
            "stock": 0.4
        },
        "2014-05-08": {
            "cash": 3,
            "stock": 2
        },
        "2015-09-25": {
            "cash": 7.7,
            "stock": 1.65
        },
        "2016-08-19": {
            "cash": 9,
            "stock": 3
        },
        "2017-06-23": {
            "cash": 8,
            "stock": 0
        },
        "2018-07-06": {
            "cash": 5,
            "stock": 0
        },
        "2019-07-08": {
            "cash": 5,
            "stock": 0
        },
        "2020-07-22": {
            "cash": 4,
            "stock": 0
        },
        "2021-09-03": {
            "cash": 5,
            "stock": 0
        },
        "2022-08-25": {
            "cash": 3.5,
            "stock": 0
        },
        "2023-08-25": {
            "cash": 3.5,
            "stock": 0
        }
    },
    "prices": {
        "200101": "無",
        "200102": "無",
        "200103": "無",
        "200104": "無",
        "200105": "無",
        "200106": "無",
        "200107": "無",
        "200108": "無",
        "200109": "無",
        "200110": "無",
        "200111": "無",
        "200112": "無",
        "200201": "無",
        "200202": "無",
        "200203": "無",
        "200204": "無",
        "200205": "無",
        "200206": "無",
        "200207": "無",
        "200208": "無",
        "200209": "無",
        "200210": "無",
        "200211": "無",
        "200212": "無",
        "200301": "無",
        "200302": "無",
        "200303": "無",
        "200304": "無",
        "200305": "無",
        "200306": "無",
        "200307": "無",
        "200308": "無",
        "200309": "無",
        "200310": "7.00",
        "200311": "6.37",
        "200312": "7.05",
        "200401": "7.03",
        "200402": "無",
        "200403": "6.42",
        "200404": "6.06",
        "200405": "5.80",
        "200406": "5.04",
        "200407": "無",
        "200408": "4.44",
        "200409": "2.99",
        "200410": "無",
        "200411": "無",
        "200412": "無",
        "200501": "無",
        "200502": "無",
        "200503": "無",
        "200504": "無",
        "200505": "無",
        "200506": "無",
        "200507": "無",
        "200508": "無",
        "200509": "無",
        "200510": "無",
        "200511": "無",
        "200512": "無",
        "200601": "無",
        "200602": "無",
        "200603": "無",
        "200604": "無",
        "200605": "無",
        "200606": "無",
        "200607": "無",
        "200608": "無",
        "200609": "無",
        "200610": "無",
        "200611": "無",
        "200612": "無",
        "200701": "無",
        "200702": "無",
        "200703": "無",
        "200704": "無",
        "200705": "無",
        "200706": "無",
        "200707": "無",
        "200708": "無",
        "200709": "無",
        "200710": "無",
        "200711": "無",
        "200712": "無",
        "200801": "無",
        "200802": "無",
        "200803": "無",
        "200804": "無",
        "200805": "無",
        "200806": "無",
        "200807": "無",
        "200808": "無",
        "200809": "無",
        "200810": "無",
        "200811": "無",
        "200812": "無",
        "200901": "無",
        "200902": "無",
        "200903": "無",
        "200904": "無",
        "200905": "無",
        "200906": "無",
        "200907": "無",
        "200908": "無",
        "200909": "無",
        "200910": "無",
        "200911": "無",
        "200912": "無",
        "201001": "無",
        "201002": "無",
        "201003": "無",
        "201004": "無",
        "201005": "無",
        "201006": "無",
        "201007": "無",
        "201008": "無",
        "201009": "無",
        "201010": "無",
        "201011": "無",
        "201012": "無",
        "201101": "無",
        "201102": "無",
        "201103": "無",
        "201104": "無",
        "201105": "無",
        "201106": "無",
        "201107": "無",
        "201108": "無",
        "201109": "無",
        "201110": "無",
        "201111": "無",
        "201112": "無",
        "201201": "無",
        "201202": "無",
        "201203": "無",
        "201204": "無",
        "201205": "無",
        "201206": "無",
        "201207": "無",
        "201208": "無",
        "201209": "無",
        "201210": "無",
        "201211": "無",
        "201212": "無",
        "201301": "無",
        "201302": "無",
        "201303": "無",
        "201304": "無",
        "201305": "無",
        "201306": "無",
        "201307": "無",
        "201308": "無",
        "201309": "無",
        "201310": "無",
        "201311": "無",
        "201312": "無",
        "201401": "無",
        "201402": "無",
        "201403": "無",
        "201404": "無",
        "201405": "無",
        "201406": "無",
        "201407": "188.78",
        "201408": "182.96",
        "201409": "191.46",
        "201410": "200.43",
        "201411": "197.06",
        "201412": "201.94",
        "201501": "231.37",
        "201502": "273.68",
        "201503": "287.85",
        "201504": "296.79",
        "201505": "300.20",
        "201506": "353.95",
        "201507": "393.12",
        "201508": "409.52",
        "201509": "409.80",
        "201510": "418.05",
        "201511": "426.26",
        "201512": "454.35",
        "201601": "493.05",
        "201602": "534.85",
        "201603": "557.74",
        "201604": "519.92",
        "201605": "444.52",
        "201606": "472.67",
        "201607": "463.90",
        "201608": "392.48",
        "201609": "334.68",
        "201610": "302.52",
        "201611": "244.07",
        "201612": "269.23",
        "201701": "266.88",
        "201702": "315.28",
        "201703": "292.78",
        "201704": "254.78",
        "201705": "281.30",
        "201706": "333.52",
        "201707": "381.00",
        "201708": "383.17",
        "201709": "393.05",
        "201710": "365.79",
        "201711": "404.05",
        "201712": "379.26",
        "201801": "385.66",
        "201802": "357.04",
        "201803": "378.43",
        "201804": "329.31",
        "201805": "297.16",
        "201806": "310.65",
        "201807": "269.52",
        "201808": "257.54",
        "201809": "278.82",
        "201810": "255.57",
        "201811": "234.89",
        "201812": "234.74",
        "201901": "259.17",
        "201902": "301.35",
        "201903": "286.15",
        "201904": "281.08",
        "201905": "250.25",
        "201906": "239.74",
        "201907": "268.39",
        "201908": "247.00",
        "201909": "266.08",
        "201910": "255.02",
        "201911": "255.69",
        "201912": "267.57",
        "202001": "297.93",
        "202002": "271.16",
        "202003": "255.05",
        "202004": "262.20",
        "202005": "272.85",
        "202006": "280.80",
        "202007": "287.91",
        "202008": "261.76",
        "202009": "242.11",
        "202010": "247.63",
        "202011": "275.98",
        "202012": "289.35",
        "202101": "300.20",
        "202102": "286.08",
        "202103": "274.93",
        "202104": "261.95",
        "202105": "236.26",
        "202106": "262.19",
        "202107": "249.05",
        "202108": "227.09",
        "202109": "222.15",
        "202110": "187.00",
        "202111": "197.86",
        "202112": "194.55",
        "202201": "197.86",
        "202202": "190.97",
        "202203": "184.41",
        "202204": "161.32",
        "202205": "138.19",
        "202206": "132.36",
        "202207": "121.05",
        "202208": "164.02",
        "202209": "160.71",
        "202210": "126.46",
        "202211": "101.64",
        "202212": "117.09",
        "202301": "113.31",
        "202302": "128.86",
        "202303": "126.61",
        "202304": "126.18",
        "202305": "102.26",
        "202306": "101.76",
        "202307": "105.86",
        "202308": "96.74",
        "202309": "113.40",
        "202310": "111.33"
    },
    "quarters": {
        "20011": {
            "year_quarter": 20011,
            "year": 2001,
            "quarter": 1,
            "eps": null,
            "eps_growth_year": null,
            "eps_4q": null,
            "eps_4q_growth_year": null,
            "roe": null,
            "roe_4q": 0,
            "gross_profit": null,
            "gross_margin": null,
            "gross_margin_4q_avg": 0,
            "net_income": null,
            "net_income_4q": null,
            "revenue": null,
            "revenue_4q": null,
            "common_shares": null,
            "book_valuer_per_share": null,
            "book_valuer_per_share_4q_avg": 0,
            "equity": null,
            "current_ratio": null,
            "debt_ratio": null,
            "inventory_turnover_ratio": null,
            "account_receivable_turnover_ratio": null,
            "reinvestment_rate": null,
            "research_to_sale_ratio": null,
            "price_fair": 0,
            "eps_avg_yearly": 0,
            "eps_latest_yearly": 0,
            "eps_growth_yearly": 0
        },
        "20012": {
            "year_quarter": 20012,
            "year": 2001,
            "quarter": 2,
            "eps": null,
            "eps_growth_year": null,
            "eps_4q": null,
            "eps_4q_growth_year": null,
            "roe": null,
            "roe_4q": 0,
            "gross_profit": null,
            "gross_margin": null,
            "gross_margin_4q_avg": 0,
            "net_income": null,
            "net_income_4q": null,
            "revenue": null,
            "revenue_4q": null,
            "common_shares": null,
            "book_valuer_per_share": null,
            "book_valuer_per_share_4q_avg": 0,
            "equity": null,
            "current_ratio": null,
            "debt_ratio": null,
            "inventory_turnover_ratio": null,
            "account_receivable_turnover_ratio": null,
            "reinvestment_rate": null,
            "research_to_sale_ratio": null,
            "price_fair": 0,
            "eps_avg_yearly": 0,
            "eps_latest_yearly": 0,
            "eps_growth_yearly": 0
        },
        "20013": {
            "year_quarter": 20013,
            "year": 2001,
            "quarter": 3,
            "eps": null,
            "eps_growth_year": null,
            "eps_4q": null,
            "eps_4q_growth_year": null,
            "roe": null,
            "roe_4q": 0,
            "gross_profit": null,
            "gross_margin": null,
            "gross_margin_4q_avg": 0,
            "net_income": null,
            "net_income_4q": null,
            "revenue": null,
            "revenue_4q": null,
            "common_shares": null,
            "book_valuer_per_share": null,
            "book_valuer_per_share_4q_avg": 0,
            "equity": null,
            "current_ratio": null,
            "debt_ratio": null,
            "inventory_turnover_ratio": null,
            "account_receivable_turnover_ratio": null,
            "reinvestment_rate": null,
            "research_to_sale_ratio": null,
            "price_fair": 0,
            "eps_avg_yearly": 0,
            "eps_latest_yearly": 0,
            "eps_growth_yearly": 0
        },
        "20014": {
            "year_quarter": 20014,
            "year": 2001,
            "quarter": 4,
            "eps": null,
            "eps_growth_year": null,
            "eps_4q": null,
            "eps_4q_growth_year": null,
            "roe": null,
            "roe_4q": 0,
            "gross_profit": null,
            "gross_margin": null,
            "gross_margin_4q_avg": 0,
            "net_income": null,
            "net_income_4q": null,
            "revenue": null,
            "revenue_4q": null,
            "common_shares": 317000,
            "book_valuer_per_share": 10.57,
            "book_valuer_per_share_4q_avg": 2.64,
            "equity": 335046,
            "current_ratio": 131.94,
            "debt_ratio": 43.9,
            "inventory_turnover_ratio": null,
            "account_receivable_turnover_ratio": null,
            "reinvestment_rate": null,
            "research_to_sale_ratio": null,
            "price_fair": 0,
            "eps_avg_yearly": 0,
            "eps_latest_yearly": 0,
            "eps_growth_yearly": 0
        },
        "20021": {
            "year_quarter": 20021,
            "year": 2002,
            "quarter": 1,
            "eps": null,
            "eps_growth_year": null,
            "eps_4q": null,
            "eps_4q_growth_year": null,
            "roe": null,
            "roe_4q": 0,
            "gross_profit": null,
            "gross_margin": null,
            "gross_margin_4q_avg": 0,
            "net_income": null,
            "net_income_4q": null,
            "revenue": null,
            "revenue_4q": null,
            "common_shares": null,
            "book_valuer_per_share": null,
            "book_valuer_per_share_4q_avg": 2.64,
            "equity": null,
            "current_ratio": null,
            "debt_ratio": null,
            "inventory_turnover_ratio": null,
            "account_receivable_turnover_ratio": null,
            "reinvestment_rate": null,
            "research_to_sale_ratio": null,
            "price_fair": 0,
            "eps_avg_yearly": 0,
            "eps_latest_yearly": 0,
            "eps_growth_yearly": 0
        },
        "20022": {
            "year_quarter": 20022,
            "year": 2002,
            "quarter": 2,
            "eps": null,
            "eps_growth_year": null,
            "eps_4q": null,
            "eps_4q_growth_year": null,
            "roe": null,
            "roe_4q": 0,
            "gross_profit": null,
            "gross_margin": null,
            "gross_margin_4q_avg": 0,
            "net_income": null,
            "net_income_4q": null,
            "revenue": null,
            "revenue_4q": null,
            "common_shares": null,
            "book_valuer_per_share": null,
            "book_valuer_per_share_4q_avg": 2.64,
            "equity": null,
            "current_ratio": null,
            "debt_ratio": null,
            "inventory_turnover_ratio": null,
            "account_receivable_turnover_ratio": null,
            "reinvestment_rate": null,
            "research_to_sale_ratio": null,
            "price_fair": 0,
            "eps_avg_yearly": 0,
            "eps_latest_yearly": 0,
            "eps_growth_yearly": 0
        },
        "20023": {
            "year_quarter": 20023,
            "year": 2002,
            "quarter": 3,
            "eps": null,
            "eps_growth_year": null,
            "eps_4q": null,
            "eps_4q_growth_year": null,
            "roe": null,
            "roe_4q": 0,
            "gross_profit": null,
            "gross_margin": null,
            "gross_margin_4q_avg": 0,
            "net_income": null,
            "net_income_4q": null,
            "revenue": null,
            "revenue_4q": null,
            "common_shares": null,
            "book_valuer_per_share": null,
            "book_valuer_per_share_4q_avg": 2.64,
            "equity": null,
            "current_ratio": null,
            "debt_ratio": null,
            "inventory_turnover_ratio": null,
            "account_receivable_turnover_ratio": null,
            "reinvestment_rate": null,
            "research_to_sale_ratio": null,
            "price_fair": 0,
            "eps_avg_yearly": 0,
            "eps_latest_yearly": 0,
            "eps_growth_yearly": 0
        },
        "20024": {
            "year_quarter": 20024,
            "year": 2002,
            "quarter": 4,
            "eps": null,
            "eps_growth_year": null,
            "eps_4q": null,
            "eps_4q_growth_year": null,
            "roe": null,
            "roe_4q": 0,
            "gross_profit": null,
            "gross_margin": null,
            "gross_margin_4q_avg": 0,
            "net_income": null,
            "net_income_4q": null,
            "revenue": null,
            "revenue_4q": null,
            "common_shares": 317000,
            "book_valuer_per_share": 7.93,
            "book_valuer_per_share_4q_avg": 1.98,
            "equity": 251419,
            "current_ratio": 98.14,
            "debt_ratio": 50.54,
            "inventory_turnover_ratio": null,
            "account_receivable_turnover_ratio": null,
            "reinvestment_rate": null,
            "research_to_sale_ratio": null,
            "price_fair": 0,
            "eps_avg_yearly": 0,
            "eps_latest_yearly": 0,
            "eps_growth_yearly": 0
        },
        "20031": {
            "year_quarter": 20031,
            "year": 2003,
            "quarter": 1,
            "eps": null,
            "eps_growth_year": null,
            "eps_4q": null,
            "eps_4q_growth_year": null,
            "roe": null,
            "roe_4q": 0,
            "gross_profit": null,
            "gross_margin": null,
            "gross_margin_4q_avg": 0,
            "net_income": null,
            "net_income_4q": null,
            "revenue": null,
            "revenue_4q": null,
            "common_shares": null,
            "book_valuer_per_share": null,
            "book_valuer_per_share_4q_avg": 1.98,
            "equity": null,
            "current_ratio": null,
            "debt_ratio": null,
            "inventory_turnover_ratio": null,
            "account_receivable_turnover_ratio": null,
            "reinvestment_rate": null,
            "research_to_sale_ratio": null,
            "price_fair": 0,
            "eps_avg_yearly": 0,
            "eps_latest_yearly": 0,
            "eps_growth_yearly": 0
        },
        "20032": {
            "year_quarter": 20032,
            "year": 2003,
            "quarter": 2,
            "eps": null,
            "eps_growth_year": null,
            "eps_4q": null,
            "eps_4q_growth_year": null,
            "roe": null,
            "roe_4q": 0,
            "gross_profit": null,
            "gross_margin": null,
            "gross_margin_4q_avg": 0,
            "net_income": null,
            "net_income_4q": null,
            "revenue": null,
            "revenue_4q": null,
            "common_shares": null,
            "book_valuer_per_share": null,
            "book_valuer_per_share_4q_avg": 1.98,
            "equity": null,
            "current_ratio": null,
            "debt_ratio": null,
            "inventory_turnover_ratio": null,
            "account_receivable_turnover_ratio": null,
            "reinvestment_rate": null,
            "research_to_sale_ratio": null,
            "price_fair": 0,
            "eps_avg_yearly": 0,
            "eps_latest_yearly": 0,
            "eps_growth_yearly": 0
        },
        "20033": {
            "year_quarter": 20033,
            "year": 2003,
            "quarter": 3,
            "eps": null,
            "eps_growth_year": null,
            "eps_4q": null,
            "eps_4q_growth_year": null,
            "roe": null,
            "roe_4q": 0,
            "gross_profit": null,
            "gross_margin": null,
            "gross_margin_4q_avg": 0,
            "net_income": null,
            "net_income_4q": null,
            "revenue": null,
            "revenue_4q": null,
            "common_shares": null,
            "book_valuer_per_share": null,
            "book_valuer_per_share_4q_avg": 1.98,
            "equity": null,
            "current_ratio": null,
            "debt_ratio": null,
            "inventory_turnover_ratio": null,
            "account_receivable_turnover_ratio": null,
            "reinvestment_rate": null,
            "research_to_sale_ratio": null,
            "price_fair": 0,
            "eps_avg_yearly": 0,
            "eps_latest_yearly": 0,
            "eps_growth_yearly": 0
        },
        "20034": {
            "year_quarter": 20034,
            "year": 2003,
            "quarter": 4,
            "eps": null,
            "eps_growth_year": null,
            "eps_4q": null,
            "eps_4q_growth_year": null,
            "roe": null,
            "roe_4q": 0,
            "gross_profit": null,
            "gross_margin": null,
            "gross_margin_4q_avg": 0,
            "net_income": null,
            "net_income_4q": null,
            "revenue": null,
            "revenue_4q": null,
            "common_shares": 330840,
            "book_valuer_per_share": 5.01,
            "book_valuer_per_share_4q_avg": 1.25,
            "equity": 165824,
            "current_ratio": 81.88,
            "debt_ratio": 62.29,
            "inventory_turnover_ratio": null,
            "account_receivable_turnover_ratio": null,
            "reinvestment_rate": null,
            "research_to_sale_ratio": null,
            "price_fair": 0,
            "eps_avg_yearly": 0,
            "eps_latest_yearly": 0,
            "eps_growth_yearly": 0
        },
        "20041": {
            "year_quarter": 20041,
            "year": 2004,
            "quarter": 1,
            "eps": null,
            "eps_growth_year": null,
            "eps_4q": null,
            "eps_4q_growth_year": null,
            "roe": null,
            "roe_4q": 0,
            "gross_profit": null,
            "gross_margin": null,
            "gross_margin_4q_avg": 0,
            "net_income": null,
            "net_income_4q": null,
            "revenue": null,
            "revenue_4q": null,
            "common_shares": null,
            "book_valuer_per_share": null,
            "book_valuer_per_share_4q_avg": 1.25,
            "equity": null,
            "current_ratio": null,
            "debt_ratio": null,
            "inventory_turnover_ratio": null,
            "account_receivable_turnover_ratio": null,
            "reinvestment_rate": null,
            "research_to_sale_ratio": null,
            "price_fair": 0,
            "eps_avg_yearly": 0,
            "eps_latest_yearly": 0,
            "eps_growth_yearly": 0
        },
        "20042": {
            "year_quarter": 20042,
            "year": 2004,
            "quarter": 2,
            "eps": null,
            "eps_growth_year": null,
            "eps_4q": null,
            "eps_4q_growth_year": null,
            "roe": null,
            "roe_4q": 0,
            "gross_profit": null,
            "gross_margin": null,
            "gross_margin_4q_avg": 0,
            "net_income": null,
            "net_income_4q": null,
            "revenue": null,
            "revenue_4q": null,
            "common_shares": null,
            "book_valuer_per_share": null,
            "book_valuer_per_share_4q_avg": 1.25,
            "equity": null,
            "current_ratio": null,
            "debt_ratio": null,
            "inventory_turnover_ratio": null,
            "account_receivable_turnover_ratio": null,
            "reinvestment_rate": null,
            "research_to_sale_ratio": null,
            "price_fair": 0,
            "eps_avg_yearly": 0,
            "eps_latest_yearly": 0,
            "eps_growth_yearly": 0
        },
        "20043": {
            "year_quarter": 20043,
            "year": 2004,
            "quarter": 3,
            "eps": null,
            "eps_growth_year": null,
            "eps_4q": null,
            "eps_4q_growth_year": null,
            "roe": null,
            "roe_4q": 0,
            "gross_profit": null,
            "gross_margin": null,
            "gross_margin_4q_avg": 0,
            "net_income": null,
            "net_income_4q": null,
            "revenue": null,
            "revenue_4q": null,
            "common_shares": null,
            "book_valuer_per_share": null,
            "book_valuer_per_share_4q_avg": 1.25,
            "equity": null,
            "current_ratio": null,
            "debt_ratio": null,
            "inventory_turnover_ratio": null,
            "account_receivable_turnover_ratio": null,
            "reinvestment_rate": null,
            "research_to_sale_ratio": null,
            "price_fair": 0,
            "eps_avg_yearly": 0,
            "eps_latest_yearly": 0,
            "eps_growth_yearly": 0
        },
        "20044": {
            "year_quarter": 20044,
            "year": 2004,
            "quarter": 4,
            "eps": null,
            "eps_growth_year": null,
            "eps_4q": null,
            "eps_4q_growth_year": null,
            "roe": null,
            "roe_4q": 0,
            "gross_profit": null,
            "gross_margin": null,
            "gross_margin_4q_avg": 0,
            "net_income": null,
            "net_income_4q": null,
            "revenue": null,
            "revenue_4q": null,
            "common_shares": null,
            "book_valuer_per_share": null,
            "book_valuer_per_share_4q_avg": 0,
            "equity": null,
            "current_ratio": null,
            "debt_ratio": null,
            "inventory_turnover_ratio": null,
            "account_receivable_turnover_ratio": null,
            "reinvestment_rate": null,
            "research_to_sale_ratio": null,
            "price_fair": 0,
            "eps_avg_yearly": 0,
            "eps_latest_yearly": 0,
            "eps_growth_yearly": 0
        },
        "20051": {
            "year_quarter": 20051,
            "year": 2005,
            "quarter": 1,
            "eps": null,
            "eps_growth_year": null,
            "eps_4q": null,
            "eps_4q_growth_year": null,
            "roe": null,
            "roe_4q": 0,
            "gross_profit": null,
            "gross_margin": null,
            "gross_margin_4q_avg": 0,
            "net_income": null,
            "net_income_4q": null,
            "revenue": null,
            "revenue_4q": null,
            "common_shares": null,
            "book_valuer_per_share": null,
            "book_valuer_per_share_4q_avg": 0,
            "equity": null,
            "current_ratio": null,
            "debt_ratio": null,
            "inventory_turnover_ratio": null,
            "account_receivable_turnover_ratio": null,
            "reinvestment_rate": null,
            "research_to_sale_ratio": null,
            "price_fair": 0,
            "eps_avg_yearly": 0,
            "eps_latest_yearly": 0,
            "eps_growth_yearly": 0
        },
        "20052": {
            "year_quarter": 20052,
            "year": 2005,
            "quarter": 2,
            "eps": null,
            "eps_growth_year": null,
            "eps_4q": null,
            "eps_4q_growth_year": null,
            "roe": null,
            "roe_4q": 0,
            "gross_profit": null,
            "gross_margin": null,
            "gross_margin_4q_avg": 0,
            "net_income": null,
            "net_income_4q": null,
            "revenue": null,
            "revenue_4q": null,
            "common_shares": null,
            "book_valuer_per_share": null,
            "book_valuer_per_share_4q_avg": 0,
            "equity": null,
            "current_ratio": null,
            "debt_ratio": null,
            "inventory_turnover_ratio": null,
            "account_receivable_turnover_ratio": null,
            "reinvestment_rate": null,
            "research_to_sale_ratio": null,
            "price_fair": 0,
            "eps_avg_yearly": 0,
            "eps_latest_yearly": 0,
            "eps_growth_yearly": 0
        },
        "20053": {
            "year_quarter": 20053,
            "year": 2005,
            "quarter": 3,
            "eps": null,
            "eps_growth_year": null,
            "eps_4q": null,
            "eps_4q_growth_year": null,
            "roe": null,
            "roe_4q": 0,
            "gross_profit": null,
            "gross_margin": null,
            "gross_margin_4q_avg": 0,
            "net_income": null,
            "net_income_4q": null,
            "revenue": null,
            "revenue_4q": null,
            "common_shares": null,
            "book_valuer_per_share": null,
            "book_valuer_per_share_4q_avg": 0,
            "equity": null,
            "current_ratio": null,
            "debt_ratio": null,
            "inventory_turnover_ratio": null,
            "account_receivable_turnover_ratio": null,
            "reinvestment_rate": null,
            "research_to_sale_ratio": null,
            "price_fair": 0,
            "eps_avg_yearly": 0,
            "eps_latest_yearly": 0,
            "eps_growth_yearly": 0
        },
        "20054": {
            "year_quarter": 20054,
            "year": 2005,
            "quarter": 4,
            "eps": null,
            "eps_growth_year": null,
            "eps_4q": null,
            "eps_4q_growth_year": null,
            "roe": null,
            "roe_4q": 0,
            "gross_profit": null,
            "gross_margin": null,
            "gross_margin_4q_avg": 0,
            "net_income": null,
            "net_income_4q": null,
            "revenue": null,
            "revenue_4q": null,
            "common_shares": null,
            "book_valuer_per_share": null,
            "book_valuer_per_share_4q_avg": 0,
            "equity": null,
            "current_ratio": null,
            "debt_ratio": null,
            "inventory_turnover_ratio": null,
            "account_receivable_turnover_ratio": null,
            "reinvestment_rate": null,
            "research_to_sale_ratio": null,
            "price_fair": 0,
            "eps_avg_yearly": 0,
            "eps_latest_yearly": 0,
            "eps_growth_yearly": 0
        },
        "20061": {
            "year_quarter": 20061,
            "year": 2006,
            "quarter": 1,
            "eps": null,
            "eps_growth_year": null,
            "eps_4q": null,
            "eps_4q_growth_year": null,
            "roe": null,
            "roe_4q": 0,
            "gross_profit": null,
            "gross_margin": null,
            "gross_margin_4q_avg": 0,
            "net_income": null,
            "net_income_4q": null,
            "revenue": null,
            "revenue_4q": null,
            "common_shares": null,
            "book_valuer_per_share": null,
            "book_valuer_per_share_4q_avg": 0,
            "equity": null,
            "current_ratio": null,
            "debt_ratio": null,
            "inventory_turnover_ratio": null,
            "account_receivable_turnover_ratio": null,
            "reinvestment_rate": null,
            "research_to_sale_ratio": null,
            "price_fair": 0,
            "eps_avg_yearly": 0,
            "eps_latest_yearly": 0,
            "eps_growth_yearly": 0
        },
        "20062": {
            "year_quarter": 20062,
            "year": 2006,
            "quarter": 2,
            "eps": null,
            "eps_growth_year": null,
            "eps_4q": null,
            "eps_4q_growth_year": null,
            "roe": null,
            "roe_4q": 0,
            "gross_profit": null,
            "gross_margin": null,
            "gross_margin_4q_avg": 0,
            "net_income": null,
            "net_income_4q": null,
            "revenue": null,
            "revenue_4q": null,
            "common_shares": null,
            "book_valuer_per_share": null,
            "book_valuer_per_share_4q_avg": 0,
            "equity": null,
            "current_ratio": null,
            "debt_ratio": null,
            "inventory_turnover_ratio": null,
            "account_receivable_turnover_ratio": null,
            "reinvestment_rate": null,
            "research_to_sale_ratio": null,
            "price_fair": 0,
            "eps_avg_yearly": 0,
            "eps_latest_yearly": 0,
            "eps_growth_yearly": 0
        },
        "20063": {
            "year_quarter": 20063,
            "year": 2006,
            "quarter": 3,
            "eps": null,
            "eps_growth_year": null,
            "eps_4q": null,
            "eps_4q_growth_year": null,
            "roe": null,
            "roe_4q": 0,
            "gross_profit": null,
            "gross_margin": null,
            "gross_margin_4q_avg": 0,
            "net_income": null,
            "net_income_4q": null,
            "revenue": null,
            "revenue_4q": null,
            "common_shares": null,
            "book_valuer_per_share": null,
            "book_valuer_per_share_4q_avg": 0,
            "equity": null,
            "current_ratio": null,
            "debt_ratio": null,
            "inventory_turnover_ratio": null,
            "account_receivable_turnover_ratio": null,
            "reinvestment_rate": null,
            "research_to_sale_ratio": null,
            "price_fair": 0,
            "eps_avg_yearly": 0,
            "eps_latest_yearly": 0,
            "eps_growth_yearly": 0
        },
        "20064": {
            "year_quarter": 20064,
            "year": 2006,
            "quarter": 4,
            "eps": null,
            "eps_growth_year": null,
            "eps_4q": null,
            "eps_4q_growth_year": null,
            "roe": null,
            "roe_4q": 0,
            "gross_profit": null,
            "gross_margin": null,
            "gross_margin_4q_avg": 0,
            "net_income": null,
            "net_income_4q": null,
            "revenue": null,
            "revenue_4q": null,
            "common_shares": null,
            "book_valuer_per_share": null,
            "book_valuer_per_share_4q_avg": 0,
            "equity": null,
            "current_ratio": null,
            "debt_ratio": null,
            "inventory_turnover_ratio": null,
            "account_receivable_turnover_ratio": null,
            "reinvestment_rate": null,
            "research_to_sale_ratio": null,
            "price_fair": 0,
            "eps_avg_yearly": 0,
            "eps_latest_yearly": 0,
            "eps_growth_yearly": 0
        },
        "20071": {
            "year_quarter": 20071,
            "year": 2007,
            "quarter": 1,
            "eps": null,
            "eps_growth_year": null,
            "eps_4q": null,
            "eps_4q_growth_year": null,
            "roe": null,
            "roe_4q": 0,
            "gross_profit": null,
            "gross_margin": null,
            "gross_margin_4q_avg": 0,
            "net_income": null,
            "net_income_4q": null,
            "revenue": null,
            "revenue_4q": null,
            "common_shares": null,
            "book_valuer_per_share": null,
            "book_valuer_per_share_4q_avg": 0,
            "equity": null,
            "current_ratio": null,
            "debt_ratio": null,
            "inventory_turnover_ratio": null,
            "account_receivable_turnover_ratio": null,
            "reinvestment_rate": null,
            "research_to_sale_ratio": null,
            "price_fair": 0,
            "eps_avg_yearly": 0,
            "eps_latest_yearly": 0,
            "eps_growth_yearly": 0
        },
        "20072": {
            "year_quarter": 20072,
            "year": 2007,
            "quarter": 2,
            "eps": null,
            "eps_growth_year": null,
            "eps_4q": null,
            "eps_4q_growth_year": null,
            "roe": null,
            "roe_4q": 0,
            "gross_profit": null,
            "gross_margin": null,
            "gross_margin_4q_avg": 0,
            "net_income": null,
            "net_income_4q": null,
            "revenue": null,
            "revenue_4q": null,
            "common_shares": null,
            "book_valuer_per_share": null,
            "book_valuer_per_share_4q_avg": 0,
            "equity": null,
            "current_ratio": null,
            "debt_ratio": null,
            "inventory_turnover_ratio": null,
            "account_receivable_turnover_ratio": null,
            "reinvestment_rate": null,
            "research_to_sale_ratio": null,
            "price_fair": 0,
            "eps_avg_yearly": 0,
            "eps_latest_yearly": 0,
            "eps_growth_yearly": 0
        },
        "20073": {
            "year_quarter": 20073,
            "year": 2007,
            "quarter": 3,
            "eps": null,
            "eps_growth_year": null,
            "eps_4q": null,
            "eps_4q_growth_year": null,
            "roe": null,
            "roe_4q": 0,
            "gross_profit": null,
            "gross_margin": null,
            "gross_margin_4q_avg": 0,
            "net_income": null,
            "net_income_4q": null,
            "revenue": null,
            "revenue_4q": null,
            "common_shares": null,
            "book_valuer_per_share": null,
            "book_valuer_per_share_4q_avg": 0,
            "equity": null,
            "current_ratio": null,
            "debt_ratio": null,
            "inventory_turnover_ratio": null,
            "account_receivable_turnover_ratio": null,
            "reinvestment_rate": null,
            "research_to_sale_ratio": null,
            "price_fair": 0,
            "eps_avg_yearly": 0,
            "eps_latest_yearly": 0,
            "eps_growth_yearly": 0
        },
        "20074": {
            "year_quarter": 20074,
            "year": 2007,
            "quarter": 4,
            "eps": null,
            "eps_growth_year": null,
            "eps_4q": null,
            "eps_4q_growth_year": null,
            "roe": null,
            "roe_4q": 0,
            "gross_profit": null,
            "gross_margin": null,
            "gross_margin_4q_avg": 0,
            "net_income": null,
            "net_income_4q": null,
            "revenue": null,
            "revenue_4q": null,
            "common_shares": null,
            "book_valuer_per_share": null,
            "book_valuer_per_share_4q_avg": 0,
            "equity": null,
            "current_ratio": null,
            "debt_ratio": null,
            "inventory_turnover_ratio": null,
            "account_receivable_turnover_ratio": null,
            "reinvestment_rate": null,
            "research_to_sale_ratio": null,
            "price_fair": 0,
            "eps_avg_yearly": 0,
            "eps_latest_yearly": 0,
            "eps_growth_yearly": 0
        },
        "20081": {
            "year_quarter": 20081,
            "year": 2008,
            "quarter": 1,
            "eps": null,
            "eps_growth_year": null,
            "eps_4q": null,
            "eps_4q_growth_year": null,
            "roe": null,
            "roe_4q": 0,
            "gross_profit": null,
            "gross_margin": null,
            "gross_margin_4q_avg": 0,
            "net_income": null,
            "net_income_4q": null,
            "revenue": null,
            "revenue_4q": null,
            "common_shares": null,
            "book_valuer_per_share": null,
            "book_valuer_per_share_4q_avg": 0,
            "equity": null,
            "current_ratio": null,
            "debt_ratio": null,
            "inventory_turnover_ratio": null,
            "account_receivable_turnover_ratio": null,
            "reinvestment_rate": null,
            "research_to_sale_ratio": null,
            "price_fair": 0,
            "eps_avg_yearly": 0,
            "eps_latest_yearly": 0,
            "eps_growth_yearly": 0
        },
        "20082": {
            "year_quarter": 20082,
            "year": 2008,
            "quarter": 2,
            "eps": null,
            "eps_growth_year": null,
            "eps_4q": null,
            "eps_4q_growth_year": null,
            "roe": null,
            "roe_4q": 0,
            "gross_profit": null,
            "gross_margin": null,
            "gross_margin_4q_avg": 0,
            "net_income": null,
            "net_income_4q": null,
            "revenue": null,
            "revenue_4q": null,
            "common_shares": null,
            "book_valuer_per_share": null,
            "book_valuer_per_share_4q_avg": 0,
            "equity": null,
            "current_ratio": null,
            "debt_ratio": null,
            "inventory_turnover_ratio": null,
            "account_receivable_turnover_ratio": null,
            "reinvestment_rate": null,
            "research_to_sale_ratio": null,
            "price_fair": 0,
            "eps_avg_yearly": 0,
            "eps_latest_yearly": 0,
            "eps_growth_yearly": 0
        },
        "20083": {
            "year_quarter": 20083,
            "year": 2008,
            "quarter": 3,
            "eps": null,
            "eps_growth_year": null,
            "eps_4q": null,
            "eps_4q_growth_year": null,
            "roe": null,
            "roe_4q": 0,
            "gross_profit": null,
            "gross_margin": null,
            "gross_margin_4q_avg": 0,
            "net_income": null,
            "net_income_4q": null,
            "revenue": null,
            "revenue_4q": null,
            "common_shares": null,
            "book_valuer_per_share": null,
            "book_valuer_per_share_4q_avg": 0,
            "equity": null,
            "current_ratio": null,
            "debt_ratio": null,
            "inventory_turnover_ratio": null,
            "account_receivable_turnover_ratio": null,
            "reinvestment_rate": null,
            "research_to_sale_ratio": null,
            "price_fair": 0,
            "eps_avg_yearly": 0,
            "eps_latest_yearly": 0,
            "eps_growth_yearly": 0
        },
        "20084": {
            "year_quarter": 20084,
            "year": 2008,
            "quarter": 4,
            "eps": null,
            "eps_growth_year": null,
            "eps_4q": null,
            "eps_4q_growth_year": null,
            "roe": null,
            "roe_4q": 0,
            "gross_profit": null,
            "gross_margin": null,
            "gross_margin_4q_avg": 0,
            "net_income": null,
            "net_income_4q": null,
            "revenue": null,
            "revenue_4q": null,
            "common_shares": null,
            "book_valuer_per_share": null,
            "book_valuer_per_share_4q_avg": 0,
            "equity": null,
            "current_ratio": null,
            "debt_ratio": null,
            "inventory_turnover_ratio": null,
            "account_receivable_turnover_ratio": null,
            "reinvestment_rate": null,
            "research_to_sale_ratio": null,
            "price_fair": 0,
            "eps_avg_yearly": 0,
            "eps_latest_yearly": 0,
            "eps_growth_yearly": 0
        },
        "20091": {
            "year_quarter": 20091,
            "year": 2009,
            "quarter": 1,
            "eps": null,
            "eps_growth_year": null,
            "eps_4q": null,
            "eps_4q_growth_year": null,
            "roe": null,
            "roe_4q": 0,
            "gross_profit": null,
            "gross_margin": null,
            "gross_margin_4q_avg": 0,
            "net_income": null,
            "net_income_4q": null,
            "revenue": null,
            "revenue_4q": null,
            "common_shares": null,
            "book_valuer_per_share": null,
            "book_valuer_per_share_4q_avg": 0,
            "equity": null,
            "current_ratio": null,
            "debt_ratio": null,
            "inventory_turnover_ratio": null,
            "account_receivable_turnover_ratio": null,
            "reinvestment_rate": null,
            "research_to_sale_ratio": null,
            "price_fair": 0,
            "eps_avg_yearly": 0,
            "eps_latest_yearly": 0,
            "eps_growth_yearly": 0
        },
        "20092": {
            "year_quarter": 20092,
            "year": 2009,
            "quarter": 2,
            "eps": null,
            "eps_growth_year": null,
            "eps_4q": null,
            "eps_4q_growth_year": null,
            "roe": null,
            "roe_4q": 0,
            "gross_profit": null,
            "gross_margin": null,
            "gross_margin_4q_avg": 0,
            "net_income": null,
            "net_income_4q": null,
            "revenue": null,
            "revenue_4q": null,
            "common_shares": null,
            "book_valuer_per_share": null,
            "book_valuer_per_share_4q_avg": 0,
            "equity": null,
            "current_ratio": null,
            "debt_ratio": null,
            "inventory_turnover_ratio": null,
            "account_receivable_turnover_ratio": null,
            "reinvestment_rate": null,
            "research_to_sale_ratio": null,
            "price_fair": 0,
            "eps_avg_yearly": 0,
            "eps_latest_yearly": 0,
            "eps_growth_yearly": 0
        },
        "20093": {
            "year_quarter": 20093,
            "year": 2009,
            "quarter": 3,
            "eps": null,
            "eps_growth_year": null,
            "eps_4q": null,
            "eps_4q_growth_year": null,
            "roe": null,
            "roe_4q": 0,
            "gross_profit": null,
            "gross_margin": null,
            "gross_margin_4q_avg": 0,
            "net_income": null,
            "net_income_4q": null,
            "revenue": null,
            "revenue_4q": null,
            "common_shares": null,
            "book_valuer_per_share": null,
            "book_valuer_per_share_4q_avg": 0,
            "equity": null,
            "current_ratio": null,
            "debt_ratio": null,
            "inventory_turnover_ratio": null,
            "account_receivable_turnover_ratio": null,
            "reinvestment_rate": null,
            "research_to_sale_ratio": null,
            "price_fair": 0,
            "eps_avg_yearly": 0,
            "eps_latest_yearly": 0,
            "eps_growth_yearly": 0
        },
        "20094": {
            "year_quarter": 20094,
            "year": 2009,
            "quarter": 4,
            "eps": null,
            "eps_growth_year": null,
            "eps_4q": null,
            "eps_4q_growth_year": null,
            "roe": null,
            "roe_4q": 0,
            "gross_profit": null,
            "gross_margin": null,
            "gross_margin_4q_avg": 0,
            "net_income": null,
            "net_income_4q": null,
            "revenue": null,
            "revenue_4q": null,
            "common_shares": null,
            "book_valuer_per_share": null,
            "book_valuer_per_share_4q_avg": 0,
            "equity": null,
            "current_ratio": null,
            "debt_ratio": null,
            "inventory_turnover_ratio": null,
            "account_receivable_turnover_ratio": null,
            "reinvestment_rate": null,
            "research_to_sale_ratio": null,
            "price_fair": 0,
            "eps_avg_yearly": 0,
            "eps_latest_yearly": 0,
            "eps_growth_yearly": 0
        },
        "20101": {
            "year_quarter": 20101,
            "year": 2010,
            "quarter": 1,
            "eps": null,
            "eps_growth_year": null,
            "eps_4q": null,
            "eps_4q_growth_year": null,
            "roe": null,
            "roe_4q": 0,
            "gross_profit": null,
            "gross_margin": null,
            "gross_margin_4q_avg": 0,
            "net_income": null,
            "net_income_4q": null,
            "revenue": null,
            "revenue_4q": null,
            "common_shares": null,
            "book_valuer_per_share": null,
            "book_valuer_per_share_4q_avg": 0,
            "equity": null,
            "current_ratio": null,
            "debt_ratio": null,
            "inventory_turnover_ratio": null,
            "account_receivable_turnover_ratio": null,
            "reinvestment_rate": null,
            "research_to_sale_ratio": null,
            "price_fair": 0,
            "eps_avg_yearly": 0,
            "eps_latest_yearly": 0,
            "eps_growth_yearly": 0
        },
        "20102": {
            "year_quarter": 20102,
            "year": 2010,
            "quarter": 2,
            "eps": null,
            "eps_growth_year": null,
            "eps_4q": null,
            "eps_4q_growth_year": null,
            "roe": null,
            "roe_4q": 0,
            "gross_profit": null,
            "gross_margin": null,
            "gross_margin_4q_avg": 0,
            "net_income": null,
            "net_income_4q": null,
            "revenue": null,
            "revenue_4q": null,
            "common_shares": null,
            "book_valuer_per_share": null,
            "book_valuer_per_share_4q_avg": 0,
            "equity": null,
            "current_ratio": null,
            "debt_ratio": null,
            "inventory_turnover_ratio": null,
            "account_receivable_turnover_ratio": null,
            "reinvestment_rate": null,
            "research_to_sale_ratio": null,
            "price_fair": 0,
            "eps_avg_yearly": 0,
            "eps_latest_yearly": 0,
            "eps_growth_yearly": 0
        },
        "20103": {
            "year_quarter": 20103,
            "year": 2010,
            "quarter": 3,
            "eps": null,
            "eps_growth_year": null,
            "eps_4q": null,
            "eps_4q_growth_year": null,
            "roe": null,
            "roe_4q": 0,
            "gross_profit": null,
            "gross_margin": null,
            "gross_margin_4q_avg": 0,
            "net_income": null,
            "net_income_4q": null,
            "revenue": null,
            "revenue_4q": null,
            "common_shares": null,
            "book_valuer_per_share": null,
            "book_valuer_per_share_4q_avg": 0,
            "equity": null,
            "current_ratio": null,
            "debt_ratio": null,
            "inventory_turnover_ratio": null,
            "account_receivable_turnover_ratio": null,
            "reinvestment_rate": null,
            "research_to_sale_ratio": null,
            "price_fair": 0,
            "eps_avg_yearly": 0,
            "eps_latest_yearly": 0,
            "eps_growth_yearly": 0
        },
        "20104": {
            "year_quarter": 20104,
            "year": 2010,
            "quarter": 4,
            "eps": null,
            "eps_growth_year": null,
            "eps_4q": null,
            "eps_4q_growth_year": null,
            "roe": null,
            "roe_4q": 0,
            "gross_profit": null,
            "gross_margin": null,
            "gross_margin_4q_avg": 0,
            "net_income": null,
            "net_income_4q": null,
            "revenue": null,
            "revenue_4q": null,
            "common_shares": null,
            "book_valuer_per_share": null,
            "book_valuer_per_share_4q_avg": 0,
            "equity": null,
            "current_ratio": null,
            "debt_ratio": null,
            "inventory_turnover_ratio": null,
            "account_receivable_turnover_ratio": null,
            "reinvestment_rate": null,
            "research_to_sale_ratio": null,
            "price_fair": 0,
            "eps_avg_yearly": 0,
            "eps_latest_yearly": 0,
            "eps_growth_yearly": 0
        },
        "20111": {
            "year_quarter": 20111,
            "year": 2011,
            "quarter": 1,
            "eps": null,
            "eps_growth_year": null,
            "eps_4q": null,
            "eps_4q_growth_year": null,
            "roe": null,
            "roe_4q": 0,
            "gross_profit": null,
            "gross_margin": null,
            "gross_margin_4q_avg": 0,
            "net_income": null,
            "net_income_4q": null,
            "revenue": null,
            "revenue_4q": null,
            "common_shares": null,
            "book_valuer_per_share": null,
            "book_valuer_per_share_4q_avg": 0,
            "equity": null,
            "current_ratio": null,
            "debt_ratio": null,
            "inventory_turnover_ratio": null,
            "account_receivable_turnover_ratio": null,
            "reinvestment_rate": null,
            "research_to_sale_ratio": null,
            "price_fair": 0,
            "eps_avg_yearly": 0,
            "eps_latest_yearly": 0,
            "eps_growth_yearly": 0
        },
        "20112": {
            "year_quarter": 20112,
            "year": 2011,
            "quarter": 2,
            "eps": null,
            "eps_growth_year": null,
            "eps_4q": null,
            "eps_4q_growth_year": null,
            "roe": null,
            "roe_4q": 0,
            "gross_profit": null,
            "gross_margin": null,
            "gross_margin_4q_avg": 0,
            "net_income": null,
            "net_income_4q": null,
            "revenue": null,
            "revenue_4q": null,
            "common_shares": null,
            "book_valuer_per_share": null,
            "book_valuer_per_share_4q_avg": 0,
            "equity": null,
            "current_ratio": null,
            "debt_ratio": null,
            "inventory_turnover_ratio": null,
            "account_receivable_turnover_ratio": null,
            "reinvestment_rate": null,
            "research_to_sale_ratio": null,
            "price_fair": 0,
            "eps_avg_yearly": 0,
            "eps_latest_yearly": 0,
            "eps_growth_yearly": 0
        },
        "20113": {
            "year_quarter": 20113,
            "year": 2011,
            "quarter": 3,
            "eps": null,
            "eps_growth_year": null,
            "eps_4q": null,
            "eps_4q_growth_year": null,
            "roe": null,
            "roe_4q": 0,
            "gross_profit": null,
            "gross_margin": null,
            "gross_margin_4q_avg": 0,
            "net_income": null,
            "net_income_4q": null,
            "revenue": null,
            "revenue_4q": null,
            "common_shares": null,
            "book_valuer_per_share": null,
            "book_valuer_per_share_4q_avg": 0,
            "equity": null,
            "current_ratio": null,
            "debt_ratio": null,
            "inventory_turnover_ratio": null,
            "account_receivable_turnover_ratio": null,
            "reinvestment_rate": null,
            "research_to_sale_ratio": null,
            "price_fair": 0,
            "eps_avg_yearly": 0,
            "eps_latest_yearly": 0,
            "eps_growth_yearly": 0
        },
        "20114": {
            "year_quarter": 20114,
            "year": 2011,
            "quarter": 4,
            "eps": null,
            "eps_growth_year": null,
            "eps_4q": null,
            "eps_4q_growth_year": null,
            "roe": null,
            "roe_4q": 0,
            "gross_profit": null,
            "gross_margin": null,
            "gross_margin_4q_avg": 0,
            "net_income": null,
            "net_income_4q": null,
            "revenue": null,
            "revenue_4q": null,
            "common_shares": 340771,
            "book_valuer_per_share": 17.79,
            "book_valuer_per_share_4q_avg": 4.45,
            "equity": 606294,
            "current_ratio": 365.7,
            "debt_ratio": 16.17,
            "inventory_turnover_ratio": null,
            "account_receivable_turnover_ratio": null,
            "reinvestment_rate": null,
            "research_to_sale_ratio": null,
            "price_fair": 0,
            "eps_avg_yearly": 0,
            "eps_latest_yearly": 0,
            "eps_growth_yearly": 0
        },
        "20121": {
            "year_quarter": 20121,
            "year": 2012,
            "quarter": 1,
            "eps": null,
            "eps_growth_year": null,
            "eps_4q": null,
            "eps_4q_growth_year": null,
            "roe": null,
            "roe_4q": 0,
            "gross_profit": null,
            "gross_margin": null,
            "gross_margin_4q_avg": 0,
            "net_income": null,
            "net_income_4q": null,
            "revenue": null,
            "revenue_4q": null,
            "common_shares": null,
            "book_valuer_per_share": null,
            "book_valuer_per_share_4q_avg": 4.45,
            "equity": null,
            "current_ratio": null,
            "debt_ratio": null,
            "inventory_turnover_ratio": null,
            "account_receivable_turnover_ratio": null,
            "reinvestment_rate": null,
            "research_to_sale_ratio": null,
            "price_fair": 0,
            "eps_avg_yearly": 0,
            "eps_latest_yearly": 0,
            "eps_growth_yearly": 0
        },
        "20122": {
            "year_quarter": 20122,
            "year": 2012,
            "quarter": 2,
            "eps": null,
            "eps_growth_year": null,
            "eps_4q": null,
            "eps_4q_growth_year": null,
            "roe": null,
            "roe_4q": 0,
            "gross_profit": null,
            "gross_margin": null,
            "gross_margin_4q_avg": 0,
            "net_income": null,
            "net_income_4q": null,
            "revenue": null,
            "revenue_4q": null,
            "common_shares": null,
            "book_valuer_per_share": null,
            "book_valuer_per_share_4q_avg": 4.45,
            "equity": null,
            "current_ratio": null,
            "debt_ratio": null,
            "inventory_turnover_ratio": null,
            "account_receivable_turnover_ratio": null,
            "reinvestment_rate": null,
            "research_to_sale_ratio": null,
            "price_fair": 0,
            "eps_avg_yearly": 0,
            "eps_latest_yearly": 0,
            "eps_growth_yearly": 0
        },
        "20123": {
            "year_quarter": 20123,
            "year": 2012,
            "quarter": 3,
            "eps": null,
            "eps_growth_year": null,
            "eps_4q": null,
            "eps_4q_growth_year": null,
            "roe": null,
            "roe_4q": 0,
            "gross_profit": null,
            "gross_margin": null,
            "gross_margin_4q_avg": 0,
            "net_income": null,
            "net_income_4q": null,
            "revenue": null,
            "revenue_4q": null,
            "common_shares": null,
            "book_valuer_per_share": null,
            "book_valuer_per_share_4q_avg": 4.45,
            "equity": null,
            "current_ratio": null,
            "debt_ratio": null,
            "inventory_turnover_ratio": null,
            "account_receivable_turnover_ratio": null,
            "reinvestment_rate": null,
            "research_to_sale_ratio": null,
            "price_fair": 0,
            "eps_avg_yearly": 0,
            "eps_latest_yearly": 0,
            "eps_growth_yearly": 0
        },
        "20124": {
            "year_quarter": 20124,
            "year": 2012,
            "quarter": 4,
            "eps": null,
            "eps_growth_year": null,
            "eps_4q": null,
            "eps_4q_growth_year": null,
            "roe": null,
            "roe_4q": 0,
            "gross_profit": null,
            "gross_margin": null,
            "gross_margin_4q_avg": 0,
            "net_income": null,
            "net_income_4q": null,
            "revenue": null,
            "revenue_4q": null,
            "common_shares": 366280,
            "book_valuer_per_share": 20.91,
            "book_valuer_per_share_4q_avg": 5.23,
            "equity": 766001,
            "current_ratio": 480.97,
            "debt_ratio": 13.51,
            "inventory_turnover_ratio": null,
            "account_receivable_turnover_ratio": null,
            "reinvestment_rate": null,
            "research_to_sale_ratio": null,
            "price_fair": 0,
            "eps_avg_yearly": 0,
            "eps_latest_yearly": 0,
            "eps_growth_yearly": 0
        },
        "20131": {
            "year_quarter": 20131,
            "year": 2013,
            "quarter": 1,
            "eps": null,
            "eps_growth_year": null,
            "eps_4q": null,
            "eps_4q_growth_year": null,
            "roe": null,
            "roe_4q": 0,
            "gross_profit": null,
            "gross_margin": null,
            "gross_margin_4q_avg": 0,
            "net_income": null,
            "net_income_4q": null,
            "revenue": null,
            "revenue_4q": null,
            "common_shares": null,
            "book_valuer_per_share": null,
            "book_valuer_per_share_4q_avg": 5.23,
            "equity": null,
            "current_ratio": null,
            "debt_ratio": null,
            "inventory_turnover_ratio": null,
            "account_receivable_turnover_ratio": null,
            "reinvestment_rate": null,
            "research_to_sale_ratio": null,
            "price_fair": 0,
            "eps_avg_yearly": 0,
            "eps_latest_yearly": 0,
            "eps_growth_yearly": 0
        },
        "20132": {
            "year_quarter": 20132,
            "year": 2013,
            "quarter": 2,
            "eps": null,
            "eps_growth_year": null,
            "eps_4q": null,
            "eps_4q_growth_year": null,
            "roe": null,
            "roe_4q": 0,
            "gross_profit": null,
            "gross_margin": null,
            "gross_margin_4q_avg": 0,
            "net_income": null,
            "net_income_4q": null,
            "revenue": null,
            "revenue_4q": null,
            "common_shares": 452416,
            "book_valuer_per_share": null,
            "book_valuer_per_share_4q_avg": 5.23,
            "equity": 870334,
            "current_ratio": null,
            "debt_ratio": null,
            "inventory_turnover_ratio": null,
            "account_receivable_turnover_ratio": null,
            "reinvestment_rate": null,
            "research_to_sale_ratio": null,
            "price_fair": 0,
            "eps_avg_yearly": 0,
            "eps_latest_yearly": 0,
            "eps_growth_yearly": 0
        },
        "20133": {
            "year_quarter": 20133,
            "year": 2013,
            "quarter": 3,
            "eps": null,
            "eps_growth_year": null,
            "eps_4q": null,
            "eps_4q_growth_year": null,
            "roe": null,
            "roe_4q": 0,
            "gross_profit": null,
            "gross_margin": null,
            "gross_margin_4q_avg": 0,
            "net_income": null,
            "net_income_4q": null,
            "revenue": null,
            "revenue_4q": null,
            "common_shares": null,
            "book_valuer_per_share": null,
            "book_valuer_per_share_4q_avg": 5.23,
            "equity": null,
            "current_ratio": null,
            "debt_ratio": null,
            "inventory_turnover_ratio": null,
            "account_receivable_turnover_ratio": null,
            "reinvestment_rate": null,
            "research_to_sale_ratio": null,
            "price_fair": 0,
            "eps_avg_yearly": 0,
            "eps_latest_yearly": 0,
            "eps_growth_yearly": 0
        },
        "20134": {
            "year_quarter": 20134,
            "year": 2013,
            "quarter": 4,
            "eps": null,
            "eps_growth_year": null,
            "eps_4q": null,
            "eps_4q_growth_year": null,
            "roe": null,
            "roe_4q": 0,
            "gross_profit": null,
            "gross_margin": null,
            "gross_margin_4q_avg": 0,
            "net_income": null,
            "net_income_4q": null,
            "revenue": null,
            "revenue_4q": null,
            "common_shares": 452416,
            "book_valuer_per_share": null,
            "book_valuer_per_share_4q_avg": 0,
            "equity": 987023,
            "current_ratio": null,
            "debt_ratio": null,
            "inventory_turnover_ratio": null,
            "account_receivable_turnover_ratio": null,
            "reinvestment_rate": null,
            "research_to_sale_ratio": null,
            "price_fair": 0,
            "eps_avg_yearly": 0,
            "eps_latest_yearly": 0,
            "eps_growth_yearly": 0
        },
        "20141": {
            "year_quarter": 20141,
            "year": 2014,
            "quarter": 1,
            "eps": null,
            "eps_growth_year": null,
            "eps_4q": null,
            "eps_4q_growth_year": null,
            "roe": null,
            "roe_4q": 0,
            "gross_profit": 178327,
            "gross_margin": null,
            "gross_margin_4q_avg": 0,
            "net_income": 133112,
            "net_income_4q": null,
            "revenue": 284013,
            "revenue_4q": null,
            "common_shares": 452416,
            "book_valuer_per_share": null,
            "book_valuer_per_share_4q_avg": 0,
            "equity": 1120135,
            "current_ratio": null,
            "debt_ratio": null,
            "inventory_turnover_ratio": null,
            "account_receivable_turnover_ratio": null,
            "reinvestment_rate": null,
            "research_to_sale_ratio": null,
            "price_fair": 0,
            "eps_avg_yearly": 0,
            "eps_latest_yearly": 0,
            "eps_growth_yearly": 0
        },
        "20142": {
            "year_quarter": 20142,
            "year": 2014,
            "quarter": 2,
            "eps": null,
            "eps_growth_year": null,
            "eps_4q": null,
            "eps_4q_growth_year": null,
            "roe": null,
            "roe_4q": 0,
            "gross_profit": 203026,
            "gross_margin": null,
            "gross_margin_4q_avg": 0,
            "net_income": 147593,
            "net_income_4q": null,
            "revenue": 332753,
            "revenue_4q": null,
            "common_shares": 552891,
            "book_valuer_per_share": 20.87,
            "book_valuer_per_share_4q_avg": 5.22,
            "equity": 1153865,
            "current_ratio": 407.81,
            "debt_ratio": 15.06,
            "inventory_turnover_ratio": null,
            "account_receivable_turnover_ratio": null,
            "reinvestment_rate": null,
            "research_to_sale_ratio": null,
            "price_fair": 0,
            "eps_avg_yearly": 0,
            "eps_latest_yearly": 0,
            "eps_growth_yearly": 0
        },
        "20143": {
            "year_quarter": 20143,
            "year": 2014,
            "quarter": 3,
            "eps": null,
            "eps_growth_year": null,
            "eps_4q": null,
            "eps_4q_growth_year": null,
            "roe": null,
            "roe_4q": 0,
            "gross_profit": 200232,
            "gross_margin": null,
            "gross_margin_4q_avg": 0,
            "net_income": 147740,
            "net_income_4q": null,
            "revenue": 324300,
            "revenue_4q": null,
            "common_shares": 552891,
            "book_valuer_per_share": 23.54,
            "book_valuer_per_share_4q_avg": 11.1,
            "equity": 1301605,
            "current_ratio": 404.05,
            "debt_ratio": 16,
            "inventory_turnover_ratio": null,
            "account_receivable_turnover_ratio": null,
            "reinvestment_rate": null,
            "research_to_sale_ratio": null,
            "price_fair": 0,
            "eps_avg_yearly": 0,
            "eps_latest_yearly": 0,
            "eps_growth_yearly": 0
        },
        "20144": {
            "year_quarter": 20144,
            "year": 2014,
            "quarter": 4,
            "eps": null,
            "eps_growth_year": null,
            "eps_4q": null,
            "eps_4q_growth_year": null,
            "roe": null,
            "roe_4q": 0,
            "gross_profit": 218926,
            "gross_margin": null,
            "gross_margin_4q_avg": 0,
            "net_income": 185443,
            "net_income_4q": null,
            "revenue": 366197,
            "revenue_4q": null,
            "common_shares": 552891,
            "book_valuer_per_share": 26.88,
            "book_valuer_per_share_4q_avg": 17.82,
            "equity": 1486159,
            "current_ratio": 379.17,
            "debt_ratio": 16.69,
            "inventory_turnover_ratio": null,
            "account_receivable_turnover_ratio": null,
            "reinvestment_rate": null,
            "research_to_sale_ratio": null,
            "price_fair": 0,
            "eps_avg_yearly": 0,
            "eps_latest_yearly": 0,
            "eps_growth_yearly": 0
        },
        "20151": {
            "year_quarter": 20151,
            "year": 2015,
            "quarter": 1,
            "eps": 3.3,
            "eps_growth_year": null,
            "eps_4q": 3.3,
            "eps_4q_growth_year": null,
            "roe": 11.58,
            "roe_4q": 11.58,
            "gross_profit": 250240,
            "gross_margin": 64.39,
            "gross_margin_4q_avg": 16.1,
            "net_income": 182653,
            "net_income_4q": null,
            "revenue": 388655,
            "revenue_4q": null,
            "common_shares": 552891,
            "book_valuer_per_share": 30.18,
            "book_valuer_per_share_4q_avg": 25.37,
            "equity": 1668812,
            "current_ratio": 361.41,
            "debt_ratio": 17.97,
            "inventory_turnover_ratio": 1.08,
            "account_receivable_turnover_ratio": 1.09,
            "reinvestment_rate": null,
            "research_to_sale_ratio": 3.22,
            "price_fair": 0,
            "eps_avg_yearly": 0,
            "eps_latest_yearly": 0,
            "eps_growth_yearly": 0
        },
        "20152": {
            "year_quarter": 20152,
            "year": 2015,
            "quarter": 2,
            "eps": 3.92,
            "eps_growth_year": null,
            "eps_4q": 6.2,
            "eps_4q_growth_year": null,
            "roe": 13.85,
            "roe_4q": 25.43,
            "gross_profit": 300204,
            "gross_margin": 64.34,
            "gross_margin_4q_avg": 32.18,
            "net_income": 216621,
            "net_income_4q": null,
            "revenue": 466560,
            "revenue_4q": null,
            "common_shares": 552891,
            "book_valuer_per_share": 26.4,
            "book_valuer_per_share_4q_avg": 26.75,
            "equity": 1459895,
            "current_ratio": 191.3,
            "debt_ratio": 33.87,
            "inventory_turnover_ratio": 1.23,
            "account_receivable_turnover_ratio": 1.05,
            "reinvestment_rate": null,
            "research_to_sale_ratio": 3.01,
            "price_fair": 548.8,
            "eps_avg_yearly": 15.68,
            "eps_latest_yearly": 15.68,
            "eps_growth_yearly": 75.15
        },
        "20153": {
            "year_quarter": 20153,
            "year": 2015,
            "quarter": 3,
            "eps": 4.06,
            "eps_growth_year": null,
            "eps_4q": 9.7,
            "eps_4q_growth_year": null,
            "roe": 11.77,
            "roe_4q": 37.199999999999996,
            "gross_profit": 368492,
            "gross_margin": 66.79,
            "gross_margin_4q_avg": 48.88,
            "net_income": 278866,
            "net_income_4q": null,
            "revenue": 551680,
            "revenue_4q": null,
            "common_shares": 699098,
            "book_valuer_per_share": 46.91,
            "book_valuer_per_share_4q_avg": 32.59,
            "equity": 3279321,
            "current_ratio": 898.59,
            "debt_ratio": 8.34,
            "inventory_turnover_ratio": 1.39,
            "account_receivable_turnover_ratio": 1.03,
            "reinvestment_rate": null,
            "research_to_sale_ratio": 4.17,
            "price_fair": 558.6,
            "eps_avg_yearly": 15.96,
            "eps_latest_yearly": 16.24,
            "eps_growth_yearly": 44.72
        },
        "20154": {
            "year_quarter": 20154,
            "year": 2015,
            "quarter": 4,
            "eps": 4.45,
            "eps_growth_year": null,
            "eps_4q": 14.15,
            "eps_4q_growth_year": null,
            "roe": 9.05,
            "roe_4q": 46.25,
            "gross_profit": 417515,
            "gross_margin": 67.25,
            "gross_margin_4q_avg": 65.69,
            "net_income": 310792,
            "net_income_4q": null,
            "revenue": 620865,
            "revenue_4q": null,
            "common_shares": 699098,
            "book_valuer_per_share": 51.34,
            "book_valuer_per_share_4q_avg": 38.71,
            "equity": 3589017,
            "current_ratio": 745.69,
            "debt_ratio": 10.12,
            "inventory_turnover_ratio": 1.48,
            "account_receivable_turnover_ratio": 1.06,
            "reinvestment_rate": null,
            "research_to_sale_ratio": 4.46,
            "price_fair": 580.07,
            "eps_avg_yearly": 16.57,
            "eps_latest_yearly": 17.8,
            "eps_growth_yearly": 42.62
        },
        "20161": {
            "year_quarter": 20161,
            "year": 2016,
            "quarter": 1,
            "eps": 4.45,
            "eps_growth_year": 34.85,
            "eps_4q": 15.98,
            "eps_4q_growth_year": 383.79,
            "roe": 8.31,
            "roe_4q": 42.98,
            "gross_profit": 425239,
            "gross_margin": 68.01,
            "gross_margin_4q_avg": 66.6,
            "net_income": 311064,
            "net_income_4q": null,
            "revenue": 625227,
            "revenue_4q": null,
            "common_shares": 699098,
            "book_valuer_per_share": 55.79,
            "book_valuer_per_share_4q_avg": 45.11,
            "equity": 3900081,
            "current_ratio": 629.56,
            "debt_ratio": 12.06,
            "inventory_turnover_ratio": 1.35,
            "account_receivable_turnover_ratio": 1.02,
            "reinvestment_rate": null,
            "research_to_sale_ratio": 4.38,
            "price_fair": 590.8,
            "eps_avg_yearly": 16.88,
            "eps_latest_yearly": 17.8,
            "eps_growth_yearly": 31.97
        },
        "20162": {
            "year_quarter": 20162,
            "year": 2016,
            "quarter": 2,
            "eps": 4.15,
            "eps_growth_year": 5.87,
            "eps_4q": 13.1,
            "eps_4q_growth_year": 111.33,
            "roe": 7.77,
            "roe_4q": 36.9,
            "gross_profit": 407737,
            "gross_margin": 63.29,
            "gross_margin_4q_avg": 66.34,
            "net_income": 289899,
            "net_income_4q": null,
            "revenue": 644235,
            "revenue_4q": null,
            "common_shares": 699098,
            "book_valuer_per_share": 50.93,
            "book_valuer_per_share_4q_avg": 51.24,
            "equity": 3560792,
            "current_ratio": 331.31,
            "debt_ratio": 23.34,
            "inventory_turnover_ratio": 1.45,
            "account_receivable_turnover_ratio": 1.06,
            "reinvestment_rate": null,
            "research_to_sale_ratio": 4.29,
            "price_fair": 507.73,
            "eps_avg_yearly": 16.82,
            "eps_latest_yearly": 16.6,
            "eps_growth_yearly": 20.18
        },
        "20163": {
            "year_quarter": 20163,
            "year": 2016,
            "quarter": 3,
            "eps": 2.08,
            "eps_growth_year": -48.77,
            "eps_4q": 12.06,
            "eps_4q_growth_year": 24.32,
            "roe": 5.14,
            "roe_4q": 30.27,
            "gross_profit": 282420,
            "gross_margin": 57.62,
            "gross_margin_4q_avg": 64.04,
            "net_income": 188725,
            "net_income_4q": null,
            "revenue": 490184,
            "revenue_4q": null,
            "common_shares": 912577,
            "book_valuer_per_share": 41.41,
            "book_valuer_per_share_4q_avg": 49.87,
            "equity": 3778784,
            "current_ratio": 1056.16,
            "debt_ratio": 7.08,
            "inventory_turnover_ratio": 1.18,
            "account_receivable_turnover_ratio": 0.99,
            "reinvestment_rate": null,
            "research_to_sale_ratio": 5.16,
            "price_fair": 46.22,
            "eps_avg_yearly": 15.41,
            "eps_latest_yearly": 8.32,
            "eps_growth_yearly": -16.44
        },
        "20164": {
            "year_quarter": 20164,
            "year": 2016,
            "quarter": 4,
            "eps": 0.95,
            "eps_growth_year": -78.71,
            "eps_4q": 9.66,
            "eps_4q_growth_year": -31.7,
            "roe": 2.28,
            "roe_4q": 23.5,
            "gross_profit": 142967,
            "gross_margin": 40.8,
            "gross_margin_4q_avg": 57.43,
            "net_income": 85759,
            "net_income_4q": null,
            "revenue": 350417,
            "revenue_4q": null,
            "common_shares": 912577,
            "book_valuer_per_share": 41.18,
            "book_valuer_per_share_4q_avg": 47.33,
            "equity": 3731407,
            "current_ratio": 879.5,
            "debt_ratio": 8.51,
            "inventory_turnover_ratio": 1.14,
            "account_receivable_turnover_ratio": 1.07,
            "reinvestment_rate": null,
            "research_to_sale_ratio": 7.8,
            "price_fair": 41.25,
            "eps_avg_yearly": 13.75,
            "eps_latest_yearly": 3.8,
            "eps_growth_yearly": -45.13
        },
        "20171": {
            "year_quarter": 20171,
            "year": 2017,
            "quarter": 1,
            "eps": 0.97,
            "eps_growth_year": -78.2,
            "eps_4q": 7.19,
            "eps_4q_growth_year": -55.01,
            "roe": 2.3,
            "roe_4q": 17.49,
            "gross_profit": 179751,
            "gross_margin": 47.78,
            "gross_margin_4q_avg": 52.37,
            "net_income": 87123,
            "net_income_4q": null,
            "revenue": 376225,
            "revenue_4q": null,
            "common_shares": 906077,
            "book_valuer_per_share": 42.29,
            "book_valuer_per_share_4q_avg": 43.95,
            "equity": 3832168,
            "current_ratio": 940.68,
            "debt_ratio": 8.05,
            "inventory_turnover_ratio": 1.1,
            "account_receivable_turnover_ratio": 1.57,
            "reinvestment_rate": null,
            "research_to_sale_ratio": 8.19,
            "price_fair": 37.55,
            "eps_avg_yearly": 12.52,
            "eps_latest_yearly": 3.88,
            "eps_growth_yearly": -38.44
        },
        "20172": {
            "year_quarter": 20172,
            "year": 2017,
            "quarter": 2,
            "eps": 1.62,
            "eps_growth_year": -60.96,
            "eps_4q": 5.6,
            "eps_4q_growth_year": -57.22,
            "roe": 4.11,
            "roe_4q": 13.829999999999998,
            "gross_profit": 243613,
            "gross_margin": 50.86,
            "gross_margin_4q_avg": 49.27,
            "net_income": 146054,
            "net_income_4q": null,
            "revenue": 478976,
            "revenue_4q": null,
            "common_shares": 905897,
            "book_valuer_per_share": 36.08,
            "book_valuer_per_share_4q_avg": 40.24,
            "equity": 3268478,
            "current_ratio": 1084.08,
            "debt_ratio": 6.5,
            "inventory_turnover_ratio": 1.28,
            "account_receivable_turnover_ratio": 1.62,
            "reinvestment_rate": null,
            "research_to_sale_ratio": 8.01,
            "price_fair": 35.53,
            "eps_avg_yearly": 11.84,
            "eps_latest_yearly": 6.48,
            "eps_growth_yearly": -4.39
        },
        "20173": {
            "year_quarter": 20173,
            "year": 2017,
            "quarter": 3,
            "eps": 2.18,
            "eps_growth_year": 4.81,
            "eps_4q": 5.7,
            "eps_4q_growth_year": -52.77,
            "roe": 5.84,
            "roe_4q": 14.53,
            "gross_profit": 320859,
            "gross_margin": 57.74,
            "gross_margin_4q_avg": 49.3,
            "net_income": 196990,
            "net_income_4q": null,
            "revenue": 555733,
            "revenue_4q": null,
            "common_shares": 905897,
            "book_valuer_per_share": 38.42,
            "book_valuer_per_share_4q_avg": 39.49,
            "equity": 3480442,
            "current_ratio": 863.21,
            "debt_ratio": 8.03,
            "inventory_turnover_ratio": 1.05,
            "account_receivable_turnover_ratio": 1.43,
            "reinvestment_rate": null,
            "research_to_sale_ratio": 8.88,
            "price_fair": 229.26,
            "eps_avg_yearly": 11.53,
            "eps_latest_yearly": 8.72,
            "eps_growth_yearly": 9.88
        },
        "20174": {
            "year_quarter": 20174,
            "year": 2017,
            "quarter": 4,
            "eps": 2.49,
            "eps_growth_year": 162.95,
            "eps_4q": 7.24,
            "eps_4q_growth_year": -25.08,
            "roe": 6.26,
            "roe_4q": 18.51,
            "gross_profit": 358814,
            "gross_margin": 57.16,
            "gross_margin_4q_avg": 53.39,
            "net_income": 225402,
            "net_income_4q": null,
            "revenue": 627684,
            "revenue_4q": null,
            "common_shares": 905732,
            "book_valuer_per_share": 41.08,
            "book_valuer_per_share_4q_avg": 39.47,
            "equity": 3721196,
            "current_ratio": 834.09,
            "debt_ratio": 8.12,
            "inventory_turnover_ratio": 1.14,
            "account_receivable_turnover_ratio": 1.52,
            "reinvestment_rate": 20.33,
            "research_to_sale_ratio": 9.36,
            "price_fair": 275.08,
            "eps_avg_yearly": 11.39,
            "eps_latest_yearly": 9.96,
            "eps_growth_yearly": 14.15
        },
        "20181": {
            "year_quarter": 20181,
            "year": 2018,
            "quarter": 1,
            "eps": 2.01,
            "eps_growth_year": 107.22,
            "eps_4q": 8.28,
            "eps_4q_growth_year": 15.1,
            "roe": 4.74,
            "roe_4q": 20.95,
            "gross_profit": 316034,
            "gross_margin": 54.71,
            "gross_margin_4q_avg": 55.12,
            "net_income": 181181,
            "net_income_4q": null,
            "revenue": 577654,
            "revenue_4q": null,
            "common_shares": 905732,
            "book_valuer_per_share": 43.25,
            "book_valuer_per_share_4q_avg": 39.71,
            "equity": 3917350,
            "current_ratio": 717.6,
            "debt_ratio": 9.46,
            "inventory_turnover_ratio": 1.17,
            "account_receivable_turnover_ratio": 1.33,
            "reinvestment_rate": 22.05,
            "research_to_sale_ratio": 9.49,
            "price_fair": 183.85,
            "eps_avg_yearly": 11.11,
            "eps_latest_yearly": 8.04,
            "eps_growth_yearly": 6.55
        },
        "20182": {
            "year_quarter": 20182,
            "year": 2018,
            "quarter": 2,
            "eps": 1.62,
            "eps_growth_year": 0,
            "eps_4q": 8.27,
            "eps_4q_growth_year": 47.64,
            "roe": 3.87,
            "roe_4q": 20.71,
            "gross_profit": 257379,
            "gross_margin": 51.21,
            "gross_margin_4q_avg": 55.21,
            "net_income": 145791,
            "net_income_4q": null,
            "revenue": 502628,
            "revenue_4q": null,
            "common_shares": 905732,
            "book_valuer_per_share": 40.03,
            "book_valuer_per_share_4q_avg": 40.7,
            "equity": 3625254,
            "current_ratio": 385.25,
            "debt_ratio": 17.78,
            "inventory_turnover_ratio": 1,
            "account_receivable_turnover_ratio": 1.03,
            "reinvestment_rate": 24.35,
            "research_to_sale_ratio": 9.88,
            "price_fair": 107.54,
            "eps_avg_yearly": 10.75,
            "eps_latest_yearly": 6.48,
            "eps_growth_yearly": 0.07
        },
        "20183": {
            "year_quarter": 20183,
            "year": 2018,
            "quarter": 3,
            "eps": 1.71,
            "eps_growth_year": -21.56,
            "eps_4q": 7.77,
            "eps_4q_growth_year": 36.35,
            "roe": 4.15,
            "roe_4q": 19.02,
            "gross_profit": 329210,
            "gross_margin": 54.38,
            "gross_margin_4q_avg": 54.37,
            "net_income": 154113,
            "net_income_4q": null,
            "revenue": 605346,
            "revenue_4q": null,
            "common_shares": 909802,
            "book_valuer_per_share": 41.85,
            "book_valuer_per_share_4q_avg": 41.55,
            "equity": 3807740,
            "current_ratio": 701.63,
            "debt_ratio": 9.41,
            "inventory_turnover_ratio": 1.03,
            "account_receivable_turnover_ratio": 1.17,
            "reinvestment_rate": 26.48,
            "research_to_sale_ratio": 17.32,
            "price_fair": 122.09,
            "eps_avg_yearly": 10.47,
            "eps_latest_yearly": 6.84,
            "eps_growth_yearly": 1.66
        },
        "20184": {
            "year_quarter": 20184,
            "year": 2018,
            "quarter": 4,
            "eps": 2.37,
            "eps_growth_year": -4.72,
            "eps_4q": 7.66,
            "eps_4q_growth_year": 5.82,
            "roe": 5.5,
            "roe_4q": 18.259999999999998,
            "gross_profit": 373238,
            "gross_margin": 55.17,
            "gross_margin_4q_avg": 53.87,
            "net_income": 215737,
            "net_income_4q": null,
            "revenue": 676577,
            "revenue_4q": null,
            "common_shares": 909802,
            "book_valuer_per_share": 44.33,
            "book_valuer_per_share_4q_avg": 42.37,
            "equity": 4032924,
            "current_ratio": 682.7,
            "debt_ratio": 9.37,
            "inventory_turnover_ratio": 1.16,
            "account_receivable_turnover_ratio": 1.34,
            "reinvestment_rate": 28,
            "research_to_sale_ratio": 12.4,
            "price_fair": 227.29,
            "eps_avg_yearly": 10.41,
            "eps_latest_yearly": 9.48,
            "eps_growth_yearly": 11.84
        },
        "20191": {
            "year_quarter": 20191,
            "year": 2019,
            "quarter": 1,
            "eps": 0.87,
            "eps_growth_year": -56.72,
            "eps_4q": 6.54,
            "eps_4q_growth_year": -21.01,
            "roe": 1.94,
            "roe_4q": 15.46,
            "gross_profit": 198217,
            "gross_margin": 44.45,
            "gross_margin_4q_avg": 51.3,
            "net_income": 79042,
            "net_income_4q": null,
            "revenue": 445928,
            "revenue_4q": null,
            "common_shares": 909682,
            "book_valuer_per_share": 45.31,
            "book_valuer_per_share_4q_avg": 42.88,
            "equity": 4121579,
            "current_ratio": 611.83,
            "debt_ratio": 15.78,
            "inventory_turnover_ratio": 1.01,
            "account_receivable_turnover_ratio": 1.11,
            "reinvestment_rate": 32.13,
            "research_to_sale_ratio": 16.29,
            "price_fair": 29.93,
            "eps_avg_yearly": 9.98,
            "eps_latest_yearly": 3.48,
            "eps_growth_yearly": -4.72
        },
        "20192": {
            "year_quarter": 20192,
            "year": 2019,
            "quarter": 2,
            "eps": 1.39,
            "eps_growth_year": -14.2,
            "eps_4q": 6.32,
            "eps_4q_growth_year": -23.63,
            "roe": 3.17,
            "roe_4q": 14.76,
            "gross_profit": 285538,
            "gross_margin": 50.11,
            "gross_margin_4q_avg": 51.03,
            "net_income": 125751,
            "net_income_4q": null,
            "revenue": 569769,
            "revenue_4q": null,
            "common_shares": 909512,
            "book_valuer_per_share": 41.8,
            "book_valuer_per_share_4q_avg": 43.32,
            "equity": 3802101,
            "current_ratio": 283.3,
            "debt_ratio": 24.75,
            "inventory_turnover_ratio": 1.14,
            "account_receivable_turnover_ratio": 1.54,
            "reinvestment_rate": 41.74,
            "research_to_sale_ratio": 14.23,
            "price_fair": 145,
            "eps_avg_yearly": 9.34,
            "eps_latest_yearly": 5.56,
            "eps_growth_yearly": 5.52
        },
        "20193": {
            "year_quarter": 20193,
            "year": 2019,
            "quarter": 3,
            "eps": 1.54,
            "eps_growth_year": -9.94,
            "eps_4q": 6.16,
            "eps_4q_growth_year": -20.7,
            "roe": 3.6,
            "roe_4q": 14.209999999999999,
            "gross_profit": 304339,
            "gross_margin": 50.63,
            "gross_margin_4q_avg": 50.09,
            "net_income": 139562,
            "net_income_4q": null,
            "revenue": 601101,
            "revenue_4q": null,
            "common_shares": 909512,
            "book_valuer_per_share": 43.44,
            "book_valuer_per_share_4q_avg": 43.72,
            "equity": 3951276,
            "current_ratio": 886.76,
            "debt_ratio": 12.01,
            "inventory_turnover_ratio": 1.21,
            "account_receivable_turnover_ratio": 1.36,
            "reinvestment_rate": 44.41,
            "research_to_sale_ratio": 16.38,
            "price_fair": 150.95,
            "eps_avg_yearly": 8.71,
            "eps_latest_yearly": 6.16,
            "eps_growth_yearly": 7.33
        },
        "20194": {
            "year_quarter": 20194,
            "year": 2019,
            "quarter": 4,
            "eps": 1.16,
            "eps_growth_year": -50.95,
            "eps_4q": 4.95,
            "eps_4q_growth_year": -35.38,
            "roe": 2.64,
            "roe_4q": 11.35,
            "gross_profit": 239213,
            "gross_margin": 46.05,
            "gross_margin_4q_avg": 47.81,
            "net_income": 105795,
            "net_income_4q": null,
            "revenue": 519472,
            "revenue_4q": null,
            "common_shares": 909512,
            "book_valuer_per_share": 44.71,
            "book_valuer_per_share_4q_avg": 43.82,
            "equity": 4066471,
            "current_ratio": 442.65,
            "debt_ratio": 15.82,
            "inventory_turnover_ratio": 1.31,
            "account_receivable_turnover_ratio": 1.19,
            "reinvestment_rate": 57.47,
            "research_to_sale_ratio": 14.87,
            "price_fair": 23.67,
            "eps_avg_yearly": 7.89,
            "eps_latest_yearly": 4.64,
            "eps_growth_yearly": -1.24
        },
        "20201": {
            "year_quarter": 20201,
            "year": 2020,
            "quarter": 1,
            "eps": 1.08,
            "eps_growth_year": 24.14,
            "eps_4q": 5.16,
            "eps_4q_growth_year": -21.09,
            "roe": 2.38,
            "roe_4q": 11.79,
            "gross_profit": 225797,
            "gross_margin": 46.35,
            "gross_margin_4q_avg": 48.29,
            "net_income": 97966,
            "net_income_4q": null,
            "revenue": 487207,
            "revenue_4q": null,
            "common_shares": 909327,
            "book_valuer_per_share": 45.89,
            "book_valuer_per_share_4q_avg": 43.96,
            "equity": 4173259,
            "current_ratio": 517.07,
            "debt_ratio": 14.97,
            "inventory_turnover_ratio": 1.23,
            "account_receivable_turnover_ratio": 1.15,
            "reinvestment_rate": 55.49,
            "research_to_sale_ratio": 13.93,
            "price_fair": 21.14,
            "eps_avg_yearly": 7.05,
            "eps_latest_yearly": 4.32,
            "eps_growth_yearly": -2.97
        },
        "20202": {
            "year_quarter": 20202,
            "year": 2020,
            "quarter": 2,
            "eps": 0.98,
            "eps_growth_year": -29.5,
            "eps_4q": 4.75,
            "eps_4q_growth_year": -24.81,
            "roe": 2.2,
            "roe_4q": 10.82,
            "gross_profit": 249901,
            "gross_margin": 46.89,
            "gross_margin_4q_avg": 47.48,
            "net_income": 88690,
            "net_income_4q": null,
            "revenue": 532959,
            "revenue_4q": null,
            "common_shares": 909327,
            "book_valuer_per_share": 42.97,
            "book_valuer_per_share_4q_avg": 44.25,
            "equity": 3907072,
            "current_ratio": 292.89,
            "debt_ratio": 21.4,
            "inventory_turnover_ratio": 1.29,
            "account_receivable_turnover_ratio": 1.21,
            "reinvestment_rate": 62.16,
            "research_to_sale_ratio": 16.4,
            "price_fair": 18.77,
            "eps_avg_yearly": 6.26,
            "eps_latest_yearly": 3.92,
            "eps_growth_yearly": -3.6
        },
        "20203": {
            "year_quarter": 20203,
            "year": 2020,
            "quarter": 3,
            "eps": 1.94,
            "eps_growth_year": 25.97,
            "eps_4q": 5.13,
            "eps_4q_growth_year": -16.68,
            "roe": 4.4,
            "roe_4q": 11.620000000000001,
            "gross_profit": 314359,
            "gross_margin": 52.16,
            "gross_margin_4q_avg": 47.86,
            "net_income": 176357,
            "net_income_4q": null,
            "revenue": 602681,
            "revenue_4q": null,
            "common_shares": 913732,
            "book_valuer_per_share": 45,
            "book_valuer_per_share_4q_avg": 44.64,
            "equity": 4112239,
            "current_ratio": 509.17,
            "debt_ratio": 14.69,
            "inventory_turnover_ratio": 1.45,
            "account_receivable_turnover_ratio": 1.24,
            "reinvestment_rate": 61.83,
            "research_to_sale_ratio": 9.55,
            "price_fair": 217.7,
            "eps_avg_yearly": 6.22,
            "eps_latest_yearly": 7.76,
            "eps_growth_yearly": 33.36
        },
        "20204": {
            "year_quarter": 20204,
            "year": 2020,
            "quarter": 4,
            "eps": 2.49,
            "eps_growth_year": 114.26,
            "eps_4q": 6.47,
            "eps_4q_growth_year": 30.62,
            "roe": 5.38,
            "roe_4q": 14.36,
            "gross_profit": 374421,
            "gross_margin": 54.56,
            "gross_margin_4q_avg": 49.99,
            "net_income": 227723,
            "net_income_4q": null,
            "revenue": 686242,
            "revenue_4q": null,
            "common_shares": 913732,
            "book_valuer_per_share": 47.6,
            "book_valuer_per_share_4q_avg": 45.37,
            "equity": 4349102,
            "current_ratio": 463.84,
            "debt_ratio": 16.23,
            "inventory_turnover_ratio": 1.56,
            "account_receivable_turnover_ratio": 1.2,
            "reinvestment_rate": 56.01,
            "research_to_sale_ratio": 8.93,
            "price_fair": 231.18,
            "eps_avg_yearly": 6.61,
            "eps_latest_yearly": 9.96,
            "eps_growth_yearly": 54.03
        },
        "20211": {
            "year_quarter": 20211,
            "year": 2021,
            "quarter": 1,
            "eps": 2.13,
            "eps_growth_year": 97.22,
            "eps_4q": 7.51,
            "eps_4q_growth_year": 45.66,
            "roe": 4.35,
            "roe_4q": 16.330000000000002,
            "gross_profit": 324560,
            "gross_margin": 53.74,
            "gross_margin_4q_avg": 51.84,
            "net_income": 193779,
            "net_income_4q": null,
            "revenue": 603995,
            "revenue_4q": null,
            "common_shares": 913692,
            "book_valuer_per_share": 49.84,
            "book_valuer_per_share_4q_avg": 46.35,
            "equity": 4553921,
            "current_ratio": 507.89,
            "debt_ratio": 15.74,
            "inventory_turnover_ratio": 1.32,
            "account_receivable_turnover_ratio": 0.99,
            "reinvestment_rate": 52.36,
            "research_to_sale_ratio": 8.14,
            "price_fair": 241.33,
            "eps_avg_yearly": 6.9,
            "eps_latest_yearly": 8.52,
            "eps_growth_yearly": 49.89
        },
        "20212": {
            "year_quarter": 20212,
            "year": 2021,
            "quarter": 2,
            "eps": 1.16,
            "eps_growth_year": 18.37,
            "eps_4q": 7.69,
            "eps_4q_growth_year": 61.93,
            "roe": 2.4,
            "roe_4q": 16.53,
            "gross_profit": 237164,
            "gross_margin": 43.92,
            "gross_margin_4q_avg": 51.1,
            "net_income": 105059,
            "net_income_4q": null,
            "revenue": 539995,
            "revenue_4q": null,
            "common_shares": 913692,
            "book_valuer_per_share": 46.11,
            "book_valuer_per_share_4q_avg": 47.14,
            "equity": 4213175,
            "current_ratio": 290.26,
            "debt_ratio": 22.74,
            "inventory_turnover_ratio": 1.32,
            "account_receivable_turnover_ratio": 1.02,
            "reinvestment_rate": 49.95,
            "research_to_sale_ratio": 8.8,
            "price_fair": 215.28,
            "eps_avg_yearly": 6.78,
            "eps_latest_yearly": 4.64,
            "eps_growth_yearly": 21.75
        },
        "20213": {
            "year_quarter": 20213,
            "year": 2021,
            "quarter": 3,
            "eps": 0.35,
            "eps_growth_year": -81.96,
            "eps_4q": 6.11,
            "eps_4q_growth_year": 19.11,
            "roe": 0.75,
            "roe_4q": 12.879999999999999,
            "gross_profit": 125186,
            "gross_margin": 32.76,
            "gross_margin_4q_avg": 46.25,
            "net_income": 31826,
            "net_income_4q": null,
            "revenue": 382074,
            "revenue_4q": null,
            "common_shares": 913692,
            "book_valuer_per_share": 46.58,
            "book_valuer_per_share_4q_avg": 47.53,
            "equity": 4256041,
            "current_ratio": 616.45,
            "debt_ratio": 13.8,
            "inventory_turnover_ratio": 1.01,
            "account_receivable_turnover_ratio": 0.95,
            "reinvestment_rate": 49.67,
            "research_to_sale_ratio": 15.58,
            "price_fair": 18.97,
            "eps_avg_yearly": 6.32,
            "eps_latest_yearly": 1.4,
            "eps_growth_yearly": -4.35
        },
        "20214": {
            "year_quarter": 20214,
            "year": 2021,
            "quarter": 4,
            "eps": 0.08,
            "eps_growth_year": -96.98,
            "eps_4q": 3.69,
            "eps_4q_growth_year": -42.86,
            "roe": 0.16,
            "roe_4q": 7.66,
            "gross_profit": 81547,
            "gross_margin": 23.53,
            "gross_margin_4q_avg": 38.49,
            "net_income": 6880,
            "net_income_4q": null,
            "revenue": 346639,
            "revenue_4q": null,
            "common_shares": 913692,
            "book_valuer_per_share": 46.76,
            "book_valuer_per_share_4q_avg": 47.32,
            "equity": 4272289,
            "current_ratio": 608.8,
            "debt_ratio": 14.23,
            "inventory_turnover_ratio": 0.96,
            "account_receivable_turnover_ratio": 1.09,
            "reinvestment_rate": 48.73,
            "research_to_sale_ratio": 13.96,
            "price_fair": 17.16,
            "eps_avg_yearly": 5.72,
            "eps_latest_yearly": 0.32,
            "eps_growth_yearly": -27.19
        },
        "20221": {
            "year_quarter": 20221,
            "year": 2022,
            "quarter": 1,
            "eps": 0.22,
            "eps_growth_year": -89.67,
            "eps_4q": 1.79,
            "eps_4q_growth_year": -76.19,
            "roe": 0.46,
            "roe_4q": 3.77,
            "gross_profit": 112693,
            "gross_margin": 25.01,
            "gross_margin_4q_avg": 31.31,
            "net_income": 19714,
            "net_income_4q": null,
            "revenue": 450551,
            "revenue_4q": null,
            "common_shares": 913692,
            "book_valuer_per_share": 47.1,
            "book_valuer_per_share_4q_avg": 46.64,
            "equity": 4303043,
            "current_ratio": 542.71,
            "debt_ratio": 15.12,
            "inventory_turnover_ratio": 1.09,
            "account_receivable_turnover_ratio": 1.44,
            "reinvestment_rate": 55.75,
            "research_to_sale_ratio": 15.53,
            "price_fair": 165.46,
            "eps_avg_yearly": 5.27,
            "eps_latest_yearly": 0.88,
            "eps_growth_yearly": 21.38
        },
        "20222": {
            "year_quarter": 20222,
            "year": 2022,
            "quarter": 2,
            "eps": 0.98,
            "eps_growth_year": -15.52,
            "eps_4q": 1.62,
            "eps_4q_growth_year": -78.95,
            "roe": 2.14,
            "roe_4q": 3.5100000000000002,
            "gross_profit": 195652,
            "gross_margin": 32.57,
            "gross_margin_4q_avg": 28.47,
            "net_income": 89529,
            "net_income_4q": null,
            "revenue": 600751,
            "revenue_4q": null,
            "common_shares": 913692,
            "book_valuer_per_share": 44.7,
            "book_valuer_per_share_4q_avg": 46.29,
            "equity": 4083820,
            "current_ratio": 325.73,
            "debt_ratio": 20.99,
            "inventory_turnover_ratio": 1.22,
            "account_receivable_turnover_ratio": 1.56,
            "reinvestment_rate": 52.9,
            "research_to_sale_ratio": 10.03,
            "price_fair": 178.94,
            "eps_avg_yearly": 5.11,
            "eps_latest_yearly": 3.92,
            "eps_growth_yearly": 112.6
        },
        "20223": {
            "year_quarter": 20223,
            "year": 2022,
            "quarter": 3,
            "eps": 1.13,
            "eps_growth_year": 222.86,
            "eps_4q": 2.38,
            "eps_4q_growth_year": -60.98,
            "roe": 2.48,
            "roe_4q": 5.24,
            "gross_profit": 202624,
            "gross_margin": 30.65,
            "gross_margin_4q_avg": 27.94,
            "net_income": 102967,
            "net_income_4q": null,
            "revenue": 661065,
            "revenue_4q": null,
            "common_shares": 918677,
            "book_valuer_per_share": 46.07,
            "book_valuer_per_share_4q_avg": 46.16,
            "equity": 4232707,
            "current_ratio": 539.86,
            "debt_ratio": 15.11,
            "inventory_turnover_ratio": 1.34,
            "account_receivable_turnover_ratio": 1.4,
            "reinvestment_rate": 46.29,
            "research_to_sale_ratio": 9.71,
            "price_fair": 173.86,
            "eps_avg_yearly": 4.97,
            "eps_latest_yearly": 4.52,
            "eps_growth_yearly": 115.03
        },
        "20224": {
            "year_quarter": 20224,
            "year": 2022,
            "quarter": 4,
            "eps": 1.28,
            "eps_growth_year": 1596.06,
            "eps_4q": 3.59,
            "eps_4q_growth_year": -2.9,
            "roe": 2.73,
            "roe_4q": 7.81,
            "gross_profit": 248056,
            "gross_margin": 37.11,
            "gross_margin_4q_avg": 31.34,
            "net_income": 117326,
            "net_income_4q": null,
            "revenue": 668518,
            "revenue_4q": null,
            "common_shares": 918677,
            "book_valuer_per_share": 47.42,
            "book_valuer_per_share_4q_avg": 46.32,
            "equity": 4356539,
            "current_ratio": 558.64,
            "debt_ratio": 14.87,
            "inventory_turnover_ratio": 1.16,
            "account_receivable_turnover_ratio": 1.39,
            "reinvestment_rate": 35.3,
            "research_to_sale_ratio": 11.13,
            "price_fair": 164.33,
            "eps_avg_yearly": 4.7,
            "eps_latest_yearly": 5.12,
            "eps_growth_yearly": 108.7
        },
        "20231": {
            "year_quarter": 20231,
            "year": 2023,
            "quarter": 1,
            "eps": -0.33,
            "eps_growth_year": -250,
            "eps_4q": 3.04,
            "eps_4q_growth_year": 70.13,
            "roe": -0.72,
            "roe_4q": 6.630000000000001,
            "gross_profit": 56900,
            "gross_margin": 17.38,
            "gross_margin_4q_avg": 29.43,
            "net_income": -30173,
            "net_income_4q": null,
            "revenue": 327423,
            "revenue_4q": null,
            "common_shares": 918677,
            "book_valuer_per_share": 43.66,
            "book_valuer_per_share_4q_avg": 45.46,
            "equity": 4011293,
            "current_ratio": 382.34,
            "debt_ratio": 18.68,
            "inventory_turnover_ratio": 0.73,
            "account_receivable_turnover_ratio": 0.94,
            "reinvestment_rate": 34.77,
            "research_to_sale_ratio": 18.32,
            "price_fair": 167.16,
            "eps_avg_yearly": 4.78,
            "eps_latest_yearly": 5.12,
            "eps_growth_yearly": 132.83
        },
        "20232": {
            "year_quarter": 20232,
            "year": 2023,
            "quarter": 2,
            "eps": -0.45,
            "eps_growth_year": -145.92,
            "eps_4q": 1.62,
            "eps_4q_growth_year": 0.34,
            "roe": -1.02,
            "roe_4q": 3.4699999999999998,
            "gross_profit": 37568,
            "gross_margin": 14.86,
            "gross_margin_4q_avg": 25,
            "net_income": -40863,
            "net_income_4q": null,
            "revenue": 252818,
            "revenue_4q": null,
            "common_shares": 918617,
            "book_valuer_per_share": 43.28,
            "book_valuer_per_share_4q_avg": 45.11,
            "equity": 3976044,
            "current_ratio": 422.28,
            "debt_ratio": 17.64,
            "inventory_turnover_ratio": 0.61,
            "account_receivable_turnover_ratio": 1.02,
            "reinvestment_rate": 9.48,
            "research_to_sale_ratio": 29.78,
            "price_fair": 165.2,
            "eps_avg_yearly": 4.72,
            "eps_latest_yearly": 5.12,
            "eps_growth_yearly": 125.24
        },
        "20233": {
            "year_quarter": 20233,
            "year": 2023,
            "quarter": 3,
            "eps": -1.2,
            "eps_growth_year": -206.19,
            "eps_4q": -0.69,
            "eps_4q_growth_year": -128.9,
            "roe": -2.79,
            "roe_4q": -1.8000000000000003,
            "gross_profit": -35036,
            "gross_margin": -19.57,
            "gross_margin_4q_avg": 12.45,
            "net_income": -109601,
            "net_income_4q": null,
            "revenue": 179049,
            "revenue_4q": null,
            "common_shares": 918617,
            "book_valuer_per_share": 42.33,
            "book_valuer_per_share_4q_avg": 44.17,
            "equity": 3888611,
            "current_ratio": 974.22,
            "debt_ratio": 11.21,
            "inventory_turnover_ratio": 0.63,
            "account_receivable_turnover_ratio": 0.79,
            "reinvestment_rate": -6.5,
            "research_to_sale_ratio": 45.44,
            "price_fair": 161.32,
            "eps_avg_yearly": 4.61,
            "eps_latest_yearly": 5.12,
            "eps_growth_yearly": 131.55
        }
    },
    "months": {
        "2014-07": {
            "month": "2014-07",
            "price": "188.78",
            "revenue": 100150
        },
        "2014-08": {
            "month": "2014-08",
            "price": "182.96",
            "revenue": 111906
        },
        "2014-09": {
            "month": "2014-09",
            "price": "191.46",
            "revenue": 112244
        },
        "2014-10": {
            "month": "2014-10",
            "price": "200.43",
            "revenue": 116403
        },
        "2014-11": {
            "month": "2014-11",
            "price": "197.06",
            "revenue": 129574
        },
        "2014-12": {
            "month": "2014-12",
            "price": "201.94",
            "revenue": 120219
        },
        "2015-01": {
            "month": "2015-01",
            "price": "231.37",
            "revenue": 135920
        },
        "2015-02": {
            "month": "2015-02",
            "price": "273.68",
            "revenue": 107493
        },
        "2015-03": {
            "month": "2015-03",
            "price": "287.85",
            "revenue": 145242
        },
        "2015-04": {
            "month": "2015-04",
            "price": "296.79",
            "revenue": 150148
        },
        "2015-05": {
            "month": "2015-05",
            "price": "300.20",
            "revenue": 151742
        },
        "2015-06": {
            "month": "2015-06",
            "price": "353.95",
            "revenue": 164670
        },
        "2015-07": {
            "month": "2015-07",
            "price": "393.12",
            "revenue": 172626
        },
        "2015-08": {
            "month": "2015-08",
            "price": "409.52",
            "revenue": 187395
        },
        "2015-09": {
            "month": "2015-09",
            "price": "409.80",
            "revenue": 191659
        },
        "2015-10": {
            "month": "2015-10",
            "price": "418.05",
            "revenue": 205349
        },
        "2015-11": {
            "month": "2015-11",
            "price": "426.26",
            "revenue": 210928
        },
        "2015-12": {
            "month": "2015-12",
            "price": "454.35",
            "revenue": 204588
        },
        "2016-01": {
            "month": "2016-01",
            "price": "493.05",
            "revenue": 209359
        },
        "2016-02": {
            "month": "2016-02",
            "price": "534.85",
            "revenue": 185792
        },
        "2016-03": {
            "month": "2016-03",
            "price": "557.74",
            "revenue": 230075
        },
        "2016-04": {
            "month": "2016-04",
            "price": "519.92",
            "revenue": 224726
        },
        "2016-05": {
            "month": "2016-05",
            "price": "444.52",
            "revenue": 226931
        },
        "2016-06": {
            "month": "2016-06",
            "price": "472.67",
            "revenue": 192578
        },
        "2016-07": {
            "month": "2016-07",
            "price": "463.90",
            "revenue": 194557
        },
        "2016-08": {
            "month": "2016-08",
            "price": "392.48",
            "revenue": 182182
        },
        "2016-09": {
            "month": "2016-09",
            "price": "334.68",
            "revenue": 113446
        },
        "2016-10": {
            "month": "2016-10",
            "price": "302.52",
            "revenue": 104394
        },
        "2016-11": {
            "month": "2016-11",
            "price": "244.07",
            "revenue": 117133
        },
        "2016-12": {
            "month": "2016-12",
            "price": "269.23",
            "revenue": 128889
        },
        "2017-01": {
            "month": "2017-01",
            "price": "266.88",
            "revenue": 120359
        },
        "2017-02": {
            "month": "2017-02",
            "price": "315.28",
            "revenue": 125482
        },
        "2017-03": {
            "month": "2017-03",
            "price": "292.78",
            "revenue": 130385
        },
        "2017-04": {
            "month": "2017-04",
            "price": "254.78",
            "revenue": 145668
        },
        "2017-05": {
            "month": "2017-05",
            "price": "281.30",
            "revenue": 162410
        },
        "2017-06": {
            "month": "2017-06",
            "price": "333.52",
            "revenue": 170898
        },
        "2017-07": {
            "month": "2017-07",
            "price": "381.00",
            "revenue": 180159
        },
        "2017-08": {
            "month": "2017-08",
            "price": "383.17",
            "revenue": 184712
        },
        "2017-09": {
            "month": "2017-09",
            "price": "393.05",
            "revenue": 190862
        },
        "2017-10": {
            "month": "2017-10",
            "price": "365.79",
            "revenue": 201796
        },
        "2017-11": {
            "month": "2017-11",
            "price": "404.05",
            "revenue": 210879
        },
        "2017-12": {
            "month": "2017-12",
            "price": "379.26",
            "revenue": 215008
        },
        "2018-01": {
            "month": "2018-01",
            "price": "385.66",
            "revenue": 217061
        },
        "2018-02": {
            "month": "2018-02",
            "price": "357.04",
            "revenue": 165475
        },
        "2018-03": {
            "month": "2018-03",
            "price": "378.43",
            "revenue": 195118
        },
        "2018-04": {
            "month": "2018-04",
            "price": "329.31",
            "revenue": 190059
        },
        "2018-05": {
            "month": "2018-05",
            "price": "297.16",
            "revenue": 190303
        },
        "2018-06": {
            "month": "2018-06",
            "price": "310.65",
            "revenue": 122266
        },
        "2018-07": {
            "month": "2018-07",
            "price": "269.52",
            "revenue": 195239
        },
        "2018-08": {
            "month": "2018-08",
            "price": "257.54",
            "revenue": 200080
        },
        "2018-09": {
            "month": "2018-09",
            "price": "278.82",
            "revenue": 210027
        },
        "2018-10": {
            "month": "2018-10",
            "price": "255.57",
            "revenue": 228223
        },
        "2018-11": {
            "month": "2018-11",
            "price": "234.89",
            "revenue": 232198
        },
        "2018-12": {
            "month": "2018-12",
            "price": "234.74",
            "revenue": 216156
        },
        "2019-01": {
            "month": "2019-01",
            "price": "259.17",
            "revenue": 218123
        },
        "2019-02": {
            "month": "2019-02",
            "price": "301.35",
            "revenue": 133465
        },
        "2019-03": {
            "month": "2019-03",
            "price": "286.15",
            "revenue": 94340
        },
        "2019-04": {
            "month": "2019-04",
            "price": "281.08",
            "revenue": 163227
        },
        "2019-05": {
            "month": "2019-05",
            "price": "250.25",
            "revenue": 200044
        },
        "2019-06": {
            "month": "2019-06",
            "price": "239.74",
            "revenue": 206498
        },
        "2019-07": {
            "month": "2019-07",
            "price": "268.39",
            "revenue": 210383
        },
        "2019-08": {
            "month": "2019-08",
            "price": "247.00",
            "revenue": 206309
        },
        "2019-09": {
            "month": "2019-09",
            "price": "266.08",
            "revenue": 184410
        },
        "2019-10": {
            "month": "2019-10",
            "price": "255.02",
            "revenue": 166754
        },
        "2019-11": {
            "month": "2019-11",
            "price": "255.69",
            "revenue": 171573
        },
        "2019-12": {
            "month": "2019-12",
            "price": "267.57",
            "revenue": 181145
        },
        "2020-01": {
            "month": "2020-01",
            "price": "297.93",
            "revenue": 106443
        },
        "2020-02": {
            "month": "2020-02",
            "price": "271.16",
            "revenue": 180509
        },
        "2020-03": {
            "month": "2020-03",
            "price": "255.05",
            "revenue": 200255
        },
        "2020-04": {
            "month": "2020-04",
            "price": "262.20",
            "revenue": 169976
        },
        "2020-05": {
            "month": "2020-05",
            "price": "272.85",
            "revenue": 176984
        },
        "2020-06": {
            "month": "2020-06",
            "price": "280.80",
            "revenue": 186000
        },
        "2020-07": {
            "month": "2020-07",
            "price": "287.91",
            "revenue": 200640
        },
        "2020-08": {
            "month": "2020-08",
            "price": "261.76",
            "revenue": 191662
        },
        "2020-09": {
            "month": "2020-09",
            "price": "242.11",
            "revenue": 210379
        },
        "2020-10": {
            "month": "2020-10",
            "price": "247.63",
            "revenue": 214579
        },
        "2020-11": {
            "month": "2020-11",
            "price": "275.98",
            "revenue": 235015
        },
        "2020-12": {
            "month": "2020-12",
            "price": "289.35",
            "revenue": 236649
        },
        "2021-01": {
            "month": "2021-01",
            "price": "300.20",
            "revenue": 182492
        },
        "2021-02": {
            "month": "2021-02",
            "price": "286.08",
            "revenue": 198408
        },
        "2021-03": {
            "month": "2021-03",
            "price": "274.93",
            "revenue": 223095
        },
        "2021-04": {
            "month": "2021-04",
            "price": "261.95",
            "revenue": 200489
        },
        "2021-05": {
            "month": "2021-05",
            "price": "236.26",
            "revenue": 194493
        },
        "2021-06": {
            "month": "2021-06",
            "price": "262.19",
            "revenue": 145013
        },
        "2021-07": {
            "month": "2021-07",
            "price": "249.05",
            "revenue": 131680
        },
        "2021-08": {
            "month": "2021-08",
            "price": "227.09",
            "revenue": 150131
        },
        "2021-09": {
            "month": "2021-09",
            "price": "222.15",
            "revenue": 100262
        },
        "2021-10": {
            "month": "2021-10",
            "price": "187.00",
            "revenue": 120077
        },
        "2021-11": {
            "month": "2021-11",
            "price": "197.86",
            "revenue": 110422
        },
        "2021-12": {
            "month": "2021-12",
            "price": "194.55",
            "revenue": 116142
        },
        "2022-01": {
            "month": "2022-01",
            "price": "197.86",
            "revenue": 130095
        },
        "2022-02": {
            "month": "2022-02",
            "price": "190.97",
            "revenue": 150137
        },
        "2022-03": {
            "month": "2022-03",
            "price": "184.41",
            "revenue": 170318
        },
        "2022-04": {
            "month": "2022-04",
            "price": "161.32",
            "revenue": 185553
        },
        "2022-05": {
            "month": "2022-05",
            "price": "138.19",
            "revenue": 203105
        },
        "2022-06": {
            "month": "2022-06",
            "price": "132.36",
            "revenue": 212093
        },
        "2022-07": {
            "month": "2022-07",
            "price": "121.05",
            "revenue": 215401
        },
        "2022-08": {
            "month": "2022-08",
            "price": "164.02",
            "revenue": 220165
        },
        "2022-09": {
            "month": "2022-09",
            "price": "160.71",
            "revenue": 225498
        },
        "2022-10": {
            "month": "2022-10",
            "price": "126.46",
            "revenue": 231173
        },
        "2022-11": {
            "month": "2022-11",
            "price": "101.64",
            "revenue": 237085
        },
        "2022-12": {
            "month": "2022-12",
            "price": "117.09",
            "revenue": 200260
        },
        "2023-01": {
            "month": "2023-01",
            "price": "113.31",
            "revenue": 102171
        },
        "2023-02": {
            "month": "2023-02",
            "price": "128.86",
            "revenue": 94933
        },
        "2023-03": {
            "month": "2023-03",
            "price": "126.61",
            "revenue": 130319
        },
        "2023-04": {
            "month": "2023-04",
            "price": "126.18",
            "revenue": 91957
        },
        "2023-05": {
            "month": "2023-05",
            "price": "102.26",
            "revenue": 60368
        },
        "2023-06": {
            "month": "2023-06",
            "price": "101.76",
            "revenue": 100493
        },
        "2023-07": {
            "month": "2023-07",
            "price": "105.86",
            "revenue": 55652
        },
        "2023-08": {
            "month": "2023-08",
            "price": "96.74",
            "revenue": 60651
        },
        "2023-09": {
            "month": "2023-09",
            "price": "113.40",
            "revenue": 62746
        }
    }
}
