{
    "summary": {
        "stock_name": "網龍",
        "stock_id": "3083",
        "category": "文化創意",
        "main_business": "電子資訊供應服務業<br>資料處理服務業",
        "website_url": "http://www.chinesegamer.net",
        "ceo": "呂學森",
        "pe_ratio": 100,
        "report_year_from": 2001,
        "report_year_to": 2023,
        "age": 23,
        "eps_negative_percentage": 36,
        "eps_growth_avg": {
            "last_all": -38.99,
            "last_2y": -100,
            "last_4y": -32.61,
            "last_8y": -32.61,
            "last_12y": -57.93,
            "last_16y": -26.63,
            "last_20y": -38.99,
            "at_2006_last_3y": -80.17,
            "at_2007_last_3y": -50.78,
            "at_2008_last_3y": -19.63,
            "at_2009_last_3y": 32.49,
            "at_2010_last_3y": 20.32,
            "at_2011_last_3y": -6.22,
            "at_2012_last_3y": -27.4,
            "at_2013_last_3y": -66.49,
            "at_2014_last_3y": -83.26,
            "at_2015_last_3y": -92.36,
            "at_2016_last_3y": -100,
            "at_2017_last_3y": null,
            "at_2018_last_3y": null,
            "at_2019_last_3y": 100,
            "at_2020_last_3y": 1.09,
            "at_2021_last_3y": -32.61,
            "at_2022_last_3y": -32.61,
            "at_2023_last_3y": -98.91,
            "at_2024_last_3y": -98.91,
            "at_2006_last_all": -80.17,
            "at_2007_last_all": -49.85,
            "at_2008_last_all": -39.88,
            "at_2009_last_all": -23.84,
            "at_2010_last_all": -22.75,
            "at_2011_last_all": -28.03,
            "at_2012_last_all": -34.33,
            "at_2013_last_all": -40.9,
            "at_2014_last_all": -40.9,
            "at_2015_last_all": -40.9,
            "at_2016_last_all": -40.9,
            "at_2017_last_all": -40.9,
            "at_2018_last_all": -40.9,
            "at_2019_last_all": -28.09,
            "at_2020_last_all": -33.9,
            "at_2021_last_all": -38.99,
            "at_2022_last_all": -38.99,
            "at_2023_last_all": -38.99,
            "at_2024_last_all": -38.99
        },
        "latest_eps": 0.01,
        "latest_price": 45.3,
        "latest_roe": 0.08,
        "latest_gross_margin": 84.85,
        "latest_equity": 1351159,
        "latest_revenue": 79499,
        "latest_gross_profit": 67456,
        "latest_net_income": -9818,
        "latest_debt_ratio": 7.26,
        "latest_current_ratio": 827.1,
        "latest_account_receivable_turnover_ratio": 1.59,
        "latest_inventory_turnover_ratio": null,
        "latest_reinvestment_rate": null,
        "latest_research_to_sale_ratio": 59.64
    },
    "eps_dividends": {
        "2001": {
            "cash": 0,
            "stock": 0,
            "eps": 0
        },
        "2002": {
            "cash": 0,
            "stock": 7,
            "eps": 21.66
        },
        "2003": {
            "cash": 3,
            "stock": 9,
            "eps": 11.47
        },
        "2004": {
            "cash": 4.2,
            "stock": 1.8,
            "eps": 0.75
        },
        "2005": {
            "cash": 0.05,
            "stock": 0.05,
            "eps": -1.9
        },
        "2006": {
            "cash": 0,
            "stock": 0,
            "eps": 5.57
        },
        "2007": {
            "cash": 3.2,
            "stock": 0.8,
            "eps": 7.86
        },
        "2008": {
            "cash": 5.25,
            "stock": 0.5,
            "eps": 7.86
        },
        "2009": {
            "cash": 6.35,
            "stock": 0,
            "eps": 12.29
        },
        "2010": {
            "cash": 10.6,
            "stock": 0,
            "eps": 10.3
        },
        "2011": {
            "cash": 9.35,
            "stock": 0,
            "eps": 3.6
        },
        "2012": {
            "cash": 3.3,
            "stock": 0,
            "eps": 0.55
        },
        "2013": {
            "cash": 0.55,
            "stock": 0,
            "eps": -0.4
        },
        "2014": {
            "cash": 0,
            "stock": 0,
            "eps": -2.36
        },
        "2015": {
            "cash": 0,
            "stock": 0,
            "eps": -3.62
        },
        "2016": {
            "cash": 0,
            "stock": 0,
            "eps": -0.9
        },
        "2017": {
            "cash": 0,
            "stock": 0,
            "eps": -0.74
        },
        "2018": {
            "cash": 0,
            "stock": 0,
            "eps": 0.45
        },
        "2019": {
            "cash": 0,
            "stock": 0,
            "eps": 0.92
        },
        "2020": {
            "cash": 0,
            "stock": 0,
            "eps": 0.02
        },
        "2021": {
            "cash": 0,
            "stock": 0,
            "eps": -0.46
        },
        "2022": {
            "cash": 0,
            "stock": 0,
            "eps": -0.26
        },
        "2023": {
            "cash": 0,
            "stock": 0,
            "eps": 0.01
        }
    },
    "dividends": {
        "2002-06-06": {
            "cash": 0,
            "stock": 7
        },
        "2003-05-23": {
            "cash": 3,
            "stock": 9
        },
        "2004-04-15": {
            "cash": 4.2,
            "stock": 1.8
        },
        "2005-03-25": {
            "cash": 0.05,
            "stock": 0.05
        },
        "2007-03-23": {
            "cash": 3.2,
            "stock": 0.8
        },
        "2008-03-24": {
            "cash": 5.25,
            "stock": 0.5
        },
        "2009-04-09": {
            "cash": 6.35,
            "stock": 0
        },
        "2010-06-15": {
            "cash": 10.6,
            "stock": 0
        },
        "2011-03-08": {
            "cash": 9.35,
            "stock": 0
        },
        "2012-04-26": {
            "cash": 3.3,
            "stock": 0
        },
        "2013-06-14": {
            "cash": 0.55,
            "stock": 0
        }
    },
    "prices": {
        "200101": "無",
        "200102": "無",
        "200103": "無",
        "200104": "無",
        "200105": "無",
        "200106": "無",
        "200107": "無",
        "200108": "無",
        "200109": "無",
        "200110": "無",
        "200111": "無",
        "200112": "無",
        "200201": "無",
        "200202": "無",
        "200203": "無",
        "200204": "無",
        "200205": "無",
        "200206": "無",
        "200207": "無",
        "200208": "無",
        "200209": "無",
        "200210": "無",
        "200211": "無",
        "200212": "無",
        "200301": "無",
        "200302": "無",
        "200303": "無",
        "200304": "無",
        "200305": "無",
        "200306": "無",
        "200307": "無",
        "200308": "無",
        "200309": "無",
        "200310": "121.34",
        "200311": "119.28",
        "200312": "102.43",
        "200401": "93.73",
        "200402": "101.48",
        "200403": "99.15",
        "200404": "79.43",
        "200405": "52.49",
        "200406": "50.99",
        "200407": "40.61",
        "200408": "28.14",
        "200409": "24.56",
        "200410": "21.92",
        "200411": "26.55",
        "200412": "30.09",
        "200501": "29.00",
        "200502": "26.74",
        "200503": "25.25",
        "200504": "19.21",
        "200505": "18.59",
        "200506": "20.27",
        "200507": "20.72",
        "200508": "16.81",
        "200509": "15.42",
        "200510": "14.90",
        "200511": "14.92",
        "200512": "16.13",
        "200601": "18.04",
        "200602": "17.16",
        "200603": "17.42",
        "200604": "22.07",
        "200605": "23.71",
        "200606": "21.89",
        "200607": "21.92",
        "200608": "23.43",
        "200609": "53.05",
        "200610": "88.98",
        "200611": "104.91",
        "200612": "119.05",
        "200701": "137.43",
        "200702": "128.79",
        "200703": "96.70",
        "200704": "93.92",
        "200705": "102.40",
        "200706": "120.02",
        "200707": "119.05",
        "200708": "96.93",
        "200709": "97.01",
        "200710": "92.52",
        "200711": "109.57",
        "200712": "126.00",
        "200801": "107.71",
        "200802": "89.47",
        "200803": "105.57",
        "200804": "109.31",
        "200805": "114.83",
        "200806": "104.38",
        "200807": "79.26",
        "200808": "83.25",
        "200809": "70.02",
        "200810": "71.26",
        "200811": "79.98",
        "200812": "88.32",
        "200901": "91.41",
        "200902": "112.20",
        "200903": "157.64",
        "200904": "194.09",
        "200905": "279.17",
        "200906": "350.67",
        "200907": "452.09",
        "200908": "410.85",
        "200909": "449.41",
        "200910": "455.57",
        "200911": "453.43",
        "200912": "420.52",
        "201001": "401.68",
        "201002": "325.21",
        "201003": "335.65",
        "201004": "366.48",
        "201005": "346.88",
        "201006": "288.67",
        "201007": "275.98",
        "201008": "276.39",
        "201009": "236.07",
        "201010": "216.69",
        "201011": "240.34",
        "201012": "254.26",
        "201101": "239.20",
        "201102": "180.68",
        "201103": "167.04",
        "201104": "169.45",
        "201105": "174.74",
        "201106": "188.14",
        "201107": "169.90",
        "201108": "118.43",
        "201109": "87.94",
        "201110": "78.72",
        "201111": "75.27",
        "201112": "67.29",
        "201201": "73.51",
        "201202": "104.98",
        "201203": "106.25",
        "201204": "97.52",
        "201205": "88.29",
        "201206": "81.41",
        "201207": "75.42",
        "201208": "69.89",
        "201209": "67.88",
        "201210": "59.40",
        "201211": "49.68",
        "201212": "63.36",
        "201301": "63.72",
        "201302": "57.92",
        "201303": "55.49",
        "201304": "52.33",
        "201305": "53.29",
        "201306": "55.45",
        "201307": "53.28",
        "201308": "52.68",
        "201309": "50.58",
        "201310": "51.67",
        "201311": "48.66",
        "201312": "49.54",
        "201401": "54.74",
        "201402": "52.46",
        "201403": "61.24",
        "201404": "66.76",
        "201405": "63.51",
        "201406": "66.41",
        "201407": "59.22",
        "201408": "51.28",
        "201409": "52.03",
        "201410": "46.58",
        "201411": "42.31",
        "201412": "53.22",
        "201501": "65.74",
        "201502": "60.90",
        "201503": "58.98",
        "201504": "54.70",
        "201505": "54.59",
        "201506": "54.64",
        "201507": "45.62",
        "201508": "27.99",
        "201509": "29.56",
        "201510": "36.37",
        "201511": "38.16",
        "201512": "39.65",
        "201601": "38.62",
        "201602": "38.78",
        "201603": "39.05",
        "201604": "36.22",
        "201605": "33.00",
        "201606": "36.56",
        "201607": "36.57",
        "201608": "45.75",
        "201609": "39.20",
        "201610": "36.83",
        "201611": "35.21",
        "201612": "38.62",
        "201701": "42.74",
        "201702": "40.38",
        "201703": "38.16",
        "201704": "37.75",
        "201705": "41.60",
        "201706": "44.11",
        "201707": "43.24",
        "201708": "38.75",
        "201709": "38.90",
        "201710": "38.02",
        "201711": "39.08",
        "201712": "38.97",
        "201801": "41.62",
        "201802": "36.27",
        "201803": "35.70",
        "201804": "37.54",
        "201805": "39.35",
        "201806": "38.76",
        "201807": "35.55",
        "201808": "34.60",
        "201809": "41.20",
        "201810": "44.45",
        "201811": "39.48",
        "201812": "38.08",
        "201901": "37.75",
        "201902": "37.78",
        "201903": "42.92",
        "201904": "48.84",
        "201905": "54.29",
        "201906": "59.92",
        "201907": "60.20",
        "201908": "61.58",
        "201909": "89.42",
        "201910": "81.30",
        "201911": "81.22",
        "201912": "78.04",
        "202001": "86.31",
        "202002": "77.33",
        "202003": "52.44",
        "202004": "60.14",
        "202005": "80.62",
        "202006": "87.96",
        "202007": "82.53",
        "202008": "58.57",
        "202009": "50.48",
        "202010": "48.19",
        "202011": "52.46",
        "202012": "57.23",
        "202101": "60.14",
        "202102": "55.23",
        "202103": "54.87",
        "202104": "56.38",
        "202105": "54.72",
        "202106": "56.54",
        "202107": "53.35",
        "202108": "46.92",
        "202109": "45.20",
        "202110": "43.10",
        "202111": "46.74",
        "202112": "52.71",
        "202201": "58.32",
        "202202": "51.34",
        "202203": "49.26",
        "202204": "50.74",
        "202205": "47.33",
        "202206": "48.06",
        "202207": "43.84",
        "202208": "43.95",
        "202209": "40.81",
        "202210": "40.61",
        "202211": "42.36",
        "202212": "46.71",
        "202301": "48.93",
        "202302": "46.65",
        "202303": "44.63",
        "202304": "43.80",
        "202305": "45.56",
        "202306": "49.15",
        "202307": "45.55",
        "202308": "43.15",
        "202309": "43.16",
        "202310": "45.64",
        "202311": "47.59",
        "202312": "49.11"
    },
    "quarters": {
        "20011": {
            "year_quarter": 20011,
            "year": 2001,
            "quarter": 1,
            "eps": null,
            "eps_growth_year": null,
            "eps_4q": null,
            "eps_4q_growth_year": null,
            "roe": null,
            "roe_4q": 0,
            "gross_profit": null,
            "gross_margin": null,
            "gross_margin_4q_avg": 0,
            "net_income": null,
            "net_income_4q": null,
            "revenue": null,
            "revenue_4q": null,
            "common_shares": null,
            "book_valuer_per_share": null,
            "book_valuer_per_share_4q_avg": 0,
            "equity": null,
            "current_ratio": null,
            "debt_ratio": null,
            "inventory_turnover_ratio": null,
            "account_receivable_turnover_ratio": null,
            "reinvestment_rate": null,
            "research_to_sale_ratio": null,
            "price_fair": 0,
            "eps_avg_yearly": 0,
            "eps_latest_yearly": 0,
            "eps_growth_yearly": 0
        },
        "20012": {
            "year_quarter": 20012,
            "year": 2001,
            "quarter": 2,
            "eps": null,
            "eps_growth_year": null,
            "eps_4q": null,
            "eps_4q_growth_year": null,
            "roe": null,
            "roe_4q": 0,
            "gross_profit": null,
            "gross_margin": null,
            "gross_margin_4q_avg": 0,
            "net_income": null,
            "net_income_4q": null,
            "revenue": null,
            "revenue_4q": null,
            "common_shares": null,
            "book_valuer_per_share": null,
            "book_valuer_per_share_4q_avg": 0,
            "equity": null,
            "current_ratio": null,
            "debt_ratio": null,
            "inventory_turnover_ratio": null,
            "account_receivable_turnover_ratio": null,
            "reinvestment_rate": null,
            "research_to_sale_ratio": null,
            "price_fair": 0,
            "eps_avg_yearly": 0,
            "eps_latest_yearly": 0,
            "eps_growth_yearly": 0
        },
        "20013": {
            "year_quarter": 20013,
            "year": 2001,
            "quarter": 3,
            "eps": null,
            "eps_growth_year": null,
            "eps_4q": null,
            "eps_4q_growth_year": null,
            "roe": null,
            "roe_4q": 0,
            "gross_profit": null,
            "gross_margin": null,
            "gross_margin_4q_avg": 0,
            "net_income": null,
            "net_income_4q": null,
            "revenue": null,
            "revenue_4q": null,
            "common_shares": null,
            "book_valuer_per_share": null,
            "book_valuer_per_share_4q_avg": 0,
            "equity": null,
            "current_ratio": null,
            "debt_ratio": null,
            "inventory_turnover_ratio": null,
            "account_receivable_turnover_ratio": null,
            "reinvestment_rate": null,
            "research_to_sale_ratio": null,
            "price_fair": 0,
            "eps_avg_yearly": 0,
            "eps_latest_yearly": 0,
            "eps_growth_yearly": 0
        },
        "20014": {
            "year_quarter": 20014,
            "year": 2001,
            "quarter": 4,
            "eps": null,
            "eps_growth_year": null,
            "eps_4q": null,
            "eps_4q_growth_year": null,
            "roe": null,
            "roe_4q": 0,
            "gross_profit": null,
            "gross_margin": null,
            "gross_margin_4q_avg": 0,
            "net_income": null,
            "net_income_4q": null,
            "revenue": null,
            "revenue_4q": null,
            "common_shares": 150000,
            "book_valuer_per_share": 18.65,
            "book_valuer_per_share_4q_avg": 4.66,
            "equity": 279747,
            "current_ratio": 409.57,
            "debt_ratio": 23.28,
            "inventory_turnover_ratio": null,
            "account_receivable_turnover_ratio": null,
            "reinvestment_rate": null,
            "research_to_sale_ratio": null,
            "price_fair": 0,
            "eps_avg_yearly": 0,
            "eps_latest_yearly": 0,
            "eps_growth_yearly": 0
        },
        "20021": {
            "year_quarter": 20021,
            "year": 2002,
            "quarter": 1,
            "eps": 8.05,
            "eps_growth_year": null,
            "eps_4q": null,
            "eps_4q_growth_year": null,
            "roe": 35.49,
            "roe_4q": 35.49,
            "gross_profit": 105158,
            "gross_margin": 80.85,
            "gross_margin_4q_avg": 20.21,
            "net_income": 120700,
            "net_income_4q": null,
            "revenue": 130065,
            "revenue_4q": null,
            "common_shares": 150000,
            "book_valuer_per_share": 26.7,
            "book_valuer_per_share_4q_avg": 11.34,
            "equity": 400447,
            "current_ratio": 380.05,
            "debt_ratio": 19.85,
            "inventory_turnover_ratio": 68.52,
            "account_receivable_turnover_ratio": null,
            "reinvestment_rate": null,
            "research_to_sale_ratio": null,
            "price_fair": 0,
            "eps_avg_yearly": 0,
            "eps_latest_yearly": 0,
            "eps_growth_yearly": 0
        },
        "20022": {
            "year_quarter": 20022,
            "year": 2002,
            "quarter": 2,
            "eps": 5.23,
            "eps_growth_year": null,
            "eps_4q": null,
            "eps_4q_growth_year": null,
            "roe": 29.8,
            "roe_4q": 65.29,
            "gross_profit": 170193,
            "gross_margin": 83.9,
            "gross_margin_4q_avg": 41.19,
            "net_income": 139528,
            "net_income_4q": null,
            "revenue": 202849,
            "revenue_4q": null,
            "common_shares": 266667,
            "book_valuer_per_share": 20.1,
            "book_valuer_per_share_4q_avg": 16.36,
            "equity": 536098,
            "current_ratio": 313.03,
            "debt_ratio": 25.3,
            "inventory_turnover_ratio": null,
            "account_receivable_turnover_ratio": null,
            "reinvestment_rate": null,
            "research_to_sale_ratio": null,
            "price_fair": 62.76,
            "eps_avg_yearly": 20.92,
            "eps_latest_yearly": 20.92,
            "eps_growth_yearly": -140.12
        },
        "20023": {
            "year_quarter": 20023,
            "year": 2002,
            "quarter": 3,
            "eps": 4.91,
            "eps_growth_year": null,
            "eps_4q": null,
            "eps_4q_growth_year": null,
            "roe": 21.64,
            "roe_4q": 86.93,
            "gross_profit": 166983,
            "gross_margin": 88.77,
            "gross_margin_4q_avg": 63.38,
            "net_income": 130806,
            "net_income_4q": null,
            "revenue": 188112,
            "revenue_4q": null,
            "common_shares": 266667,
            "book_valuer_per_share": 25.24,
            "book_valuer_per_share_4q_avg": 22.67,
            "equity": 672940,
            "current_ratio": 422.98,
            "debt_ratio": 17.63,
            "inventory_turnover_ratio": null,
            "account_receivable_turnover_ratio": null,
            "reinvestment_rate": null,
            "research_to_sale_ratio": null,
            "price_fair": 60.84,
            "eps_avg_yearly": 20.28,
            "eps_latest_yearly": 19.64,
            "eps_growth_yearly": -82.3
        },
        "20024": {
            "year_quarter": 20024,
            "year": 2002,
            "quarter": 4,
            "eps": 3.47,
            "eps_growth_year": null,
            "eps_4q": 17.84,
            "eps_4q_growth_year": null,
            "roe": 10.53,
            "roe_4q": 97.46000000000001,
            "gross_profit": 133833,
            "gross_margin": 91.15,
            "gross_margin_4q_avg": 86.17,
            "net_income": 94456,
            "net_income_4q": null,
            "revenue": 146823,
            "revenue_4q": null,
            "common_shares": 300667,
            "book_valuer_per_share": 37.3,
            "book_valuer_per_share_4q_avg": 27.34,
            "equity": 1121407,
            "current_ratio": 754.24,
            "debt_ratio": 13.02,
            "inventory_turnover_ratio": null,
            "account_receivable_turnover_ratio": null,
            "reinvestment_rate": null,
            "research_to_sale_ratio": null,
            "price_fair": 54.44,
            "eps_avg_yearly": 18.15,
            "eps_latest_yearly": 13.88,
            "eps_growth_yearly": -93.97
        },
        "20031": {
            "year_quarter": 20031,
            "year": 2003,
            "quarter": 1,
            "eps": 5.45,
            "eps_growth_year": -32.3,
            "eps_4q": 17.58,
            "eps_4q_growth_year": null,
            "roe": 13.62,
            "roe_4q": 75.59,
            "gross_profit": 161863,
            "gross_margin": 86.26,
            "gross_margin_4q_avg": 87.52,
            "net_income": 163931,
            "net_income_4q": null,
            "revenue": 187650,
            "revenue_4q": null,
            "common_shares": 300667,
            "book_valuer_per_share": 42.75,
            "book_valuer_per_share_4q_avg": 31.35,
            "equity": 1285407,
            "current_ratio": 1312.3,
            "debt_ratio": 6.17,
            "inventory_turnover_ratio": null,
            "account_receivable_turnover_ratio": null,
            "reinvestment_rate": null,
            "research_to_sale_ratio": null,
            "price_fair": 57.18,
            "eps_avg_yearly": 19.06,
            "eps_latest_yearly": 21.8,
            "eps_growth_yearly": -13.42
        },
        "20032": {
            "year_quarter": 20032,
            "year": 2003,
            "quarter": 2,
            "eps": 2.1,
            "eps_growth_year": -59.85,
            "eps_4q": 8.37,
            "eps_4q_growth_year": null,
            "roe": 10.01,
            "roe_4q": 55.8,
            "gross_profit": 148360,
            "gross_margin": 86.95,
            "gross_margin_4q_avg": 88.28,
            "net_income": 130251,
            "net_income_4q": null,
            "revenue": 170635,
            "revenue_4q": null,
            "common_shares": 621612,
            "book_valuer_per_share": 21.17,
            "book_valuer_per_share_4q_avg": 31.62,
            "equity": 1315784,
            "current_ratio": 690.52,
            "debt_ratio": 11.25,
            "inventory_turnover_ratio": null,
            "account_receivable_turnover_ratio": null,
            "reinvestment_rate": null,
            "research_to_sale_ratio": null,
            "price_fair": 50.78,
            "eps_avg_yearly": 16.93,
            "eps_latest_yearly": 8.4,
            "eps_growth_yearly": -59.91
        },
        "20033": {
            "year_quarter": 20033,
            "year": 2003,
            "quarter": 3,
            "eps": 1.73,
            "eps_growth_year": -64.77,
            "eps_4q": 7.99,
            "eps_4q_growth_year": null,
            "roe": 7.86,
            "roe_4q": 42.02,
            "gross_profit": 149317,
            "gross_margin": 87.38,
            "gross_margin_4q_avg": 87.94,
            "net_income": 107354,
            "net_income_4q": null,
            "revenue": 170882,
            "revenue_4q": null,
            "common_shares": 621612,
            "book_valuer_per_share": 22.76,
            "book_valuer_per_share_4q_avg": 31,
            "equity": 1414933,
            "current_ratio": 1136.79,
            "debt_ratio": 6.79,
            "inventory_turnover_ratio": null,
            "account_receivable_turnover_ratio": null,
            "reinvestment_rate": null,
            "research_to_sale_ratio": null,
            "price_fair": 45.78,
            "eps_avg_yearly": 15.26,
            "eps_latest_yearly": 6.92,
            "eps_growth_yearly": -61.67
        },
        "20034": {
            "year_quarter": 20034,
            "year": 2003,
            "quarter": 4,
            "eps": 2.19,
            "eps_growth_year": -36.89,
            "eps_4q": 8.65,
            "eps_4q_growth_year": -51.5,
            "roe": 9.17,
            "roe_4q": 40.66,
            "gross_profit": 181267,
            "gross_margin": 90.34,
            "gross_margin_4q_avg": 87.73,
            "net_income": 136116,
            "net_income_4q": null,
            "revenue": 200651,
            "revenue_4q": null,
            "common_shares": 621612,
            "book_valuer_per_share": 24.98,
            "book_valuer_per_share_4q_avg": 27.92,
            "equity": 1552528,
            "current_ratio": 1153.96,
            "debt_ratio": 8.61,
            "inventory_turnover_ratio": null,
            "account_receivable_turnover_ratio": null,
            "reinvestment_rate": null,
            "research_to_sale_ratio": null,
            "price_fair": 42.99,
            "eps_avg_yearly": 14.33,
            "eps_latest_yearly": 8.76,
            "eps_growth_yearly": -37.67
        },
        "20041": {
            "year_quarter": 20041,
            "year": 2004,
            "quarter": 1,
            "eps": 0.7,
            "eps_growth_year": -87.16,
            "eps_4q": 6.73,
            "eps_4q_growth_year": -61.73,
            "roe": 2.77,
            "roe_4q": 29.810000000000002,
            "gross_profit": 113976,
            "gross_margin": 86.25,
            "gross_margin_4q_avg": 87.73,
            "net_income": 43410,
            "net_income_4q": null,
            "revenue": 132151,
            "revenue_4q": null,
            "common_shares": 621612,
            "book_valuer_per_share": 25.49,
            "book_valuer_per_share_4q_avg": 23.6,
            "equity": 1584620,
            "current_ratio": 1581.96,
            "debt_ratio": 4.78,
            "inventory_turnover_ratio": null,
            "account_receivable_turnover_ratio": null,
            "reinvestment_rate": null,
            "research_to_sale_ratio": null,
            "price_fair": 38.67,
            "eps_avg_yearly": 12.89,
            "eps_latest_yearly": 2.8,
            "eps_growth_yearly": -66.98
        },
        "20042": {
            "year_quarter": 20042,
            "year": 2004,
            "quarter": 2,
            "eps": 0.51,
            "eps_growth_year": -75.71,
            "eps_4q": 4.28,
            "eps_4q_growth_year": -48.88,
            "roe": 2.67,
            "roe_4q": 22.47,
            "gross_profit": 93175,
            "gross_margin": 91.75,
            "gross_margin_4q_avg": 88.93,
            "net_income": 38795,
            "net_income_4q": null,
            "revenue": 101553,
            "revenue_4q": null,
            "common_shares": 621612,
            "book_valuer_per_share": 21.19,
            "book_valuer_per_share_4q_avg": 23.61,
            "equity": 1317135,
            "current_ratio": 316.07,
            "debt_ratio": 22.23,
            "inventory_turnover_ratio": null,
            "account_receivable_turnover_ratio": null,
            "reinvestment_rate": null,
            "research_to_sale_ratio": null,
            "price_fair": 35.05,
            "eps_avg_yearly": 11.68,
            "eps_latest_yearly": 2.04,
            "eps_growth_yearly": -71.6
        },
        "20043": {
            "year_quarter": 20043,
            "year": 2004,
            "quarter": 3,
            "eps": -0.21,
            "eps_growth_year": -112.14,
            "eps_4q": 2.67,
            "eps_4q_growth_year": -66.54,
            "roe": -1.2,
            "roe_4q": 13.41,
            "gross_profit": 77834,
            "gross_margin": 85.63,
            "gross_margin_4q_avg": 88.49,
            "net_income": -15661,
            "net_income_4q": null,
            "revenue": 90893,
            "revenue_4q": null,
            "common_shares": 757660,
            "book_valuer_per_share": 17.05,
            "book_valuer_per_share_4q_avg": 22.18,
            "equity": 1291567,
            "current_ratio": 761.86,
            "debt_ratio": 8.44,
            "inventory_turnover_ratio": null,
            "account_receivable_turnover_ratio": null,
            "reinvestment_rate": null,
            "research_to_sale_ratio": null,
            "price_fair": 35.05,
            "eps_avg_yearly": 11.68,
            "eps_latest_yearly": 2.04,
            "eps_growth_yearly": -71.6
        },
        "20044": {
            "year_quarter": 20044,
            "year": 2004,
            "quarter": 4,
            "eps": -0.25,
            "eps_growth_year": -111.42,
            "eps_4q": 0.64,
            "eps_4q_growth_year": -92.6,
            "roe": -1.46,
            "roe_4q": 2.78,
            "gross_profit": 114410,
            "gross_margin": 89.59,
            "gross_margin_4q_avg": 88.31,
            "net_income": -18602,
            "net_income_4q": null,
            "revenue": 127709,
            "revenue_4q": null,
            "common_shares": 757660,
            "book_valuer_per_share": 16.49,
            "book_valuer_per_share_4q_avg": 20.06,
            "equity": 1249247,
            "current_ratio": 786.52,
            "debt_ratio": 11.82,
            "inventory_turnover_ratio": null,
            "account_receivable_turnover_ratio": null,
            "reinvestment_rate": null,
            "research_to_sale_ratio": null,
            "price_fair": 35.05,
            "eps_avg_yearly": 11.68,
            "eps_latest_yearly": 2.04,
            "eps_growth_yearly": -71.6
        },
        "20051": {
            "year_quarter": 20051,
            "year": 2005,
            "quarter": 1,
            "eps": -0.43,
            "eps_growth_year": -161.43,
            "eps_4q": -0.37,
            "eps_4q_growth_year": -105.5,
            "roe": -2.63,
            "roe_4q": -2.62,
            "gross_profit": 70218,
            "gross_margin": 91.82,
            "gross_margin_4q_avg": 89.7,
            "net_income": -32443,
            "net_income_4q": null,
            "revenue": 76471,
            "revenue_4q": null,
            "common_shares": 757660,
            "book_valuer_per_share": 16.03,
            "book_valuer_per_share_4q_avg": 17.69,
            "equity": 1214778,
            "current_ratio": 794.24,
            "debt_ratio": 8.15,
            "inventory_turnover_ratio": null,
            "account_receivable_turnover_ratio": null,
            "reinvestment_rate": null,
            "research_to_sale_ratio": null,
            "price_fair": 35.05,
            "eps_avg_yearly": 11.68,
            "eps_latest_yearly": 2.04,
            "eps_growth_yearly": -71.6
        },
        "20052": {
            "year_quarter": 20052,
            "year": 2005,
            "quarter": 2,
            "eps": -0.32,
            "eps_growth_year": -162.75,
            "eps_4q": -1.2,
            "eps_4q_growth_year": -128.06,
            "roe": -2.03,
            "roe_4q": -7.32,
            "gross_profit": 72003,
            "gross_margin": 95.38,
            "gross_margin_4q_avg": 90.61,
            "net_income": -24329,
            "net_income_4q": null,
            "revenue": 75492,
            "revenue_4q": null,
            "common_shares": 757660,
            "book_valuer_per_share": 15.67,
            "book_valuer_per_share_4q_avg": 16.31,
            "equity": 1187018,
            "current_ratio": 748.1,
            "debt_ratio": 8.56,
            "inventory_turnover_ratio": null,
            "account_receivable_turnover_ratio": null,
            "reinvestment_rate": null,
            "research_to_sale_ratio": null,
            "price_fair": 35.05,
            "eps_avg_yearly": 11.68,
            "eps_latest_yearly": 2.04,
            "eps_growth_yearly": -71.6
        },
        "20053": {
            "year_quarter": 20053,
            "year": 2005,
            "quarter": 3,
            "eps": -0.42,
            "eps_growth_year": null,
            "eps_4q": -1.41,
            "eps_4q_growth_year": -152.63,
            "roe": -2.7,
            "roe_4q": -8.82,
            "gross_profit": 59100,
            "gross_margin": 95.82,
            "gross_margin_4q_avg": 93.15,
            "net_income": -31807,
            "net_income_4q": null,
            "revenue": 61678,
            "revenue_4q": null,
            "common_shares": 761402,
            "book_valuer_per_share": 15.31,
            "book_valuer_per_share_4q_avg": 15.88,
            "equity": 1166022,
            "current_ratio": 753.28,
            "debt_ratio": 8.54,
            "inventory_turnover_ratio": null,
            "account_receivable_turnover_ratio": null,
            "reinvestment_rate": null,
            "research_to_sale_ratio": null,
            "price_fair": 35.05,
            "eps_avg_yearly": 11.68,
            "eps_latest_yearly": 2.04,
            "eps_growth_yearly": -71.6
        },
        "20054": {
            "year_quarter": 20054,
            "year": 2005,
            "quarter": 4,
            "eps": -0.73,
            "eps_growth_year": null,
            "eps_4q": -1.92,
            "eps_4q_growth_year": -400,
            "roe": -4.88,
            "roe_4q": -12.239999999999998,
            "gross_profit": 52616,
            "gross_margin": 88.08,
            "gross_margin_4q_avg": 92.78,
            "net_income": -54774,
            "net_income_4q": null,
            "revenue": 59740,
            "revenue_4q": null,
            "common_shares": 761402,
            "book_valuer_per_share": 14.15,
            "book_valuer_per_share_4q_avg": 15.29,
            "equity": 1077254,
            "current_ratio": 767.24,
            "debt_ratio": 10.98,
            "inventory_turnover_ratio": null,
            "account_receivable_turnover_ratio": null,
            "reinvestment_rate": 9.41,
            "research_to_sale_ratio": null,
            "price_fair": 35.05,
            "eps_avg_yearly": 11.68,
            "eps_latest_yearly": 2.04,
            "eps_growth_yearly": -71.6
        },
        "20061": {
            "year_quarter": 20061,
            "year": 2006,
            "quarter": 1,
            "eps": -0.26,
            "eps_growth_year": null,
            "eps_4q": -1.82,
            "eps_4q_growth_year": null,
            "roe": -1.76,
            "roe_4q": -11.37,
            "gross_profit": 68732,
            "gross_margin": 88.14,
            "gross_margin_4q_avg": 91.86,
            "net_income": -18521,
            "net_income_4q": null,
            "revenue": 77980,
            "revenue_4q": null,
            "common_shares": 761402,
            "book_valuer_per_share": 13.47,
            "book_valuer_per_share_4q_avg": 14.65,
            "equity": 1025776,
            "current_ratio": 592.64,
            "debt_ratio": 10.21,
            "inventory_turnover_ratio": null,
            "account_receivable_turnover_ratio": null,
            "reinvestment_rate": 1.82,
            "research_to_sale_ratio": null,
            "price_fair": 35.05,
            "eps_avg_yearly": 11.68,
            "eps_latest_yearly": 2.04,
            "eps_growth_yearly": -71.6
        },
        "20062": {
            "year_quarter": 20062,
            "year": 2006,
            "quarter": 2,
            "eps": 0.59,
            "eps_growth_year": null,
            "eps_4q": -0.9,
            "eps_4q_growth_year": null,
            "roe": 3.98,
            "roe_4q": -5.36,
            "gross_profit": 140926,
            "gross_margin": 92.09,
            "gross_margin_4q_avg": 91.03,
            "net_income": 41676,
            "net_income_4q": null,
            "revenue": 153026,
            "revenue_4q": null,
            "common_shares": 761402,
            "book_valuer_per_share": 14,
            "book_valuer_per_share_4q_avg": 14.23,
            "equity": 1066332,
            "current_ratio": 477.46,
            "debt_ratio": 12.93,
            "inventory_turnover_ratio": null,
            "account_receivable_turnover_ratio": null,
            "reinvestment_rate": 2.48,
            "research_to_sale_ratio": null,
            "price_fair": 31.59,
            "eps_avg_yearly": 10.53,
            "eps_latest_yearly": 2.04,
            "eps_growth_yearly": -63.03
        },
        "20063": {
            "year_quarter": 20063,
            "year": 2006,
            "quarter": 3,
            "eps": 1.71,
            "eps_growth_year": null,
            "eps_4q": 1.26,
            "eps_4q_growth_year": null,
            "roe": 10.78,
            "roe_4q": 8.120000000000001,
            "gross_profit": 230482,
            "gross_margin": 93.68,
            "gross_margin_4q_avg": 90.5,
            "net_income": 119813,
            "net_income_4q": null,
            "revenue": 246030,
            "revenue_4q": null,
            "common_shares": 743402,
            "book_valuer_per_share": 15.56,
            "book_valuer_per_share_4q_avg": 14.3,
            "equity": 1156498,
            "current_ratio": 423.68,
            "debt_ratio": 15.13,
            "inventory_turnover_ratio": null,
            "account_receivable_turnover_ratio": null,
            "reinvestment_rate": 3.44,
            "research_to_sale_ratio": null,
            "price_fair": 312.55,
            "eps_avg_yearly": 8.93,
            "eps_latest_yearly": 6.84,
            "eps_growth_yearly": 34.94
        },
        "20064": {
            "year_quarter": 20064,
            "year": 2006,
            "quarter": 4,
            "eps": 3.53,
            "eps_growth_year": null,
            "eps_4q": 5.58,
            "eps_4q_growth_year": null,
            "roe": 19.22,
            "roe_4q": 32.22,
            "gross_profit": 381368,
            "gross_margin": 95.76,
            "gross_margin_4q_avg": 92.42,
            "net_income": 245814,
            "net_income_4q": null,
            "revenue": 398246,
            "revenue_4q": null,
            "common_shares": 743402,
            "book_valuer_per_share": 18.84,
            "book_valuer_per_share_4q_avg": 15.47,
            "equity": 1400783,
            "current_ratio": 570.5,
            "debt_ratio": 15.45,
            "inventory_turnover_ratio": null,
            "account_receivable_turnover_ratio": null,
            "reinvestment_rate": 10.54,
            "research_to_sale_ratio": null,
            "price_fair": 313.6,
            "eps_avg_yearly": 8.96,
            "eps_latest_yearly": 14.12,
            "eps_growth_yearly": 102.82
        },
        "20071": {
            "year_quarter": 20071,
            "year": 2007,
            "quarter": 1,
            "eps": 2.63,
            "eps_growth_year": null,
            "eps_4q": 8.43,
            "eps_4q_growth_year": null,
            "roe": 12.13,
            "roe_4q": 46.11,
            "gross_profit": 341630,
            "gross_margin": 96.57,
            "gross_margin_4q_avg": 94.53,
            "net_income": 184806,
            "net_income_4q": null,
            "revenue": 353769,
            "revenue_4q": null,
            "common_shares": 743402,
            "book_valuer_per_share": 22.15,
            "book_valuer_per_share_4q_avg": 17.64,
            "equity": 1646992,
            "current_ratio": 723.32,
            "debt_ratio": 10.33,
            "inventory_turnover_ratio": null,
            "account_receivable_turnover_ratio": null,
            "reinvestment_rate": 2.79,
            "research_to_sale_ratio": null,
            "price_fair": 264.25,
            "eps_avg_yearly": 7.55,
            "eps_latest_yearly": 10.52,
            "eps_growth_yearly": 61.55
        },
        "20072": {
            "year_quarter": 20072,
            "year": 2007,
            "quarter": 2,
            "eps": 1.9,
            "eps_growth_year": 222.03,
            "eps_4q": 9.15,
            "eps_4q_growth_year": null,
            "roe": 8.94,
            "roe_4q": 51.07,
            "gross_profit": 255587,
            "gross_margin": 95.67,
            "gross_margin_4q_avg": 95.42,
            "net_income": 144256,
            "net_income_4q": null,
            "revenue": 267152,
            "revenue_4q": null,
            "common_shares": 743402,
            "book_valuer_per_share": 21.26,
            "book_valuer_per_share_4q_avg": 19.45,
            "equity": 1580178,
            "current_ratio": 348.6,
            "debt_ratio": 21.99,
            "inventory_turnover_ratio": null,
            "account_receivable_turnover_ratio": null,
            "reinvestment_rate": 2.05,
            "research_to_sale_ratio": null,
            "price_fair": 260.75,
            "eps_avg_yearly": 7.45,
            "eps_latest_yearly": 7.6,
            "eps_growth_yearly": 78.4
        },
        "20073": {
            "year_quarter": 20073,
            "year": 2007,
            "quarter": 3,
            "eps": 1.79,
            "eps_growth_year": 4.68,
            "eps_4q": 9.34,
            "eps_4q_growth_year": 641.93,
            "roe": 8.22,
            "roe_4q": 48.51,
            "gross_profit": 254833,
            "gross_margin": 96.37,
            "gross_margin_4q_avg": 96.09,
            "net_income": 136316,
            "net_income_4q": null,
            "revenue": 264437,
            "revenue_4q": null,
            "common_shares": 743402,
            "book_valuer_per_share": 23.35,
            "book_valuer_per_share_4q_avg": 21.4,
            "equity": 1735486,
            "current_ratio": 406.79,
            "debt_ratio": 19.36,
            "inventory_turnover_ratio": null,
            "account_receivable_turnover_ratio": null,
            "reinvestment_rate": 1.78,
            "research_to_sale_ratio": null,
            "price_fair": 261.8,
            "eps_avg_yearly": 7.48,
            "eps_latest_yearly": 7.16,
            "eps_growth_yearly": 84.32
        },
        "20074": {
            "year_quarter": 20074,
            "year": 2007,
            "quarter": 4,
            "eps": 1.54,
            "eps_growth_year": -56.37,
            "eps_4q": 7.62,
            "eps_4q_growth_year": 36.47,
            "roe": 6.54,
            "roe_4q": 35.830000000000005,
            "gross_profit": 229674,
            "gross_margin": 88.86,
            "gross_margin_4q_avg": 94.37,
            "net_income": 117890,
            "net_income_4q": null,
            "revenue": 258479,
            "revenue_4q": null,
            "common_shares": 814343,
            "book_valuer_per_share": 22.99,
            "book_valuer_per_share_4q_avg": 22.44,
            "equity": 1872491,
            "current_ratio": 976.04,
            "debt_ratio": 9.05,
            "inventory_turnover_ratio": null,
            "account_receivable_turnover_ratio": null,
            "reinvestment_rate": 6.72,
            "research_to_sale_ratio": null,
            "price_fair": 250.43,
            "eps_avg_yearly": 7.16,
            "eps_latest_yearly": 6.16,
            "eps_growth_yearly": 64.04
        },
        "20081": {
            "year_quarter": 20081,
            "year": 2008,
            "quarter": 1,
            "eps": 1.62,
            "eps_growth_year": -38.4,
            "eps_4q": 6.59,
            "eps_4q_growth_year": -21.77,
            "roe": 6.87,
            "roe_4q": 30.57,
            "gross_profit": 289579,
            "gross_margin": 91.39,
            "gross_margin_4q_avg": 93.07,
            "net_income": 129840,
            "net_income_4q": null,
            "revenue": 316844,
            "revenue_4q": null,
            "common_shares": 814453,
            "book_valuer_per_share": 23.42,
            "book_valuer_per_share_4q_avg": 22.76,
            "equity": 1907567,
            "current_ratio": 1053.14,
            "debt_ratio": 8.43,
            "inventory_turnover_ratio": null,
            "account_receivable_turnover_ratio": null,
            "reinvestment_rate": 6.85,
            "research_to_sale_ratio": null,
            "price_fair": 266.53,
            "eps_avg_yearly": 7.62,
            "eps_latest_yearly": 6.48,
            "eps_growth_yearly": 100.65
        },
        "20082": {
            "year_quarter": 20082,
            "year": 2008,
            "quarter": 2,
            "eps": 1.34,
            "eps_growth_year": -29.47,
            "eps_4q": 5.89,
            "eps_4q_growth_year": -35.6,
            "roe": 6.56,
            "roe_4q": 28.189999999999998,
            "gross_profit": 251559,
            "gross_margin": 89.13,
            "gross_margin_4q_avg": 91.44,
            "net_income": 113041,
            "net_income_4q": null,
            "revenue": 282248,
            "revenue_4q": null,
            "common_shares": 814553,
            "book_valuer_per_share": 18.89,
            "book_valuer_per_share_4q_avg": 22.16,
            "equity": 1539071,
            "current_ratio": 293.93,
            "debt_ratio": 30.64,
            "inventory_turnover_ratio": null,
            "account_receivable_turnover_ratio": null,
            "reinvestment_rate": 6.08,
            "research_to_sale_ratio": null,
            "price_fair": 281.05,
            "eps_avg_yearly": 8.03,
            "eps_latest_yearly": 5.36,
            "eps_growth_yearly": 105.58
        },
        "20083": {
            "year_quarter": 20083,
            "year": 2008,
            "quarter": 3,
            "eps": 2.03,
            "eps_growth_year": 13.41,
            "eps_4q": 6.3,
            "eps_4q_growth_year": -32.49,
            "roe": 10.47,
            "roe_4q": 30.44,
            "gross_profit": 388731,
            "gross_margin": 96.47,
            "gross_margin_4q_avg": 91.46,
            "net_income": 171321,
            "net_income_4q": null,
            "revenue": 402956,
            "revenue_4q": null,
            "common_shares": 854787,
            "book_valuer_per_share": 20.28,
            "book_valuer_per_share_4q_avg": 21.4,
            "equity": 1733877,
            "current_ratio": 305.74,
            "debt_ratio": 29.84,
            "inventory_turnover_ratio": null,
            "account_receivable_turnover_ratio": null,
            "reinvestment_rate": 4.85,
            "research_to_sale_ratio": null,
            "price_fair": 281.4,
            "eps_avg_yearly": 8.04,
            "eps_latest_yearly": 8.12,
            "eps_growth_yearly": 116.74
        },
        "20084": {
            "year_quarter": 20084,
            "year": 2008,
            "quarter": 4,
            "eps": 2.87,
            "eps_growth_year": 86.36,
            "eps_4q": 7.77,
            "eps_4q_growth_year": 2.03,
            "roe": 13.25,
            "roe_4q": 37.15,
            "gross_profit": 544993,
            "gross_margin": 97.52,
            "gross_margin_4q_avg": 93.63,
            "net_income": 242411,
            "net_income_4q": null,
            "revenue": 558867,
            "revenue_4q": null,
            "common_shares": 861617,
            "book_valuer_per_share": 22.33,
            "book_valuer_per_share_4q_avg": 21.23,
            "equity": 1924223,
            "current_ratio": 511.49,
            "debt_ratio": 17.71,
            "inventory_turnover_ratio": null,
            "account_receivable_turnover_ratio": 3.36,
            "reinvestment_rate": 3.75,
            "research_to_sale_ratio": null,
            "price_fair": 293.44,
            "eps_avg_yearly": 8.38,
            "eps_latest_yearly": 11.48,
            "eps_growth_yearly": 121.62
        },
        "20091": {
            "year_quarter": 20091,
            "year": 2009,
            "quarter": 1,
            "eps": 4.09,
            "eps_growth_year": 152.47,
            "eps_4q": 10.36,
            "eps_4q_growth_year": 57.11,
            "roe": 16.35,
            "roe_4q": 46.63,
            "gross_profit": 590499,
            "gross_margin": 97.68,
            "gross_margin_4q_avg": 95.2,
            "net_income": 343838,
            "net_income_4q": null,
            "revenue": 604512,
            "revenue_4q": null,
            "common_shares": 861675,
            "book_valuer_per_share": 26.47,
            "book_valuer_per_share_4q_avg": 21.99,
            "equity": 2281201,
            "current_ratio": 685.9,
            "debt_ratio": 13.38,
            "inventory_turnover_ratio": null,
            "account_receivable_turnover_ratio": 2.09,
            "reinvestment_rate": 3.66,
            "research_to_sale_ratio": null,
            "price_fair": 318.82,
            "eps_avg_yearly": 9.11,
            "eps_latest_yearly": 16.36,
            "eps_growth_yearly": 126.02
        },
        "20092": {
            "year_quarter": 20092,
            "year": 2009,
            "quarter": 2,
            "eps": 2.12,
            "eps_growth_year": 58.21,
            "eps_4q": 11.12,
            "eps_4q_growth_year": 88.75,
            "roe": 8.52,
            "roe_4q": 48.59,
            "gross_profit": 399192,
            "gross_margin": 92.13,
            "gross_margin_4q_avg": 95.95,
            "net_income": 178402,
            "net_income_4q": null,
            "revenue": 433306,
            "revenue_4q": null,
            "common_shares": 861687,
            "book_valuer_per_share": 22.14,
            "book_valuer_per_share_4q_avg": 22.81,
            "equity": 1907555,
            "current_ratio": 285.94,
            "debt_ratio": 32.33,
            "inventory_turnover_ratio": null,
            "account_receivable_turnover_ratio": 1.74,
            "reinvestment_rate": 3.6,
            "research_to_sale_ratio": null,
            "price_fair": 316.98,
            "eps_avg_yearly": 9.06,
            "eps_latest_yearly": 8.48,
            "eps_growth_yearly": 99.46
        },
        "20093": {
            "year_quarter": 20093,
            "year": 2009,
            "quarter": 3,
            "eps": 3.79,
            "eps_growth_year": 86.7,
            "eps_4q": 12.88,
            "eps_4q_growth_year": 104.23,
            "roe": 15.44,
            "roe_4q": 53.56,
            "gross_profit": 574170,
            "gross_margin": 92.61,
            "gross_margin_4q_avg": 94.99,
            "net_income": 318942,
            "net_income_4q": null,
            "revenue": 619991,
            "revenue_4q": null,
            "common_shares": 861720,
            "book_valuer_per_share": 25.81,
            "book_valuer_per_share_4q_avg": 24.19,
            "equity": 2223826,
            "current_ratio": 309.4,
            "debt_ratio": 30.06,
            "inventory_turnover_ratio": null,
            "account_receivable_turnover_ratio": 2.19,
            "reinvestment_rate": 3.92,
            "research_to_sale_ratio": null,
            "price_fair": 333.42,
            "eps_avg_yearly": 9.53,
            "eps_latest_yearly": 15.16,
            "eps_growth_yearly": 116.05
        },
        "20094": {
            "year_quarter": 20094,
            "year": 2009,
            "quarter": 4,
            "eps": 2.29,
            "eps_growth_year": -20.21,
            "eps_4q": 11.05,
            "eps_4q_growth_year": 42.1,
            "roe": 8.1,
            "roe_4q": 48.410000000000004,
            "gross_profit": 531907,
            "gross_margin": 96.08,
            "gross_margin_4q_avg": 94.63,
            "net_income": 192897,
            "net_income_4q": null,
            "revenue": 553621,
            "revenue_4q": null,
            "common_shares": 867727,
            "book_valuer_per_share": 29.55,
            "book_valuer_per_share_4q_avg": 25.99,
            "equity": 2539815,
            "current_ratio": 659.35,
            "debt_ratio": 14.06,
            "inventory_turnover_ratio": null,
            "account_receivable_turnover_ratio": 4.4,
            "reinvestment_rate": 15.9,
            "research_to_sale_ratio": null,
            "price_fair": 332.5,
            "eps_avg_yearly": 9.5,
            "eps_latest_yearly": 9.16,
            "eps_growth_yearly": 96.45
        },
        "20101": {
            "year_quarter": 20101,
            "year": 2010,
            "quarter": 1,
            "eps": 3.19,
            "eps_growth_year": -22,
            "eps_4q": 11.2,
            "eps_4q_growth_year": 8.18,
            "roe": 10.26,
            "roe_4q": 42.31999999999999,
            "gross_profit": 570046,
            "gross_margin": 95.5,
            "gross_margin_4q_avg": 94.08,
            "net_income": 274702,
            "net_income_4q": null,
            "revenue": 596904,
            "revenue_4q": null,
            "common_shares": 878706,
            "book_valuer_per_share": 32.71,
            "book_valuer_per_share_4q_avg": 27.55,
            "equity": 2813901,
            "current_ratio": 711.97,
            "debt_ratio": 13.14,
            "inventory_turnover_ratio": null,
            "account_receivable_turnover_ratio": 2.27,
            "reinvestment_rate": 16.5,
            "research_to_sale_ratio": null,
            "price_fair": 340.11,
            "eps_avg_yearly": 9.72,
            "eps_latest_yearly": 12.76,
            "eps_growth_yearly": 100.5
        },
        "20102": {
            "year_quarter": 20102,
            "year": 2010,
            "quarter": 2,
            "eps": 1.79,
            "eps_growth_year": -15.37,
            "eps_4q": 10.94,
            "eps_4q_growth_year": -1.67,
            "roe": 6.33,
            "roe_4q": 40.129999999999995,
            "gross_profit": 425014,
            "gross_margin": 93.14,
            "gross_margin_4q_avg": 94.33,
            "net_income": 154355,
            "net_income_4q": null,
            "revenue": 456329,
            "revenue_4q": null,
            "common_shares": 879394,
            "book_valuer_per_share": 23.98,
            "book_valuer_per_share_4q_avg": 28.01,
            "equity": 2063032,
            "current_ratio": 230.44,
            "debt_ratio": 38.56,
            "inventory_turnover_ratio": null,
            "account_receivable_turnover_ratio": 1.63,
            "reinvestment_rate": 15.47,
            "research_to_sale_ratio": null,
            "price_fair": 334.51,
            "eps_avg_yearly": 9.56,
            "eps_latest_yearly": 7.16,
            "eps_growth_yearly": 83.25
        },
        "20103": {
            "year_quarter": 20103,
            "year": 2010,
            "quarter": 3,
            "eps": 2.97,
            "eps_growth_year": -21.74,
            "eps_4q": 10.2,
            "eps_4q_growth_year": -20.82,
            "roe": 11.67,
            "roe_4q": 36.36,
            "gross_profit": 586286,
            "gross_margin": 99.51,
            "gross_margin_4q_avg": 96.06,
            "net_income": 255183,
            "net_income_4q": null,
            "revenue": 589185,
            "revenue_4q": null,
            "common_shares": 879437,
            "book_valuer_per_share": 26.85,
            "book_valuer_per_share_4q_avg": 28.27,
            "equity": 2310287,
            "current_ratio": 243.98,
            "debt_ratio": 36.68,
            "inventory_turnover_ratio": null,
            "account_receivable_turnover_ratio": 1.73,
            "reinvestment_rate": 14.31,
            "research_to_sale_ratio": null,
            "price_fair": 345.54,
            "eps_avg_yearly": 9.87,
            "eps_latest_yearly": 11.88,
            "eps_growth_yearly": 52.27
        },
        "20104": {
            "year_quarter": 20104,
            "year": 2010,
            "quarter": 4,
            "eps": 2.35,
            "eps_growth_year": 2.48,
            "eps_4q": 9.93,
            "eps_4q_growth_year": -10.14,
            "roe": 8.73,
            "roe_4q": 36.989999999999995,
            "gross_profit": 539024,
            "gross_margin": 89.64,
            "gross_margin_4q_avg": 94.45,
            "net_income": 211858,
            "net_income_4q": null,
            "revenue": 601339,
            "revenue_4q": null,
            "common_shares": 879482,
            "book_valuer_per_share": 29.38,
            "book_valuer_per_share_4q_avg": 28.23,
            "equity": 2541852,
            "current_ratio": 590.34,
            "debt_ratio": 14.83,
            "inventory_turnover_ratio": null,
            "account_receivable_turnover_ratio": 1.79,
            "reinvestment_rate": 11.29,
            "research_to_sale_ratio": null,
            "price_fair": 291.57,
            "eps_avg_yearly": 9.58,
            "eps_latest_yearly": 9.4,
            "eps_growth_yearly": 20.44
        },
        "20111": {
            "year_quarter": 20111,
            "year": 2011,
            "quarter": 1,
            "eps": 1.82,
            "eps_growth_year": -42.95,
            "eps_4q": 8.96,
            "eps_4q_growth_year": -20.02,
            "roe": 5.91,
            "roe_4q": 32.64,
            "gross_profit": 499978,
            "gross_margin": 95.67,
            "gross_margin_4q_avg": 94.49,
            "net_income": 158452,
            "net_income_4q": null,
            "revenue": 522594,
            "revenue_4q": null,
            "common_shares": 884310,
            "book_valuer_per_share": 32.43,
            "book_valuer_per_share_4q_avg": 28.16,
            "equity": 2821832,
            "current_ratio": 701.49,
            "debt_ratio": 12.66,
            "inventory_turnover_ratio": null,
            "account_receivable_turnover_ratio": 2.03,
            "reinvestment_rate": 13.34,
            "research_to_sale_ratio": null,
            "price_fair": 292.3,
            "eps_avg_yearly": 9.38,
            "eps_latest_yearly": 7.28,
            "eps_growth_yearly": 21.18
        },
        "20112": {
            "year_quarter": 20112,
            "year": 2011,
            "quarter": 2,
            "eps": 0.71,
            "eps_growth_year": -60.32,
            "eps_4q": 7.95,
            "eps_4q_growth_year": -27.33,
            "roe": 2.57,
            "roe_4q": 28.880000000000003,
            "gross_profit": 326564,
            "gross_margin": 91.75,
            "gross_margin_4q_avg": 94.14,
            "net_income": 61547,
            "net_income_4q": null,
            "revenue": 355910,
            "revenue_4q": null,
            "common_shares": 884346,
            "book_valuer_per_share": 22.85,
            "book_valuer_per_share_4q_avg": 27.88,
            "equity": 1975080,
            "current_ratio": 235.23,
            "debt_ratio": 37.79,
            "inventory_turnover_ratio": null,
            "account_receivable_turnover_ratio": 1.62,
            "reinvestment_rate": 12.15,
            "research_to_sale_ratio": null,
            "price_fair": 207.61,
            "eps_avg_yearly": 9.08,
            "eps_latest_yearly": 2.84,
            "eps_growth_yearly": 12.87
        },
        "20113": {
            "year_quarter": 20113,
            "year": 2011,
            "quarter": 3,
            "eps": 0.62,
            "eps_growth_year": -79,
            "eps_4q": 5.62,
            "eps_4q_growth_year": -44.89,
            "roe": 2.68,
            "roe_4q": 19.89,
            "gross_profit": 302830,
            "gross_margin": 85.96,
            "gross_margin_4q_avg": 90.76,
            "net_income": 53850,
            "net_income_4q": null,
            "revenue": 352305,
            "revenue_4q": null,
            "common_shares": 884389,
            "book_valuer_per_share": 23.68,
            "book_valuer_per_share_4q_avg": 27.09,
            "equity": 2046633,
            "current_ratio": 236.82,
            "debt_ratio": 37.74,
            "inventory_turnover_ratio": null,
            "account_receivable_turnover_ratio": 1.91,
            "reinvestment_rate": 10.84,
            "research_to_sale_ratio": null,
            "price_fair": 185.8,
            "eps_avg_yearly": 8.79,
            "eps_latest_yearly": 2.48,
            "eps_growth_yearly": 11.15
        },
        "20114": {
            "year_quarter": 20114,
            "year": 2011,
            "quarter": 4,
            "eps": 0.45,
            "eps_growth_year": -80.65,
            "eps_4q": 3.63,
            "eps_4q_growth_year": -63.43,
            "roe": 1.9,
            "roe_4q": 13.06,
            "gross_profit": 258447,
            "gross_margin": 89.73,
            "gross_margin_4q_avg": 90.78,
            "net_income": 39161,
            "net_income_4q": null,
            "revenue": 288039,
            "revenue_4q": null,
            "common_shares": 874394,
            "book_valuer_per_share": 24.01,
            "book_valuer_per_share_4q_avg": 25.74,
            "equity": 2070452,
            "current_ratio": 622.39,
            "debt_ratio": 13.87,
            "inventory_turnover_ratio": null,
            "account_receivable_turnover_ratio": 1.86,
            "reinvestment_rate": 7.18,
            "research_to_sale_ratio": null,
            "price_fair": 151.4,
            "eps_avg_yearly": 8.51,
            "eps_latest_yearly": 1.8,
            "eps_growth_yearly": 7.79
        },
        "20121": {
            "year_quarter": 20121,
            "year": 2012,
            "quarter": 1,
            "eps": 0.11,
            "eps_growth_year": -93.96,
            "eps_4q": 1.91,
            "eps_4q_growth_year": -78.66,
            "roe": 0.45,
            "roe_4q": 7.6,
            "gross_profit": 249667,
            "gross_margin": 95.34,
            "gross_margin_4q_avg": 90.7,
            "net_income": 9341,
            "net_income_4q": null,
            "revenue": 261871,
            "revenue_4q": null,
            "common_shares": 874394,
            "book_valuer_per_share": 23.76,
            "book_valuer_per_share_4q_avg": 23.58,
            "equity": 2036609,
            "current_ratio": 653.2,
            "debt_ratio": 13.32,
            "inventory_turnover_ratio": null,
            "account_receivable_turnover_ratio": 1.9,
            "reinvestment_rate": 6.13,
            "research_to_sale_ratio": null,
            "price_fair": 24.41,
            "eps_avg_yearly": 8.14,
            "eps_latest_yearly": 0.44,
            "eps_growth_yearly": -12.4
        },
        "20122": {
            "year_quarter": 20122,
            "year": 2012,
            "quarter": 2,
            "eps": 0.31,
            "eps_growth_year": -55.97,
            "eps_4q": 1.51,
            "eps_4q_growth_year": -81.03,
            "roe": 1.41,
            "roe_4q": 6.4399999999999995,
            "gross_profit": 254402,
            "gross_margin": 96.37,
            "gross_margin_4q_avg": 91.85,
            "net_income": 26870,
            "net_income_4q": null,
            "revenue": 263997,
            "revenue_4q": null,
            "common_shares": 874394,
            "book_valuer_per_share": 20.79,
            "book_valuer_per_share_4q_avg": 23.06,
            "equity": 1782216,
            "current_ratio": 346.46,
            "debt_ratio": 25.36,
            "inventory_turnover_ratio": null,
            "account_receivable_turnover_ratio": 1.51,
            "reinvestment_rate": 5.9,
            "research_to_sale_ratio": null,
            "price_fair": 275.71,
            "eps_avg_yearly": 7.88,
            "eps_latest_yearly": 1.24,
            "eps_growth_yearly": 37.37
        },
        "20123": {
            "year_quarter": 20123,
            "year": 2012,
            "quarter": 3,
            "eps": 0.21,
            "eps_growth_year": -66.05,
            "eps_4q": 1.09,
            "eps_4q_growth_year": -80.58,
            "roe": 1.01,
            "roe_4q": 4.77,
            "gross_profit": 221994,
            "gross_margin": 95.02,
            "gross_margin_4q_avg": 94.12,
            "net_income": 18126,
            "net_income_4q": null,
            "revenue": 233641,
            "revenue_4q": null,
            "common_shares": 874394,
            "book_valuer_per_share": 20.97,
            "book_valuer_per_share_4q_avg": 22.38,
            "equity": 1797119,
            "current_ratio": 336.08,
            "debt_ratio": 26.35,
            "inventory_turnover_ratio": null,
            "account_receivable_turnover_ratio": 1.15,
            "reinvestment_rate": 5.47,
            "research_to_sale_ratio": null,
            "price_fair": 196.22,
            "eps_avg_yearly": 7.42,
            "eps_latest_yearly": 0.84,
            "eps_growth_yearly": 16.44
        },
        "20124": {
            "year_quarter": 20124,
            "year": 2012,
            "quarter": 4,
            "eps": -0.08,
            "eps_growth_year": -117.25,
            "eps_4q": 0.56,
            "eps_4q_growth_year": -84.69,
            "roe": -0.37,
            "roe_4q": 2.5,
            "gross_profit": 167261,
            "gross_margin": 91.64,
            "gross_margin_4q_avg": 94.59,
            "net_income": -6715,
            "net_income_4q": null,
            "revenue": 182529,
            "revenue_4q": null,
            "common_shares": 874394,
            "book_valuer_per_share": 20.89,
            "book_valuer_per_share_4q_avg": 21.6,
            "equity": 1790062,
            "current_ratio": 560.21,
            "debt_ratio": 15.76,
            "inventory_turnover_ratio": null,
            "account_receivable_turnover_ratio": 1.05,
            "reinvestment_rate": 4.07,
            "research_to_sale_ratio": null,
            "price_fair": 117.99,
            "eps_avg_yearly": 7.15,
            "eps_latest_yearly": 0.84,
            "eps_growth_yearly": 6.5
        },
        "20131": {
            "year_quarter": 20131,
            "year": 2013,
            "quarter": 1,
            "eps": 0.15,
            "eps_growth_year": 36.36,
            "eps_4q": 0.6,
            "eps_4q_growth_year": -68.85,
            "roe": 0.71,
            "roe_4q": 2.76,
            "gross_profit": 192125,
            "gross_margin": 95.01,
            "gross_margin_4q_avg": 94.51,
            "net_income": 12766,
            "net_income_4q": null,
            "revenue": 202225,
            "revenue_4q": null,
            "common_shares": 874394,
            "book_valuer_per_share": 20.88,
            "book_valuer_per_share_4q_avg": 20.88,
            "equity": 1789449,
            "current_ratio": 655.91,
            "debt_ratio": 13.57,
            "inventory_turnover_ratio": null,
            "account_receivable_turnover_ratio": 1.28,
            "reinvestment_rate": -1.97,
            "research_to_sale_ratio": 50.63,
            "price_fair": 19.48,
            "eps_avg_yearly": 6.49,
            "eps_latest_yearly": 0.84,
            "eps_growth_yearly": -5.18
        },
        "20132": {
            "year_quarter": 20132,
            "year": 2013,
            "quarter": 2,
            "eps": 0.34,
            "eps_growth_year": 8.45,
            "eps_4q": 0.63,
            "eps_4q_growth_year": -58.53,
            "roe": 1.65,
            "roe_4q": 3,
            "gross_profit": 197630,
            "gross_margin": 92.62,
            "gross_margin_4q_avg": 93.57,
            "net_income": 29409,
            "net_income_4q": null,
            "revenue": 213369,
            "revenue_4q": null,
            "common_shares": 874394,
            "book_valuer_per_share": 20.7,
            "book_valuer_per_share_4q_avg": 20.86,
            "equity": 1773691,
            "current_ratio": 743.58,
            "debt_ratio": 12.07,
            "inventory_turnover_ratio": null,
            "account_receivable_turnover_ratio": 1.5,
            "reinvestment_rate": -3.79,
            "research_to_sale_ratio": 45.42,
            "price_fair": 209.5,
            "eps_avg_yearly": 5.99,
            "eps_latest_yearly": 1.36,
            "eps_growth_yearly": 44.77
        },
        "20133": {
            "year_quarter": 20133,
            "year": 2013,
            "quarter": 3,
            "eps": -0.42,
            "eps_growth_year": -298.59,
            "eps_4q": -0.01,
            "eps_4q_growth_year": -100.79,
            "roe": -2.06,
            "roe_4q": -0.07000000000000017,
            "gross_profit": 137655,
            "gross_margin": 94.79,
            "gross_margin_4q_avg": 93.52,
            "net_income": -36202,
            "net_income_4q": null,
            "revenue": 145224,
            "revenue_4q": null,
            "common_shares": 874394,
            "book_valuer_per_share": 20.25,
            "book_valuer_per_share_4q_avg": 20.68,
            "equity": 1735932,
            "current_ratio": 785.81,
            "debt_ratio": 11.46,
            "inventory_turnover_ratio": null,
            "account_receivable_turnover_ratio": 1.36,
            "reinvestment_rate": -6.41,
            "research_to_sale_ratio": 62.84,
            "price_fair": 179.38,
            "eps_avg_yearly": 5.28,
            "eps_latest_yearly": 1.36,
            "eps_growth_yearly": 23.97
        },
        "20134": {
            "year_quarter": 20134,
            "year": 2013,
            "quarter": 4,
            "eps": -0.47,
            "eps_growth_year": null,
            "eps_4q": -0.4,
            "eps_4q_growth_year": -171.82,
            "roe": -2.34,
            "roe_4q": -2.0400000000000005,
            "gross_profit": 127194,
            "gross_margin": 93.53,
            "gross_margin_4q_avg": 93.99,
            "net_income": -40175,
            "net_income_4q": null,
            "revenue": 135996,
            "revenue_4q": null,
            "common_shares": 874394,
            "book_valuer_per_share": 19.79,
            "book_valuer_per_share_4q_avg": 20.41,
            "equity": 1695851,
            "current_ratio": 1005.39,
            "debt_ratio": 9,
            "inventory_turnover_ratio": null,
            "account_receivable_turnover_ratio": 1.69,
            "reinvestment_rate": -41.28,
            "research_to_sale_ratio": 61.75,
            "price_fair": 173.48,
            "eps_avg_yearly": 4.96,
            "eps_latest_yearly": 1.36,
            "eps_growth_yearly": 39.16
        },
        "20141": {
            "year_quarter": 20141,
            "year": 2014,
            "quarter": 1,
            "eps": -0.24,
            "eps_growth_year": -260,
            "eps_4q": -0.79,
            "eps_4q_growth_year": -233.01,
            "roe": -1.24,
            "roe_4q": -3.9900000000000007,
            "gross_profit": 135047,
            "gross_margin": 92.26,
            "gross_margin_4q_avg": 93.3,
            "net_income": -20930,
            "net_income_4q": null,
            "revenue": 146381,
            "revenue_4q": null,
            "common_shares": 874394,
            "book_valuer_per_share": 19.56,
            "book_valuer_per_share_4q_avg": 20.08,
            "equity": 1676640,
            "current_ratio": 1154.4,
            "debt_ratio": 7.92,
            "inventory_turnover_ratio": null,
            "account_receivable_turnover_ratio": 1.92,
            "reinvestment_rate": -53.99,
            "research_to_sale_ratio": 61.98,
            "price_fair": 148.65,
            "eps_avg_yearly": 4.25,
            "eps_latest_yearly": 1.36,
            "eps_growth_yearly": 28.43
        },
        "20142": {
            "year_quarter": 20142,
            "year": 2014,
            "quarter": 2,
            "eps": -0.5,
            "eps_growth_year": -247.06,
            "eps_4q": -1.63,
            "eps_4q_growth_year": -361.02,
            "roe": -2.57,
            "roe_4q": -8.209999999999999,
            "gross_profit": 101419,
            "gross_margin": 93.41,
            "gross_margin_4q_avg": 93.5,
            "net_income": -42564,
            "net_income_4q": null,
            "revenue": 108579,
            "revenue_4q": null,
            "common_shares": 864394,
            "book_valuer_per_share": 19.04,
            "book_valuer_per_share_4q_avg": 19.66,
            "equity": 1631925,
            "current_ratio": 1115.47,
            "debt_ratio": 8.27,
            "inventory_turnover_ratio": null,
            "account_receivable_turnover_ratio": 1.45,
            "reinvestment_rate": -68.29,
            "research_to_sale_ratio": 79.43,
            "price_fair": 138.46,
            "eps_avg_yearly": 3.96,
            "eps_latest_yearly": 1.36,
            "eps_growth_yearly": 48.83
        },
        "20143": {
            "year_quarter": 20143,
            "year": 2014,
            "quarter": 3,
            "eps": -0.67,
            "eps_growth_year": null,
            "eps_4q": -1.87,
            "eps_4q_growth_year": null,
            "roe": -3.55,
            "roe_4q": -9.7,
            "gross_profit": 78235,
            "gross_margin": 93.65,
            "gross_margin_4q_avg": 93.21,
            "net_income": -57017,
            "net_income_4q": null,
            "revenue": 83544,
            "revenue_4q": null,
            "common_shares": 864394,
            "book_valuer_per_share": 18.4,
            "book_valuer_per_share_4q_avg": 19.2,
            "equity": 1576672,
            "current_ratio": 1070.67,
            "debt_ratio": 8.67,
            "inventory_turnover_ratio": null,
            "account_receivable_turnover_ratio": 1.24,
            "reinvestment_rate": -117.93,
            "research_to_sale_ratio": 100.1,
            "price_fair": 107.52,
            "eps_avg_yearly": 3.08,
            "eps_latest_yearly": 1.36,
            "eps_growth_yearly": 24.96
        },
        "20144": {
            "year_quarter": 20144,
            "year": 2014,
            "quarter": 4,
            "eps": -0.95,
            "eps_growth_year": null,
            "eps_4q": -2.35,
            "eps_4q_growth_year": null,
            "roe": -5.27,
            "roe_4q": -12.63,
            "gross_profit": 52198,
            "gross_margin": 87.75,
            "gross_margin_4q_avg": 91.77,
            "net_income": -81318,
            "net_income_4q": null,
            "revenue": 59482,
            "revenue_4q": null,
            "common_shares": 864394,
            "book_valuer_per_share": 17.49,
            "book_valuer_per_share_4q_avg": 18.62,
            "equity": 1508562,
            "current_ratio": 976.5,
            "debt_ratio": 8.98,
            "inventory_turnover_ratio": null,
            "account_receivable_turnover_ratio": 1.02,
            "reinvestment_rate": -300.36,
            "research_to_sale_ratio": 142.05,
            "price_fair": 79.98,
            "eps_avg_yearly": 2.29,
            "eps_latest_yearly": 1.36,
            "eps_growth_yearly": 38.52
        },
        "20151": {
            "year_quarter": 20151,
            "year": 2015,
            "quarter": 1,
            "eps": -0.93,
            "eps_growth_year": null,
            "eps_4q": -3.04,
            "eps_4q_growth_year": null,
            "roe": -5.51,
            "roe_4q": -16.9,
            "gross_profit": 64378,
            "gross_margin": 93.19,
            "gross_margin_4q_avg": 92,
            "net_income": -80839,
            "net_income_4q": null,
            "revenue": 69083,
            "revenue_4q": null,
            "common_shares": 857044,
            "book_valuer_per_share": 16.55,
            "book_valuer_per_share_4q_avg": 17.87,
            "equity": 1426655,
            "current_ratio": 947.68,
            "debt_ratio": 9.3,
            "inventory_turnover_ratio": null,
            "account_receivable_turnover_ratio": 1.31,
            "reinvestment_rate": null,
            "research_to_sale_ratio": 128.9,
            "price_fair": 55,
            "eps_avg_yearly": 1.57,
            "eps_latest_yearly": 1.36,
            "eps_growth_yearly": 56.91
        },
        "20152": {
            "year_quarter": 20152,
            "year": 2015,
            "quarter": 2,
            "eps": -0.9,
            "eps_growth_year": null,
            "eps_4q": -3.44,
            "eps_4q_growth_year": null,
            "roe": -5.7,
            "roe_4q": -20.03,
            "gross_profit": 88789,
            "gross_margin": 88.11,
            "gross_margin_4q_avg": 90.68,
            "net_income": -79081,
            "net_income_4q": null,
            "revenue": 100765,
            "revenue_4q": null,
            "common_shares": 857044,
            "book_valuer_per_share": 15.64,
            "book_valuer_per_share_4q_avg": 17.02,
            "equity": 1347028,
            "current_ratio": 688.26,
            "debt_ratio": 12.82,
            "inventory_turnover_ratio": null,
            "account_receivable_turnover_ratio": 2.03,
            "reinvestment_rate": null,
            "research_to_sale_ratio": 80.49,
            "price_fair": 47.6,
            "eps_avg_yearly": 1.36,
            "eps_latest_yearly": 1.36,
            "eps_growth_yearly": 107.05
        },
        "20153": {
            "year_quarter": 20153,
            "year": 2015,
            "quarter": 3,
            "eps": -0.79,
            "eps_growth_year": null,
            "eps_4q": -3.57,
            "eps_4q_growth_year": null,
            "roe": -5.49,
            "roe_4q": -21.970000000000002,
            "gross_profit": 67688,
            "gross_margin": 78.09,
            "gross_margin_4q_avg": 86.79,
            "net_income": -72176,
            "net_income_4q": null,
            "revenue": 86675,
            "revenue_4q": null,
            "common_shares": 857044,
            "book_valuer_per_share": 14.86,
            "book_valuer_per_share_4q_avg": 16.14,
            "equity": 1280443,
            "current_ratio": 666.69,
            "debt_ratio": 13.07,
            "inventory_turnover_ratio": null,
            "account_receivable_turnover_ratio": 1.72,
            "reinvestment_rate": null,
            "research_to_sale_ratio": 90.67,
            "price_fair": 39.76,
            "eps_avg_yearly": 1.14,
            "eps_latest_yearly": 1.36,
            "eps_growth_yearly": 138.6
        },
        "20154": {
            "year_quarter": 20154,
            "year": 2015,
            "quarter": 4,
            "eps": -1,
            "eps_growth_year": null,
            "eps_4q": -3.61,
            "eps_4q_growth_year": null,
            "roe": -7.34,
            "roe_4q": -24.04,
            "gross_profit": 26578,
            "gross_margin": 30.42,
            "gross_margin_4q_avg": 72.45,
            "net_income": -90645,
            "net_income_4q": null,
            "revenue": 87359,
            "revenue_4q": null,
            "common_shares": 857044,
            "book_valuer_per_share": 13.86,
            "book_valuer_per_share_4q_avg": 15.23,
            "equity": 1189404,
            "current_ratio": 560.84,
            "debt_ratio": 15.42,
            "inventory_turnover_ratio": null,
            "account_receivable_turnover_ratio": 1.87,
            "reinvestment_rate": null,
            "research_to_sale_ratio": 80.66,
            "price_fair": 33.95,
            "eps_avg_yearly": 0.97,
            "eps_latest_yearly": 1.36,
            "eps_growth_yearly": 200.67
        },
        "20161": {
            "year_quarter": 20161,
            "year": 2016,
            "quarter": 1,
            "eps": -0.49,
            "eps_growth_year": null,
            "eps_4q": -3.18,
            "eps_4q_growth_year": null,
            "roe": -3.71,
            "roe_4q": -22.24,
            "gross_profit": 75345,
            "gross_margin": 86.22,
            "gross_margin_4q_avg": 70.71,
            "net_income": -43246,
            "net_income_4q": null,
            "revenue": 87392,
            "revenue_4q": null,
            "common_shares": 857044,
            "book_valuer_per_share": 13.33,
            "book_valuer_per_share_4q_avg": 14.42,
            "equity": 1143748,
            "current_ratio": 489.43,
            "debt_ratio": 17.48,
            "inventory_turnover_ratio": null,
            "account_receivable_turnover_ratio": 2.21,
            "reinvestment_rate": null,
            "research_to_sale_ratio": 90.87,
            "price_fair": 40.13,
            "eps_avg_yearly": 1.15,
            "eps_latest_yearly": 1.36,
            "eps_growth_yearly": 368.3
        },
        "20162": {
            "year_quarter": 20162,
            "year": 2016,
            "quarter": 2,
            "eps": -0.22,
            "eps_growth_year": null,
            "eps_4q": -2.5,
            "eps_4q_growth_year": null,
            "roe": -1.53,
            "roe_4q": -18.07,
            "gross_profit": 70881,
            "gross_margin": 85.82,
            "gross_margin_4q_avg": 70.14,
            "net_income": -17324,
            "net_income_4q": null,
            "revenue": 82593,
            "revenue_4q": null,
            "common_shares": 857044,
            "book_valuer_per_share": 13.05,
            "book_valuer_per_share_4q_avg": 13.78,
            "equity": 1120648,
            "current_ratio": 512.25,
            "debt_ratio": 16.75,
            "inventory_turnover_ratio": null,
            "account_receivable_turnover_ratio": 1.92,
            "reinvestment_rate": null,
            "research_to_sale_ratio": 75.79,
            "price_fair": 38.5,
            "eps_avg_yearly": 1.1,
            "eps_latest_yearly": 1.36,
            "eps_growth_yearly": 188.82
        },
        "20163": {
            "year_quarter": 20163,
            "year": 2016,
            "quarter": 3,
            "eps": -0.21,
            "eps_growth_year": null,
            "eps_4q": -1.92,
            "eps_4q_growth_year": null,
            "roe": -1.79,
            "roe_4q": -14.370000000000001,
            "gross_profit": 68329,
            "gross_margin": 87.49,
            "gross_margin_4q_avg": 72.49,
            "net_income": -19859,
            "net_income_4q": null,
            "revenue": 78101,
            "revenue_4q": null,
            "common_shares": 857044,
            "book_valuer_per_share": 12.73,
            "book_valuer_per_share_4q_avg": 13.24,
            "equity": 1098984,
            "current_ratio": 587.58,
            "debt_ratio": 14.56,
            "inventory_turnover_ratio": null,
            "account_receivable_turnover_ratio": 1.85,
            "reinvestment_rate": null,
            "research_to_sale_ratio": 78.52,
            "price_fair": 47.6,
            "eps_avg_yearly": 1.36,
            "eps_latest_yearly": 1.36,
            "eps_growth_yearly": 506.67
        },
        "20164": {
            "year_quarter": 20164,
            "year": 2016,
            "quarter": 4,
            "eps": 0.02,
            "eps_growth_year": null,
            "eps_4q": -0.9,
            "eps_4q_growth_year": null,
            "roe": -0.28,
            "roe_4q": -7.3100000000000005,
            "gross_profit": 75447,
            "gross_margin": 76.9,
            "gross_margin_4q_avg": 84.11,
            "net_income": -3072,
            "net_income_4q": null,
            "revenue": 98116,
            "revenue_4q": null,
            "common_shares": 857044,
            "book_valuer_per_share": 12.77,
            "book_valuer_per_share_4q_avg": 12.97,
            "equity": 1105116,
            "current_ratio": 670,
            "debt_ratio": 13.04,
            "inventory_turnover_ratio": null,
            "account_receivable_turnover_ratio": 2.49,
            "reinvestment_rate": null,
            "research_to_sale_ratio": 59.11,
            "price_fair": 47.6,
            "eps_avg_yearly": 1.36,
            "eps_latest_yearly": 1.36,
            "eps_growth_yearly": 506.67
        },
        "20171": {
            "year_quarter": 20171,
            "year": 2017,
            "quarter": 1,
            "eps": 0,
            "eps_growth_year": null,
            "eps_4q": -0.41,
            "eps_4q_growth_year": null,
            "roe": -0.53,
            "roe_4q": -4.13,
            "gross_profit": 82307,
            "gross_margin": 97.33,
            "gross_margin_4q_avg": 86.89,
            "net_income": -5852,
            "net_income_4q": null,
            "revenue": 84564,
            "revenue_4q": null,
            "common_shares": 857044,
            "book_valuer_per_share": 12.61,
            "book_valuer_per_share_4q_avg": 12.79,
            "equity": 1085548,
            "current_ratio": 776.81,
            "debt_ratio": 11.34,
            "inventory_turnover_ratio": null,
            "account_receivable_turnover_ratio": 1.97,
            "reinvestment_rate": null,
            "research_to_sale_ratio": 68.24,
            "price_fair": 47.6,
            "eps_avg_yearly": 1.36,
            "eps_latest_yearly": 1.36,
            "eps_growth_yearly": 506.67
        },
        "20172": {
            "year_quarter": 20172,
            "year": 2017,
            "quarter": 2,
            "eps": 0,
            "eps_growth_year": null,
            "eps_4q": -0.18,
            "eps_4q_growth_year": null,
            "roe": -0.12,
            "roe_4q": -2.72,
            "gross_profit": 95873,
            "gross_margin": 96.2,
            "gross_margin_4q_avg": 89.48,
            "net_income": -1287,
            "net_income_4q": null,
            "revenue": 99660,
            "revenue_4q": null,
            "common_shares": 857044,
            "book_valuer_per_share": 12.76,
            "book_valuer_per_share_4q_avg": 12.72,
            "equity": 1104096,
            "current_ratio": 709.76,
            "debt_ratio": 12.38,
            "inventory_turnover_ratio": null,
            "account_receivable_turnover_ratio": 1.73,
            "reinvestment_rate": null,
            "research_to_sale_ratio": 60.02,
            "price_fair": 0,
            "eps_avg_yearly": 0,
            "eps_latest_yearly": 0,
            "eps_growth_yearly": 0
        },
        "20173": {
            "year_quarter": 20173,
            "year": 2017,
            "quarter": 3,
            "eps": -0.12,
            "eps_growth_year": null,
            "eps_4q": -0.09,
            "eps_4q_growth_year": null,
            "roe": -0.38,
            "roe_4q": -1.31,
            "gross_profit": 96219,
            "gross_margin": 94.47,
            "gross_margin_4q_avg": 91.23,
            "net_income": -4186,
            "net_income_4q": null,
            "revenue": 101850,
            "revenue_4q": null,
            "common_shares": 857044,
            "book_valuer_per_share": 12.7,
            "book_valuer_per_share_4q_avg": 12.71,
            "equity": 1105266,
            "current_ratio": 687.61,
            "debt_ratio": 13.09,
            "inventory_turnover_ratio": null,
            "account_receivable_turnover_ratio": 1.31,
            "reinvestment_rate": null,
            "research_to_sale_ratio": 53.21,
            "price_fair": 0,
            "eps_avg_yearly": 0,
            "eps_latest_yearly": 0,
            "eps_growth_yearly": 0
        },
        "20174": {
            "year_quarter": 20174,
            "year": 2017,
            "quarter": 4,
            "eps": -0.62,
            "eps_growth_year": -3987.1,
            "eps_4q": -0.73,
            "eps_4q_growth_year": null,
            "roe": -4.97,
            "roe_4q": -6,
            "gross_profit": 49740,
            "gross_margin": 61.08,
            "gross_margin_4q_avg": 87.27,
            "net_income": -53878,
            "net_income_4q": null,
            "revenue": 81435,
            "revenue_4q": null,
            "common_shares": 857044,
            "book_valuer_per_share": 12.23,
            "book_valuer_per_share_4q_avg": 12.58,
            "equity": 1064163,
            "current_ratio": 635.36,
            "debt_ratio": 13.97,
            "inventory_turnover_ratio": null,
            "account_receivable_turnover_ratio": 0.98,
            "reinvestment_rate": null,
            "research_to_sale_ratio": 66.81,
            "price_fair": 0,
            "eps_avg_yearly": 0,
            "eps_latest_yearly": 0,
            "eps_growth_yearly": 0
        },
        "20181": {
            "year_quarter": 20181,
            "year": 2018,
            "quarter": 1,
            "eps": -0.17,
            "eps_growth_year": null,
            "eps_4q": -0.9,
            "eps_4q_growth_year": null,
            "roe": -0.91,
            "roe_4q": -6.38,
            "gross_profit": 78554,
            "gross_margin": 83.09,
            "gross_margin_4q_avg": 83.71,
            "net_income": -9673,
            "net_income_4q": null,
            "revenue": 94545,
            "revenue_4q": null,
            "common_shares": 857044,
            "book_valuer_per_share": 12.08,
            "book_valuer_per_share_4q_avg": 12.44,
            "equity": 1059388,
            "current_ratio": 633.11,
            "debt_ratio": 14.03,
            "inventory_turnover_ratio": null,
            "account_receivable_turnover_ratio": 1.19,
            "reinvestment_rate": null,
            "research_to_sale_ratio": 51.61,
            "price_fair": 0,
            "eps_avg_yearly": 0,
            "eps_latest_yearly": 0,
            "eps_growth_yearly": 0
        },
        "20182": {
            "year_quarter": 20182,
            "year": 2018,
            "quarter": 2,
            "eps": -0.23,
            "eps_growth_year": null,
            "eps_4q": -1.13,
            "eps_4q_growth_year": null,
            "roe": -1.15,
            "roe_4q": -7.409999999999999,
            "gross_profit": 86941,
            "gross_margin": 88.75,
            "gross_margin_4q_avg": 81.85,
            "net_income": -12098,
            "net_income_4q": null,
            "revenue": 97961,
            "revenue_4q": null,
            "common_shares": 857044,
            "book_valuer_per_share": 11.66,
            "book_valuer_per_share_4q_avg": 12.17,
            "equity": 1040506,
            "current_ratio": 422.69,
            "debt_ratio": 18.15,
            "inventory_turnover_ratio": null,
            "account_receivable_turnover_ratio": 0.99,
            "reinvestment_rate": null,
            "research_to_sale_ratio": 52.8,
            "price_fair": 0,
            "eps_avg_yearly": 0,
            "eps_latest_yearly": 0,
            "eps_growth_yearly": 0
        },
        "20183": {
            "year_quarter": 20183,
            "year": 2018,
            "quarter": 3,
            "eps": 0.07,
            "eps_growth_year": null,
            "eps_4q": -0.94,
            "eps_4q_growth_year": null,
            "roe": 0.88,
            "roe_4q": -6.1499999999999995,
            "gross_profit": 120579,
            "gross_margin": 76.97,
            "gross_margin_4q_avg": 77.47,
            "net_income": 9090,
            "net_income_4q": null,
            "revenue": 156665,
            "revenue_4q": null,
            "common_shares": 857044,
            "book_valuer_per_share": 11.39,
            "book_valuer_per_share_4q_avg": 11.84,
            "equity": 1020789,
            "current_ratio": 440.33,
            "debt_ratio": 17.81,
            "inventory_turnover_ratio": null,
            "account_receivable_turnover_ratio": 1.17,
            "reinvestment_rate": null,
            "research_to_sale_ratio": 36.63,
            "price_fair": 0,
            "eps_avg_yearly": 0,
            "eps_latest_yearly": 0,
            "eps_growth_yearly": 0
        },
        "20184": {
            "year_quarter": 20184,
            "year": 2018,
            "quarter": 4,
            "eps": 0.78,
            "eps_growth_year": null,
            "eps_4q": 0.45,
            "eps_4q_growth_year": null,
            "roe": 6.1,
            "roe_4q": 4.92,
            "gross_profit": 194735,
            "gross_margin": 77.56,
            "gross_margin_4q_avg": 81.59,
            "net_income": 63827,
            "net_income_4q": null,
            "revenue": 251066,
            "revenue_4q": null,
            "common_shares": 857044,
            "book_valuer_per_share": 11.99,
            "book_valuer_per_share_4q_avg": 11.78,
            "equity": 1070199,
            "current_ratio": 477.52,
            "debt_ratio": 17.02,
            "inventory_turnover_ratio": null,
            "account_receivable_turnover_ratio": 1.62,
            "reinvestment_rate": null,
            "research_to_sale_ratio": 28.57,
            "price_fair": 109.2,
            "eps_avg_yearly": 3.12,
            "eps_latest_yearly": 3.12,
            "eps_growth_yearly": 4057.14
        },
        "20191": {
            "year_quarter": 20191,
            "year": 2019,
            "quarter": 1,
            "eps": 0.44,
            "eps_growth_year": null,
            "eps_4q": 1.06,
            "eps_4q_growth_year": null,
            "roe": 3.41,
            "roe_4q": 9.24,
            "gross_profit": 154033,
            "gross_margin": 82.96,
            "gross_margin_4q_avg": 81.56,
            "net_income": 37723,
            "net_income_4q": null,
            "revenue": 185667,
            "revenue_4q": null,
            "common_shares": 857044,
            "book_valuer_per_share": 12.81,
            "book_valuer_per_share_4q_avg": 11.96,
            "equity": 1140517,
            "current_ratio": 527.66,
            "debt_ratio": 15.16,
            "inventory_turnover_ratio": null,
            "account_receivable_turnover_ratio": 1.19,
            "reinvestment_rate": null,
            "research_to_sale_ratio": 35.5,
            "price_fair": 85.4,
            "eps_avg_yearly": 2.44,
            "eps_latest_yearly": 1.76,
            "eps_growth_yearly": 1941.39
        },
        "20192": {
            "year_quarter": 20192,
            "year": 2019,
            "quarter": 2,
            "eps": 0.29,
            "eps_growth_year": null,
            "eps_4q": 1.58,
            "eps_4q_growth_year": null,
            "roe": 2.46,
            "roe_4q": 12.85,
            "gross_profit": 152550,
            "gross_margin": 83.39,
            "gross_margin_4q_avg": 80.22,
            "net_income": 28465,
            "net_income_4q": null,
            "revenue": 182940,
            "revenue_4q": null,
            "common_shares": 857044,
            "book_valuer_per_share": 13.04,
            "book_valuer_per_share_4q_avg": 12.31,
            "equity": 1177551,
            "current_ratio": 507.68,
            "debt_ratio": 17.04,
            "inventory_turnover_ratio": null,
            "account_receivable_turnover_ratio": 1.12,
            "reinvestment_rate": null,
            "research_to_sale_ratio": 37.7,
            "price_fair": 70.47,
            "eps_avg_yearly": 2.01,
            "eps_latest_yearly": 1.16,
            "eps_growth_yearly": 1248.81
        },
        "20193": {
            "year_quarter": 20193,
            "year": 2019,
            "quarter": 3,
            "eps": 0.21,
            "eps_growth_year": 200,
            "eps_4q": 1.72,
            "eps_4q_growth_year": null,
            "roe": 1.89,
            "roe_4q": 13.86,
            "gross_profit": 147237,
            "gross_margin": 86.28,
            "gross_margin_4q_avg": 82.55,
            "net_income": 22600,
            "net_income_4q": null,
            "revenue": 170644,
            "revenue_4q": null,
            "common_shares": 857044,
            "book_valuer_per_share": 13.46,
            "book_valuer_per_share_4q_avg": 12.83,
            "equity": 1215545,
            "current_ratio": 493.34,
            "debt_ratio": 17.03,
            "inventory_turnover_ratio": null,
            "account_receivable_turnover_ratio": 1.07,
            "reinvestment_rate": null,
            "research_to_sale_ratio": 43.46,
            "price_fair": 60.2,
            "eps_avg_yearly": 1.72,
            "eps_latest_yearly": 0.84,
            "eps_growth_yearly": 909.02
        },
        "20194": {
            "year_quarter": 20194,
            "year": 2019,
            "quarter": 4,
            "eps": -0.02,
            "eps_growth_year": -102.96,
            "eps_4q": 0.92,
            "eps_4q_growth_year": 102.33,
            "roe": -0.42,
            "roe_4q": 7.34,
            "gross_profit": 106054,
            "gross_margin": 85.75,
            "gross_margin_4q_avg": 84.6,
            "net_income": -5041,
            "net_income_4q": null,
            "revenue": 123677,
            "revenue_4q": null,
            "common_shares": 857044,
            "book_valuer_per_share": 13.33,
            "book_valuer_per_share_4q_avg": 13.16,
            "equity": 1201224,
            "current_ratio": 628.85,
            "debt_ratio": 13.12,
            "inventory_turnover_ratio": null,
            "account_receivable_turnover_ratio": 1.08,
            "reinvestment_rate": null,
            "research_to_sale_ratio": 53.89,
            "price_fair": 60.2,
            "eps_avg_yearly": 1.72,
            "eps_latest_yearly": 0.84,
            "eps_growth_yearly": 909.02
        },
        "20201": {
            "year_quarter": 20201,
            "year": 2020,
            "quarter": 1,
            "eps": -0.1,
            "eps_growth_year": -122.73,
            "eps_4q": 0.38,
            "eps_4q_growth_year": -64.2,
            "roe": -0.94,
            "roe_4q": 2.99,
            "gross_profit": 98987,
            "gross_margin": 86.83,
            "gross_margin_4q_avg": 85.56,
            "net_income": -11058,
            "net_income_4q": null,
            "revenue": 114001,
            "revenue_4q": null,
            "common_shares": 857044,
            "book_valuer_per_share": 12.85,
            "book_valuer_per_share_4q_avg": 13.17,
            "equity": 1157780,
            "current_ratio": 638.47,
            "debt_ratio": 13.1,
            "inventory_turnover_ratio": null,
            "account_receivable_turnover_ratio": 1.31,
            "reinvestment_rate": 1142.53,
            "research_to_sale_ratio": 55.64,
            "price_fair": 60.2,
            "eps_avg_yearly": 1.72,
            "eps_latest_yearly": 0.84,
            "eps_growth_yearly": 909.02
        },
        "20202": {
            "year_quarter": 20202,
            "year": 2020,
            "quarter": 2,
            "eps": -0.02,
            "eps_growth_year": -106.9,
            "eps_4q": 0.07,
            "eps_4q_growth_year": -95.69,
            "roe": 0.57,
            "roe_4q": 1.0999999999999999,
            "gross_profit": 114266,
            "gross_margin": 90.39,
            "gross_margin_4q_avg": 87.31,
            "net_income": 6957,
            "net_income_4q": null,
            "revenue": 126409,
            "revenue_4q": null,
            "common_shares": 860234,
            "book_valuer_per_share": 14.38,
            "book_valuer_per_share_4q_avg": 13.51,
            "equity": 1292682,
            "current_ratio": 724.28,
            "debt_ratio": 10.5,
            "inventory_turnover_ratio": null,
            "account_receivable_turnover_ratio": 1.37,
            "reinvestment_rate": 935.26,
            "research_to_sale_ratio": 48.45,
            "price_fair": 60.2,
            "eps_avg_yearly": 1.72,
            "eps_latest_yearly": 0.84,
            "eps_growth_yearly": 909.02
        },
        "20203": {
            "year_quarter": 20203,
            "year": 2020,
            "quarter": 3,
            "eps": 0.11,
            "eps_growth_year": -47.62,
            "eps_4q": -0.04,
            "eps_4q_growth_year": -102.18,
            "roe": 1.18,
            "roe_4q": 0.39000000000000007,
            "gross_profit": 95531,
            "gross_margin": 84.68,
            "gross_margin_4q_avg": 86.91,
            "net_income": 14867,
            "net_income_4q": null,
            "revenue": 112814,
            "revenue_4q": null,
            "common_shares": 861164,
            "book_valuer_per_share": 13.48,
            "book_valuer_per_share_4q_avg": 13.51,
            "equity": 1221734,
            "current_ratio": 768.44,
            "debt_ratio": 10.46,
            "inventory_turnover_ratio": null,
            "account_receivable_turnover_ratio": 1.19,
            "reinvestment_rate": 348.9,
            "research_to_sale_ratio": 48.8,
            "price_fair": 60.2,
            "eps_avg_yearly": 1.72,
            "eps_latest_yearly": 0.84,
            "eps_growth_yearly": 909.02
        },
        "20204": {
            "year_quarter": 20204,
            "year": 2020,
            "quarter": 4,
            "eps": 0.03,
            "eps_growth_year": null,
            "eps_4q": 0.01,
            "eps_4q_growth_year": -98.67,
            "roe": 0.22,
            "roe_4q": 1.0299999999999998,
            "gross_profit": 90712,
            "gross_margin": 86.54,
            "gross_margin_4q_avg": 87.11,
            "net_income": 2763,
            "net_income_4q": null,
            "revenue": 104816,
            "revenue_4q": null,
            "common_shares": 861164,
            "book_valuer_per_share": 14.23,
            "book_valuer_per_share_4q_avg": 13.74,
            "equity": 1255640,
            "current_ratio": 921.08,
            "debt_ratio": 8.39,
            "inventory_turnover_ratio": null,
            "account_receivable_turnover_ratio": 1.24,
            "reinvestment_rate": 452.84,
            "research_to_sale_ratio": 44.45,
            "price_fair": 49,
            "eps_avg_yearly": 1.4,
            "eps_latest_yearly": 0.12,
            "eps_growth_yearly": 669.03
        },
        "20211": {
            "year_quarter": 20211,
            "year": 2021,
            "quarter": 1,
            "eps": -0.19,
            "eps_growth_year": null,
            "eps_4q": -0.08,
            "eps_4q_growth_year": -120.63,
            "roe": -1.35,
            "roe_4q": 0.6199999999999998,
            "gross_profit": 72569,
            "gross_margin": 84.44,
            "gross_margin_4q_avg": 86.51,
            "net_income": -17096,
            "net_income_4q": null,
            "revenue": 85939,
            "revenue_4q": null,
            "common_shares": 861164,
            "book_valuer_per_share": 14.51,
            "book_valuer_per_share_4q_avg": 14.15,
            "equity": 1279403,
            "current_ratio": 1157.77,
            "debt_ratio": 6.47,
            "inventory_turnover_ratio": null,
            "account_receivable_turnover_ratio": 1.24,
            "reinvestment_rate": 757.4,
            "research_to_sale_ratio": 52.56,
            "price_fair": 49,
            "eps_avg_yearly": 1.4,
            "eps_latest_yearly": 0.12,
            "eps_growth_yearly": 669.03
        },
        "20212": {
            "year_quarter": 20212,
            "year": 2021,
            "quarter": 2,
            "eps": -0.21,
            "eps_growth_year": null,
            "eps_4q": -0.27,
            "eps_4q_growth_year": -491.56,
            "roe": -1.35,
            "roe_4q": -1.3,
            "gross_profit": 68675,
            "gross_margin": 86.31,
            "gross_margin_4q_avg": 85.49,
            "net_income": -16833,
            "net_income_4q": null,
            "revenue": 79570,
            "revenue_4q": null,
            "common_shares": 862526,
            "book_valuer_per_share": 13.78,
            "book_valuer_per_share_4q_avg": 14,
            "equity": 1216639,
            "current_ratio": 776.39,
            "debt_ratio": 9.59,
            "inventory_turnover_ratio": null,
            "account_receivable_turnover_ratio": 1.28,
            "reinvestment_rate": 1173.9,
            "research_to_sale_ratio": 61.92,
            "price_fair": 49,
            "eps_avg_yearly": 1.4,
            "eps_latest_yearly": 0.12,
            "eps_growth_yearly": 669.03
        },
        "20213": {
            "year_quarter": 20213,
            "year": 2021,
            "quarter": 3,
            "eps": 0.18,
            "eps_growth_year": 63.64,
            "eps_4q": -0.19,
            "eps_4q_growth_year": null,
            "roe": 1.46,
            "roe_4q": -1.0200000000000002,
            "gross_profit": 84089,
            "gross_margin": 86.44,
            "gross_margin_4q_avg": 85.93,
            "net_income": 17467,
            "net_income_4q": null,
            "revenue": 97281,
            "revenue_4q": null,
            "common_shares": 862674,
            "book_valuer_per_share": 13.31,
            "book_valuer_per_share_4q_avg": 13.96,
            "equity": 1177593,
            "current_ratio": 889.24,
            "debt_ratio": 8.74,
            "inventory_turnover_ratio": null,
            "account_receivable_turnover_ratio": 1.58,
            "reinvestment_rate": 448.6,
            "research_to_sale_ratio": 52.99,
            "price_fair": 49,
            "eps_avg_yearly": 1.4,
            "eps_latest_yearly": 0.12,
            "eps_growth_yearly": 669.03
        },
        "20214": {
            "year_quarter": 20214,
            "year": 2021,
            "quarter": 4,
            "eps": -0.24,
            "eps_growth_year": -996.93,
            "eps_4q": -0.46,
            "eps_4q_growth_year": -3837.4,
            "roe": -1.86,
            "roe_4q": -3.1000000000000005,
            "gross_profit": 65777,
            "gross_margin": 83.13,
            "gross_margin_4q_avg": 85.08,
            "net_income": -22068,
            "net_income_4q": null,
            "revenue": 79124,
            "revenue_4q": null,
            "common_shares": 862697,
            "book_valuer_per_share": 13.47,
            "book_valuer_per_share_4q_avg": 13.77,
            "equity": 1190202,
            "current_ratio": 786.71,
            "debt_ratio": 9.46,
            "inventory_turnover_ratio": null,
            "account_receivable_turnover_ratio": 1.4,
            "reinvestment_rate": 288.26,
            "research_to_sale_ratio": 58.85,
            "price_fair": 49,
            "eps_avg_yearly": 1.4,
            "eps_latest_yearly": 0.12,
            "eps_growth_yearly": 669.03
        },
        "20221": {
            "year_quarter": 20221,
            "year": 2022,
            "quarter": 1,
            "eps": -0.18,
            "eps_growth_year": null,
            "eps_4q": -0.45,
            "eps_4q_growth_year": null,
            "roe": -1.46,
            "roe_4q": -3.2100000000000004,
            "gross_profit": 67587,
            "gross_margin": 77.07,
            "gross_margin_4q_avg": 83.24,
            "net_income": -17229,
            "net_income_4q": null,
            "revenue": 87701,
            "revenue_4q": null,
            "common_shares": 862717,
            "book_valuer_per_share": 13.16,
            "book_valuer_per_share_4q_avg": 13.43,
            "equity": 1162347,
            "current_ratio": 828.62,
            "debt_ratio": 9.18,
            "inventory_turnover_ratio": null,
            "account_receivable_turnover_ratio": 1.89,
            "reinvestment_rate": 265.64,
            "research_to_sale_ratio": 59.59,
            "price_fair": 49,
            "eps_avg_yearly": 1.4,
            "eps_latest_yearly": 0.12,
            "eps_growth_yearly": 669.03
        },
        "20222": {
            "year_quarter": 20222,
            "year": 2022,
            "quarter": 2,
            "eps": 0.2,
            "eps_growth_year": null,
            "eps_4q": -0.05,
            "eps_4q_growth_year": null,
            "roe": 1.6,
            "roe_4q": -0.26,
            "gross_profit": 102002,
            "gross_margin": 85.16,
            "gross_margin_4q_avg": 82.95,
            "net_income": 18437,
            "net_income_4q": null,
            "revenue": 119781,
            "revenue_4q": null,
            "common_shares": 863794,
            "book_valuer_per_share": 12.81,
            "book_valuer_per_share_4q_avg": 13.19,
            "equity": 1135577,
            "current_ratio": 697.29,
            "debt_ratio": 12.36,
            "inventory_turnover_ratio": null,
            "account_receivable_turnover_ratio": 2.12,
            "reinvestment_rate": 21.11,
            "research_to_sale_ratio": 38.67,
            "price_fair": 49,
            "eps_avg_yearly": 1.4,
            "eps_latest_yearly": 0.12,
            "eps_growth_yearly": 669.03
        },
        "20223": {
            "year_quarter": 20223,
            "year": 2022,
            "quarter": 3,
            "eps": -0.14,
            "eps_growth_year": -177.78,
            "eps_4q": -0.37,
            "eps_4q_growth_year": null,
            "roe": -1.12,
            "roe_4q": -2.84,
            "gross_profit": 68049,
            "gross_margin": 83.94,
            "gross_margin_4q_avg": 82.33,
            "net_income": -12602,
            "net_income_4q": null,
            "revenue": 81065,
            "revenue_4q": null,
            "common_shares": 864062,
            "book_valuer_per_share": 12.52,
            "book_valuer_per_share_4q_avg": 12.99,
            "equity": 1110913,
            "current_ratio": 771.3,
            "debt_ratio": 11.41,
            "inventory_turnover_ratio": null,
            "account_receivable_turnover_ratio": 1.38,
            "reinvestment_rate": 27.69,
            "research_to_sale_ratio": 59.32,
            "price_fair": 49,
            "eps_avg_yearly": 1.4,
            "eps_latest_yearly": 0.12,
            "eps_growth_yearly": 669.03
        },
        "20224": {
            "year_quarter": 20224,
            "year": 2022,
            "quarter": 4,
            "eps": -0.14,
            "eps_growth_year": null,
            "eps_4q": -0.26,
            "eps_4q_growth_year": null,
            "roe": -1.01,
            "roe_4q": -1.9899999999999998,
            "gross_profit": 64117,
            "gross_margin": 82.4,
            "gross_margin_4q_avg": 82.14,
            "net_income": -11298,
            "net_income_4q": null,
            "revenue": 77814,
            "revenue_4q": null,
            "common_shares": 864062,
            "book_valuer_per_share": 12.74,
            "book_valuer_per_share_4q_avg": 12.81,
            "equity": 1129521,
            "current_ratio": 736.05,
            "debt_ratio": 10.81,
            "inventory_turnover_ratio": null,
            "account_receivable_turnover_ratio": 1.56,
            "reinvestment_rate": 407.19,
            "research_to_sale_ratio": 56.54,
            "price_fair": 2.91,
            "eps_avg_yearly": 0.97,
            "eps_latest_yearly": 0.12,
            "eps_growth_yearly": -177.99
        },
        "20231": {
            "year_quarter": 20231,
            "year": 2023,
            "quarter": 1,
            "eps": -0.07,
            "eps_growth_year": null,
            "eps_4q": -0.15,
            "eps_4q_growth_year": null,
            "roe": -0.7,
            "roe_4q": -1.23,
            "gross_profit": 67605,
            "gross_margin": 74.37,
            "gross_margin_4q_avg": 81.47,
            "net_income": -7974,
            "net_income_4q": null,
            "revenue": 90908,
            "revenue_4q": null,
            "common_shares": 864337,
            "book_valuer_per_share": 13.14,
            "book_valuer_per_share_4q_avg": 12.8,
            "equity": 1162399,
            "current_ratio": 864.46,
            "debt_ratio": 8.86,
            "inventory_turnover_ratio": null,
            "account_receivable_turnover_ratio": 1.86,
            "reinvestment_rate": null,
            "research_to_sale_ratio": 49.21,
            "price_fair": 2.12,
            "eps_avg_yearly": 0.71,
            "eps_latest_yearly": 0.12,
            "eps_growth_yearly": -179.21
        },
        "20232": {
            "year_quarter": 20232,
            "year": 2023,
            "quarter": 2,
            "eps": 0.18,
            "eps_growth_year": -10,
            "eps_4q": -0.16,
            "eps_4q_growth_year": null,
            "roe": 1.56,
            "roe_4q": -1.27,
            "gross_profit": 71555,
            "gross_margin": 82.41,
            "gross_margin_4q_avg": 80.78,
            "net_income": 18456,
            "net_income_4q": null,
            "revenue": 86827,
            "revenue_4q": null,
            "common_shares": 864337,
            "book_valuer_per_share": 13.6,
            "book_valuer_per_share_4q_avg": 13,
            "equity": 1205600,
            "current_ratio": 721.35,
            "debt_ratio": 9.8,
            "inventory_turnover_ratio": null,
            "account_receivable_turnover_ratio": 1.77,
            "reinvestment_rate": null,
            "research_to_sale_ratio": 50.84,
            "price_fair": 1.44,
            "eps_avg_yearly": 0.48,
            "eps_latest_yearly": 0.12,
            "eps_growth_yearly": -200.63
        },
        "20233": {
            "year_quarter": 20233,
            "year": 2023,
            "quarter": 3,
            "eps": 0.01,
            "eps_growth_year": null,
            "eps_4q": -0.02,
            "eps_4q_growth_year": null,
            "roe": 0.03,
            "roe_4q": -0.11999999999999988,
            "gross_profit": 72814,
            "gross_margin": 84.19,
            "gross_margin_4q_avg": 80.84,
            "net_income": 377,
            "net_income_4q": null,
            "revenue": 86489,
            "revenue_4q": null,
            "common_shares": 864362,
            "book_valuer_per_share": 13.59,
            "book_valuer_per_share_4q_avg": 13.27,
            "equity": 1205061,
            "current_ratio": 874.12,
            "debt_ratio": 8.11,
            "inventory_turnover_ratio": null,
            "account_receivable_turnover_ratio": 1.72,
            "reinvestment_rate": null,
            "research_to_sale_ratio": 51.46,
            "price_fair": 0.24,
            "eps_avg_yearly": 0.08,
            "eps_latest_yearly": 0.04,
            "eps_growth_yearly": -334.34
        },
        "20234": {
            "year_quarter": 20234,
            "year": 2023,
            "quarter": 4,
            "eps": -0.11,
            "eps_growth_year": null,
            "eps_4q": 0.01,
            "eps_4q_growth_year": null,
            "roe": -0.77,
            "roe_4q": 0.1200000000000001,
            "gross_profit": 67456,
            "gross_margin": 84.85,
            "gross_margin_4q_avg": 81.46,
            "net_income": -9818,
            "net_income_4q": null,
            "revenue": 79499,
            "revenue_4q": null,
            "common_shares": 864412,
            "book_valuer_per_share": 15.29,
            "book_valuer_per_share_4q_avg": 13.91,
            "equity": 1351159,
            "current_ratio": 827.1,
            "debt_ratio": 7.26,
            "inventory_turnover_ratio": null,
            "account_receivable_turnover_ratio": 1.59,
            "reinvestment_rate": null,
            "research_to_sale_ratio": 59.64,
            "price_fair": 0.24,
            "eps_avg_yearly": 0.08,
            "eps_latest_yearly": 0.04,
            "eps_growth_yearly": -334.34
        }
    },
    "months": {
        "2003-10": {
            "month": "2003-10",
            "price": "121.34",
            "revenue": 66226
        },
        "2003-11": {
            "month": "2003-11",
            "price": "119.28",
            "revenue": 73062
        },
        "2003-12": {
            "month": "2003-12",
            "price": "102.43",
            "revenue": 61363
        },
        "2004-01": {
            "month": "2004-01",
            "price": "93.73",
            "revenue": 50240
        },
        "2004-02": {
            "month": "2004-02",
            "price": "101.48",
            "revenue": 41293
        },
        "2004-03": {
            "month": "2004-03",
            "price": "99.15",
            "revenue": 43118
        },
        "2004-04": {
            "month": "2004-04",
            "price": "79.43",
            "revenue": 41060
        },
        "2004-05": {
            "month": "2004-05",
            "price": "52.49",
            "revenue": 30787
        },
        "2004-06": {
            "month": "2004-06",
            "price": "50.99",
            "revenue": 30371
        },
        "2004-07": {
            "month": "2004-07",
            "price": "40.61",
            "revenue": 30169
        },
        "2004-08": {
            "month": "2004-08",
            "price": "28.14",
            "revenue": 30694
        },
        "2004-09": {
            "month": "2004-09",
            "price": "24.56",
            "revenue": 30029
        },
        "2004-10": {
            "month": "2004-10",
            "price": "21.92",
            "revenue": 42204
        },
        "2004-11": {
            "month": "2004-11",
            "price": "26.55",
            "revenue": 39861
        },
        "2004-12": {
            "month": "2004-12",
            "price": "30.09",
            "revenue": 45645
        },
        "2005-01": {
            "month": "2005-01",
            "price": "29.00",
            "revenue": 24804
        },
        "2005-02": {
            "month": "2005-02",
            "price": "26.74",
            "revenue": 23886
        },
        "2005-03": {
            "month": "2005-03",
            "price": "25.25",
            "revenue": 27781
        },
        "2005-04": {
            "month": "2005-04",
            "price": "19.21",
            "revenue": 25489
        },
        "2005-05": {
            "month": "2005-05",
            "price": "18.59",
            "revenue": 24250
        },
        "2005-06": {
            "month": "2005-06",
            "price": "20.27",
            "revenue": 25753
        },
        "2005-07": {
            "month": "2005-07",
            "price": "20.72",
            "revenue": 21838
        },
        "2005-08": {
            "month": "2005-08",
            "price": "16.81",
            "revenue": 20793
        },
        "2005-09": {
            "month": "2005-09",
            "price": "15.42",
            "revenue": 19048
        },
        "2005-10": {
            "month": "2005-10",
            "price": "14.90",
            "revenue": 19127
        },
        "2005-11": {
            "month": "2005-11",
            "price": "14.92",
            "revenue": 17914
        },
        "2005-12": {
            "month": "2005-12",
            "price": "16.13",
            "revenue": 22699
        },
        "2006-01": {
            "month": "2006-01",
            "price": "18.04",
            "revenue": 21131
        },
        "2006-02": {
            "month": "2006-02",
            "price": "17.16",
            "revenue": 22616
        },
        "2006-03": {
            "month": "2006-03",
            "price": "17.42",
            "revenue": 34232
        },
        "2006-04": {
            "month": "2006-04",
            "price": "22.07",
            "revenue": 47314
        },
        "2006-05": {
            "month": "2006-05",
            "price": "23.71",
            "revenue": 54498
        },
        "2006-06": {
            "month": "2006-06",
            "price": "21.89",
            "revenue": 51214
        },
        "2006-07": {
            "month": "2006-07",
            "price": "21.92",
            "revenue": 52659
        },
        "2006-08": {
            "month": "2006-08",
            "price": "23.43",
            "revenue": 61711
        },
        "2006-09": {
            "month": "2006-09",
            "price": "53.05",
            "revenue": 131660
        },
        "2006-10": {
            "month": "2006-10",
            "price": "88.98",
            "revenue": 140474
        },
        "2006-11": {
            "month": "2006-11",
            "price": "104.91",
            "revenue": 132376
        },
        "2006-12": {
            "month": "2006-12",
            "price": "119.05",
            "revenue": 125395
        },
        "2007-01": {
            "month": "2007-01",
            "price": "137.43",
            "revenue": 130893
        },
        "2007-02": {
            "month": "2007-02",
            "price": "128.79",
            "revenue": 120023
        },
        "2007-03": {
            "month": "2007-03",
            "price": "96.70",
            "revenue": 102852
        },
        "2007-04": {
            "month": "2007-04",
            "price": "93.92",
            "revenue": 88845
        },
        "2007-05": {
            "month": "2007-05",
            "price": "102.40",
            "revenue": 90088
        },
        "2007-06": {
            "month": "2007-06",
            "price": "120.02",
            "revenue": 88219
        },
        "2007-07": {
            "month": "2007-07",
            "price": "119.05",
            "revenue": 93973
        },
        "2007-08": {
            "month": "2007-08",
            "price": "96.93",
            "revenue": 90317
        },
        "2007-09": {
            "month": "2007-09",
            "price": "97.01",
            "revenue": 80148
        },
        "2007-10": {
            "month": "2007-10",
            "price": "92.52",
            "revenue": 78887
        },
        "2007-11": {
            "month": "2007-11",
            "price": "109.57",
            "revenue": 82709
        },
        "2007-12": {
            "month": "2007-12",
            "price": "126.00",
            "revenue": 96884
        },
        "2008-01": {
            "month": "2008-01",
            "price": "107.71",
            "revenue": 107590
        },
        "2008-02": {
            "month": "2008-02",
            "price": "89.47",
            "revenue": 102648
        },
        "2008-03": {
            "month": "2008-03",
            "price": "105.57",
            "revenue": 90597
        },
        "2008-04": {
            "month": "2008-04",
            "price": "109.31",
            "revenue": 75627
        },
        "2008-05": {
            "month": "2008-05",
            "price": "114.83",
            "revenue": 70103
        },
        "2008-06": {
            "month": "2008-06",
            "price": "104.38",
            "revenue": 84174
        },
        "2008-07": {
            "month": "2008-07",
            "price": "79.26",
            "revenue": 85309
        },
        "2008-08": {
            "month": "2008-08",
            "price": "83.25",
            "revenue": 121786
        },
        "2008-09": {
            "month": "2008-09",
            "price": "70.02",
            "revenue": 148347
        },
        "2008-10": {
            "month": "2008-10",
            "price": "71.26",
            "revenue": 168690
        },
        "2008-11": {
            "month": "2008-11",
            "price": "79.98",
            "revenue": 180526
        },
        "2008-12": {
            "month": "2008-12",
            "price": "88.32",
            "revenue": 190709
        },
        "2009-01": {
            "month": "2009-01",
            "price": "91.41",
            "revenue": 199101
        },
        "2009-02": {
            "month": "2009-02",
            "price": "112.20",
            "revenue": 175324
        },
        "2009-03": {
            "month": "2009-03",
            "price": "157.64",
            "revenue": 178275
        },
        "2009-04": {
            "month": "2009-04",
            "price": "194.09",
            "revenue": 122150
        },
        "2009-05": {
            "month": "2009-05",
            "price": "279.17",
            "revenue": 134925
        },
        "2009-06": {
            "month": "2009-06",
            "price": "350.67",
            "revenue": 138552
        },
        "2009-07": {
            "month": "2009-07",
            "price": "452.09",
            "revenue": 140504
        },
        "2009-08": {
            "month": "2009-08",
            "price": "410.85",
            "revenue": 192296
        },
        "2009-09": {
            "month": "2009-09",
            "price": "449.41",
            "revenue": 201006
        },
        "2009-10": {
            "month": "2009-10",
            "price": "455.57",
            "revenue": 202201
        },
        "2009-11": {
            "month": "2009-11",
            "price": "453.43",
            "revenue": 178934
        },
        "2009-12": {
            "month": "2009-12",
            "price": "420.52",
            "revenue": 150519
        },
        "2010-01": {
            "month": "2010-01",
            "price": "401.68",
            "revenue": 177318
        },
        "2010-02": {
            "month": "2010-02",
            "price": "325.21",
            "revenue": 204679
        },
        "2010-03": {
            "month": "2010-03",
            "price": "335.65",
            "revenue": 183665
        },
        "2010-04": {
            "month": "2010-04",
            "price": "366.48",
            "revenue": 141067
        },
        "2010-05": {
            "month": "2010-05",
            "price": "346.88",
            "revenue": 150127
        },
        "2010-06": {
            "month": "2010-06",
            "price": "288.67",
            "revenue": 131653
        },
        "2010-07": {
            "month": "2010-07",
            "price": "275.98",
            "revenue": 145205
        },
        "2010-08": {
            "month": "2010-08",
            "price": "276.39",
            "revenue": 204829
        },
        "2010-09": {
            "month": "2010-09",
            "price": "236.07",
            "revenue": 225466
        },
        "2010-10": {
            "month": "2010-10",
            "price": "216.69",
            "revenue": 205544
        },
        "2010-11": {
            "month": "2010-11",
            "price": "240.34",
            "revenue": 192373
        },
        "2010-12": {
            "month": "2010-12",
            "price": "254.26",
            "revenue": 167756
        },
        "2011-01": {
            "month": "2011-01",
            "price": "239.20",
            "revenue": 166731
        },
        "2011-02": {
            "month": "2011-02",
            "price": "180.68",
            "revenue": 195699
        },
        "2011-03": {
            "month": "2011-03",
            "price": "167.04",
            "revenue": 150349
        },
        "2011-04": {
            "month": "2011-04",
            "price": "169.45",
            "revenue": 115662
        },
        "2011-05": {
            "month": "2011-05",
            "price": "174.74",
            "revenue": 115575
        },
        "2011-06": {
            "month": "2011-06",
            "price": "188.14",
            "revenue": 123272
        },
        "2011-07": {
            "month": "2011-07",
            "price": "169.90",
            "revenue": 114871
        },
        "2011-08": {
            "month": "2011-08",
            "price": "118.43",
            "revenue": 122376
        },
        "2011-09": {
            "month": "2011-09",
            "price": "87.94",
            "revenue": 104711
        },
        "2011-10": {
            "month": "2011-10",
            "price": "78.72",
            "revenue": 101844
        },
        "2011-11": {
            "month": "2011-11",
            "price": "75.27",
            "revenue": 85576
        },
        "2011-12": {
            "month": "2011-12",
            "price": "67.29",
            "revenue": 94975
        },
        "2012-01": {
            "month": "2012-01",
            "price": "73.51",
            "revenue": 100897
        },
        "2012-02": {
            "month": "2012-02",
            "price": "104.98",
            "revenue": 70268
        },
        "2012-03": {
            "month": "2012-03",
            "price": "106.25",
            "revenue": 84899
        },
        "2012-04": {
            "month": "2012-04",
            "price": "97.52",
            "revenue": 91137
        },
        "2012-05": {
            "month": "2012-05",
            "price": "88.29",
            "revenue": 73218
        },
        "2012-06": {
            "month": "2012-06",
            "price": "81.41",
            "revenue": 80950
        },
        "2012-07": {
            "month": "2012-07",
            "price": "75.42",
            "revenue": 70043
        },
        "2012-08": {
            "month": "2012-08",
            "price": "69.89",
            "revenue": 72355
        },
        "2012-09": {
            "month": "2012-09",
            "price": "67.88",
            "revenue": 76626
        },
        "2012-10": {
            "month": "2012-10",
            "price": "59.40",
            "revenue": 55899
        },
        "2012-11": {
            "month": "2012-11",
            "price": "49.68",
            "revenue": 55170
        },
        "2012-12": {
            "month": "2012-12",
            "price": "63.36",
            "revenue": 74226
        },
        "2013-01": {
            "month": "2013-01",
            "price": "63.72",
            "revenue": 60327
        },
        "2013-02": {
            "month": "2013-02",
            "price": "57.92",
            "revenue": 73481
        },
        "2013-03": {
            "month": "2013-03",
            "price": "55.49",
            "revenue": 68080
        },
        "2013-04": {
            "month": "2013-04",
            "price": "52.33",
            "revenue": 44631
        },
        "2013-05": {
            "month": "2013-05",
            "price": "53.29",
            "revenue": 36524
        },
        "2013-06": {
            "month": "2013-06",
            "price": "55.45",
            "revenue": 132284
        },
        "2013-07": {
            "month": "2013-07",
            "price": "53.28",
            "revenue": 47462
        },
        "2013-08": {
            "month": "2013-08",
            "price": "52.68",
            "revenue": 41018
        },
        "2013-09": {
            "month": "2013-09",
            "price": "50.58",
            "revenue": 57371
        },
        "2013-10": {
            "month": "2013-10",
            "price": "51.67",
            "revenue": 43966
        },
        "2013-11": {
            "month": "2013-11",
            "price": "48.66",
            "revenue": 40600
        },
        "2013-12": {
            "month": "2013-12",
            "price": "49.54",
            "revenue": 51344
        },
        "2014-01": {
            "month": "2014-01",
            "price": "54.74",
            "revenue": 52811
        },
        "2014-02": {
            "month": "2014-02",
            "price": "52.46",
            "revenue": 46510
        },
        "2014-03": {
            "month": "2014-03",
            "price": "61.24",
            "revenue": 48782
        },
        "2014-04": {
            "month": "2014-04",
            "price": "66.76",
            "revenue": 27386
        },
        "2014-05": {
            "month": "2014-05",
            "price": "63.51",
            "revenue": 28283
        },
        "2014-06": {
            "month": "2014-06",
            "price": "66.41",
            "revenue": 52265
        },
        "2014-07": {
            "month": "2014-07",
            "price": "59.22",
            "revenue": 28990
        },
        "2014-08": {
            "month": "2014-08",
            "price": "51.28",
            "revenue": 26668
        },
        "2014-09": {
            "month": "2014-09",
            "price": "52.03",
            "revenue": 26787
        },
        "2014-10": {
            "month": "2014-10",
            "price": "46.58",
            "revenue": 22428
        },
        "2014-11": {
            "month": "2014-11",
            "price": "42.31",
            "revenue": 20673
        },
        "2014-12": {
            "month": "2014-12",
            "price": "53.22",
            "revenue": 16002
        },
        "2015-01": {
            "month": "2015-01",
            "price": "65.74",
            "revenue": 17112
        },
        "2015-02": {
            "month": "2015-02",
            "price": "60.90",
            "revenue": 25621
        },
        "2015-03": {
            "month": "2015-03",
            "price": "58.98",
            "revenue": 26273
        },
        "2015-04": {
            "month": "2015-04",
            "price": "54.70",
            "revenue": 26339
        },
        "2015-05": {
            "month": "2015-05",
            "price": "54.59",
            "revenue": 24368
        },
        "2015-06": {
            "month": "2015-06",
            "price": "54.64",
            "revenue": 47302
        },
        "2015-07": {
            "month": "2015-07",
            "price": "45.62",
            "revenue": 29057
        },
        "2015-08": {
            "month": "2015-08",
            "price": "27.99",
            "revenue": 34480
        },
        "2015-09": {
            "month": "2015-09",
            "price": "29.56",
            "revenue": 25976
        },
        "2015-10": {
            "month": "2015-10",
            "price": "36.37",
            "revenue": 29686
        },
        "2015-11": {
            "month": "2015-11",
            "price": "38.16",
            "revenue": 28184
        },
        "2015-12": {
            "month": "2015-12",
            "price": "39.65",
            "revenue": 29494
        },
        "2016-01": {
            "month": "2016-01",
            "price": "38.62",
            "revenue": 23123
        },
        "2016-02": {
            "month": "2016-02",
            "price": "38.78",
            "revenue": 30806
        },
        "2016-03": {
            "month": "2016-03",
            "price": "39.05",
            "revenue": 33418
        },
        "2016-04": {
            "month": "2016-04",
            "price": "36.22",
            "revenue": 27699
        },
        "2016-05": {
            "month": "2016-05",
            "price": "33.00",
            "revenue": 26686
        },
        "2016-06": {
            "month": "2016-06",
            "price": "36.56",
            "revenue": 28292
        },
        "2016-07": {
            "month": "2016-07",
            "price": "36.57",
            "revenue": 26113
        },
        "2016-08": {
            "month": "2016-08",
            "price": "45.75",
            "revenue": 26322
        },
        "2016-09": {
            "month": "2016-09",
            "price": "39.20",
            "revenue": 25742
        },
        "2016-10": {
            "month": "2016-10",
            "price": "36.83",
            "revenue": 24076
        },
        "2016-11": {
            "month": "2016-11",
            "price": "35.21",
            "revenue": 27052
        },
        "2016-12": {
            "month": "2016-12",
            "price": "38.62",
            "revenue": 46584
        },
        "2017-01": {
            "month": "2017-01",
            "price": "42.74",
            "revenue": 21791
        },
        "2017-02": {
            "month": "2017-02",
            "price": "40.38",
            "revenue": 31017
        },
        "2017-03": {
            "month": "2017-03",
            "price": "38.16",
            "revenue": 31759
        },
        "2017-04": {
            "month": "2017-04",
            "price": "37.75",
            "revenue": 18198
        },
        "2017-05": {
            "month": "2017-05",
            "price": "41.60",
            "revenue": 28551
        },
        "2017-06": {
            "month": "2017-06",
            "price": "44.11",
            "revenue": 52022
        },
        "2017-07": {
            "month": "2017-07",
            "price": "43.24",
            "revenue": 28648
        },
        "2017-08": {
            "month": "2017-08",
            "price": "38.75",
            "revenue": 37929
        },
        "2017-09": {
            "month": "2017-09",
            "price": "38.90",
            "revenue": 36162
        },
        "2017-10": {
            "month": "2017-10",
            "price": "38.02",
            "revenue": 23573
        },
        "2017-11": {
            "month": "2017-11",
            "price": "39.08",
            "revenue": 28287
        },
        "2017-12": {
            "month": "2017-12",
            "price": "38.97",
            "revenue": 29653
        },
        "2018-01": {
            "month": "2018-01",
            "price": "41.62",
            "revenue": 27344
        },
        "2018-02": {
            "month": "2018-02",
            "price": "36.27",
            "revenue": 34751
        },
        "2018-03": {
            "month": "2018-03",
            "price": "35.70",
            "revenue": 32450
        },
        "2018-04": {
            "month": "2018-04",
            "price": "37.54",
            "revenue": 30199
        },
        "2018-05": {
            "month": "2018-05",
            "price": "39.35",
            "revenue": 27025
        },
        "2018-06": {
            "month": "2018-06",
            "price": "38.76",
            "revenue": 40737
        },
        "2018-07": {
            "month": "2018-07",
            "price": "35.55",
            "revenue": 26106
        },
        "2018-08": {
            "month": "2018-08",
            "price": "34.60",
            "revenue": 42644
        },
        "2018-09": {
            "month": "2018-09",
            "price": "41.20",
            "revenue": 87915
        },
        "2018-10": {
            "month": "2018-10",
            "price": "44.45",
            "revenue": 101174
        },
        "2018-11": {
            "month": "2018-11",
            "price": "39.48",
            "revenue": 81128
        },
        "2018-12": {
            "month": "2018-12",
            "price": "38.08",
            "revenue": 68764
        },
        "2019-01": {
            "month": "2019-01",
            "price": "37.75",
            "revenue": 60013
        },
        "2019-02": {
            "month": "2019-02",
            "price": "37.78",
            "revenue": 62677
        },
        "2019-03": {
            "month": "2019-03",
            "price": "42.92",
            "revenue": 62977
        },
        "2019-04": {
            "month": "2019-04",
            "price": "48.84",
            "revenue": 53306
        },
        "2019-05": {
            "month": "2019-05",
            "price": "54.29",
            "revenue": 65389
        },
        "2019-06": {
            "month": "2019-06",
            "price": "59.92",
            "revenue": 64245
        },
        "2019-07": {
            "month": "2019-07",
            "price": "60.20",
            "revenue": 65558
        },
        "2019-08": {
            "month": "2019-08",
            "price": "61.58",
            "revenue": 59907
        },
        "2019-09": {
            "month": "2019-09",
            "price": "89.42",
            "revenue": 45178
        },
        "2019-10": {
            "month": "2019-10",
            "price": "81.30",
            "revenue": 43978
        },
        "2019-11": {
            "month": "2019-11",
            "price": "81.22",
            "revenue": 38817
        },
        "2019-12": {
            "month": "2019-12",
            "price": "78.04",
            "revenue": 40883
        },
        "2020-01": {
            "month": "2020-01",
            "price": "86.31",
            "revenue": 48651
        },
        "2020-02": {
            "month": "2020-02",
            "price": "77.33",
            "revenue": 29041
        },
        "2020-03": {
            "month": "2020-03",
            "price": "52.44",
            "revenue": 36310
        },
        "2020-04": {
            "month": "2020-04",
            "price": "60.14",
            "revenue": 38186
        },
        "2020-05": {
            "month": "2020-05",
            "price": "80.62",
            "revenue": 50561
        },
        "2020-06": {
            "month": "2020-06",
            "price": "87.96",
            "revenue": 37661
        },
        "2020-07": {
            "month": "2020-07",
            "price": "82.53",
            "revenue": 37689
        },
        "2020-08": {
            "month": "2020-08",
            "price": "58.57",
            "revenue": 33760
        },
        "2020-09": {
            "month": "2020-09",
            "price": "50.48",
            "revenue": 41365
        },
        "2020-10": {
            "month": "2020-10",
            "price": "48.19",
            "revenue": 34401
        },
        "2020-11": {
            "month": "2020-11",
            "price": "52.46",
            "revenue": 29113
        },
        "2020-12": {
            "month": "2020-12",
            "price": "57.23",
            "revenue": 41302
        },
        "2021-01": {
            "month": "2021-01",
            "price": "60.14",
            "revenue": 25201
        },
        "2021-02": {
            "month": "2021-02",
            "price": "55.23",
            "revenue": 35296
        },
        "2021-03": {
            "month": "2021-03",
            "price": "54.87",
            "revenue": 25442
        },
        "2021-04": {
            "month": "2021-04",
            "price": "56.38",
            "revenue": 23716
        },
        "2021-05": {
            "month": "2021-05",
            "price": "54.72",
            "revenue": 27812
        },
        "2021-06": {
            "month": "2021-06",
            "price": "56.54",
            "revenue": 28043
        },
        "2021-07": {
            "month": "2021-07",
            "price": "53.35",
            "revenue": 35195
        },
        "2021-08": {
            "month": "2021-08",
            "price": "46.92",
            "revenue": 28360
        },
        "2021-09": {
            "month": "2021-09",
            "price": "45.20",
            "revenue": 33725
        },
        "2021-10": {
            "month": "2021-10",
            "price": "43.10",
            "revenue": 27933
        },
        "2021-11": {
            "month": "2021-11",
            "price": "46.74",
            "revenue": 24364
        },
        "2021-12": {
            "month": "2021-12",
            "price": "52.71",
            "revenue": 26828
        },
        "2022-01": {
            "month": "2022-01",
            "price": "58.32",
            "revenue": 32996
        },
        "2022-02": {
            "month": "2022-02",
            "price": "51.34",
            "revenue": 26692
        },
        "2022-03": {
            "month": "2022-03",
            "price": "49.26",
            "revenue": 28013
        },
        "2022-04": {
            "month": "2022-04",
            "price": "50.74",
            "revenue": 32118
        },
        "2022-05": {
            "month": "2022-05",
            "price": "47.33",
            "revenue": 39661
        },
        "2022-06": {
            "month": "2022-06",
            "price": "48.06",
            "revenue": 48002
        },
        "2022-07": {
            "month": "2022-07",
            "price": "43.84",
            "revenue": 30196
        },
        "2022-08": {
            "month": "2022-08",
            "price": "43.95",
            "revenue": 24954
        },
        "2022-09": {
            "month": "2022-09",
            "price": "40.81",
            "revenue": 25914
        },
        "2022-10": {
            "month": "2022-10",
            "price": "40.61",
            "revenue": 29157
        },
        "2022-11": {
            "month": "2022-11",
            "price": "42.36",
            "revenue": 22158
        },
        "2022-12": {
            "month": "2022-12",
            "price": "46.71",
            "revenue": 26499
        },
        "2023-01": {
            "month": "2023-01",
            "price": "48.93",
            "revenue": 41661
        },
        "2023-02": {
            "month": "2023-02",
            "price": "46.65",
            "revenue": 24507
        },
        "2023-03": {
            "month": "2023-03",
            "price": "44.63",
            "revenue": 24741
        },
        "2023-04": {
            "month": "2023-04",
            "price": "43.80",
            "revenue": 29242
        },
        "2023-05": {
            "month": "2023-05",
            "price": "45.56",
            "revenue": 31124
        },
        "2023-06": {
            "month": "2023-06",
            "price": "49.15",
            "revenue": 26460
        },
        "2023-07": {
            "month": "2023-07",
            "price": "45.55",
            "revenue": 22649
        },
        "2023-08": {
            "month": "2023-08",
            "price": "43.15",
            "revenue": 20651
        },
        "2023-09": {
            "month": "2023-09",
            "price": "43.16",
            "revenue": 43190
        },
        "2023-10": {
            "month": "2023-10",
            "price": "45.64",
            "revenue": 26273
        },
        "2023-11": {
            "month": "2023-11",
            "price": "47.59",
            "revenue": 26841
        },
        "2023-12": {
            "month": "2023-12",
            "price": "49.11",
            "revenue": 26386
        }
    }
}
