{
    "summary": {
        "stock_name": "新零售",
        "stock_id": "3085",
        "category": "數位雲端",
        "main_business": "商品買賣<br>物流<br>網路電子商務",
        "website_url": "http://www.newretail.com.tw/",
        "ceo": "待補",
        "pe_ratio": -6,
        "report_year_from": 2001,
        "report_year_to": 2023,
        "age": 23,
        "eps_negative_percentage": 62,
        "eps_growth_avg": {
            "last_all": -33.57,
            "last_2y": -100,
            "last_4y": -100,
            "last_8y": -100,
            "last_12y": -100,
            "last_16y": -81.82,
            "last_20y": null,
            "at_2006_last_3y": null,
            "at_2007_last_3y": 30.27,
            "at_2008_last_3y": -13.44,
            "at_2009_last_3y": -27.27,
            "at_2010_last_3y": -69.7,
            "at_2011_last_3y": -94.83,
            "at_2012_last_3y": -100,
            "at_2013_last_3y": null,
            "at_2014_last_3y": null,
            "at_2015_last_3y": null,
            "at_2016_last_3y": -100,
            "at_2017_last_3y": -100,
            "at_2018_last_3y": -100,
            "at_2019_last_3y": -100,
            "at_2020_last_3y": null,
            "at_2021_last_3y": null,
            "at_2022_last_3y": -100,
            "at_2023_last_3y": -100,
            "at_2024_last_3y": -100,
            "at_2006_last_all": 46.84,
            "at_2007_last_all": 30.27,
            "at_2008_last_all": 6.28,
            "at_2009_last_all": -11.43,
            "at_2010_last_all": -11.43,
            "at_2011_last_all": -11.43,
            "at_2012_last_all": -11.43,
            "at_2013_last_all": -11.43,
            "at_2014_last_all": -11.43,
            "at_2015_last_all": -11.43,
            "at_2016_last_all": -24.08,
            "at_2017_last_all": -24.08,
            "at_2018_last_all": -24.08,
            "at_2019_last_all": -24.08,
            "at_2020_last_all": -24.08,
            "at_2021_last_all": -24.08,
            "at_2022_last_all": -33.57,
            "at_2023_last_all": -33.57,
            "at_2024_last_all": -33.57
        },
        "latest_eps": -1.75,
        "latest_price": 10.65,
        "latest_roe": -36.81,
        "latest_gross_margin": 25.16,
        "latest_equity": 117884,
        "latest_revenue": 13323,
        "latest_gross_profit": 3352,
        "latest_net_income": -20237,
        "latest_debt_ratio": 45.56,
        "latest_current_ratio": 96.63,
        "latest_account_receivable_turnover_ratio": 1.32,
        "latest_inventory_turnover_ratio": 1.49,
        "latest_reinvestment_rate": null,
        "latest_research_to_sale_ratio": null
    },
    "eps_dividends": {
        "2001": {
            "cash": 0,
            "stock": 0,
            "eps": 0
        },
        "2002": {
            "cash": 0,
            "stock": 1.34,
            "eps": 0
        },
        "2003": {
            "cash": 0.5,
            "stock": 1,
            "eps": 0.81
        },
        "2004": {
            "cash": 0,
            "stock": 1.62,
            "eps": 1.5
        },
        "2005": {
            "cash": 0.95,
            "stock": 0.87,
            "eps": 0.83
        },
        "2006": {
            "cash": 0,
            "stock": 0.61,
            "eps": 2.16
        },
        "2007": {
            "cash": 0,
            "stock": 1.61,
            "eps": 1.74
        },
        "2008": {
            "cash": 1,
            "stock": 0.5,
            "eps": 0.18
        },
        "2009": {
            "cash": 0,
            "stock": 0.13,
            "eps": -0.41
        },
        "2010": {
            "cash": 0,
            "stock": 0,
            "eps": -0.05
        },
        "2011": {
            "cash": 0,
            "stock": 0,
            "eps": -0.07
        },
        "2012": {
            "cash": 0,
            "stock": 0,
            "eps": -2.16
        },
        "2013": {
            "cash": 0,
            "stock": 0,
            "eps": -0.03
        },
        "2014": {
            "cash": 0,
            "stock": 0,
            "eps": -3.21
        },
        "2015": {
            "cash": 0,
            "stock": 0,
            "eps": 0.07
        },
        "2016": {
            "cash": 0,
            "stock": 0,
            "eps": -0.7
        },
        "2017": {
            "cash": 0,
            "stock": 0,
            "eps": -2.83
        },
        "2018": {
            "cash": 0,
            "stock": 0,
            "eps": -2.56
        },
        "2019": {
            "cash": 0,
            "stock": 0,
            "eps": -2.24
        },
        "2020": {
            "cash": 0,
            "stock": 0,
            "eps": -2.48
        },
        "2021": {
            "cash": 0,
            "stock": 0,
            "eps": 0.37
        },
        "2022": {
            "cash": 0,
            "stock": 0,
            "eps": -0.51
        },
        "2023": {
            "cash": 0,
            "stock": 0,
            "eps": -1.75
        }
    },
    "dividends": {
        "2002-05-14": {
            "cash": 0,
            "stock": 1.34
        },
        "2003-06-10": {
            "cash": 0.5,
            "stock": 1
        },
        "2004-03-22": {
            "cash": 0,
            "stock": 1.62
        },
        "2005-03-04": {
            "cash": 0.95,
            "stock": 0.87
        },
        "2006-04-04": {
            "cash": 0,
            "stock": 0.61
        },
        "2007-03-01": {
            "cash": 0,
            "stock": 1.61
        },
        "2008-03-14": {
            "cash": 1,
            "stock": 0.5
        },
        "2009-03-20": {
            "cash": 0,
            "stock": 0.13
        }
    },
    "prices": {
        "200101": "無",
        "200102": "無",
        "200103": "無",
        "200104": "無",
        "200105": "無",
        "200106": "無",
        "200107": "無",
        "200108": "無",
        "200109": "無",
        "200110": "無",
        "200111": "無",
        "200112": "無",
        "200201": "無",
        "200202": "無",
        "200203": "無",
        "200204": "無",
        "200205": "無",
        "200206": "無",
        "200207": "無",
        "200208": "無",
        "200209": "無",
        "200210": "無",
        "200211": "無",
        "200212": "無",
        "200301": "無",
        "200302": "無",
        "200303": "無",
        "200304": "無",
        "200305": "無",
        "200306": "無",
        "200307": "無",
        "200308": "無",
        "200309": "無",
        "200310": "16.66",
        "200311": "19.44",
        "200312": "20.74",
        "200401": "20.81",
        "200402": "25.49",
        "200403": "30.75",
        "200404": "36.38",
        "200405": "36.29",
        "200406": "36.41",
        "200407": "32.51",
        "200408": "25.41",
        "200409": "24.35",
        "200410": "17.94",
        "200411": "16.67",
        "200412": "15.48",
        "200501": "17.04",
        "200502": "19.68",
        "200503": "18.42",
        "200504": "17.39",
        "200505": "18.37",
        "200506": "18.18",
        "200507": "15.72",
        "200508": "14.70",
        "200509": "14.43",
        "200510": "13.59",
        "200511": "13.21",
        "200512": "13.74",
        "200601": "15.13",
        "200602": "15.74",
        "200603": "27.38",
        "200604": "38.59",
        "200605": "31.95",
        "200606": "30.45",
        "200607": "31.80",
        "200608": "33.72",
        "200609": "39.48",
        "200610": "58.04",
        "200611": "69.27",
        "200612": "105.19",
        "200701": "100.76",
        "200702": "79.46",
        "200703": "76.01",
        "200704": "72.18",
        "200705": "74.00",
        "200706": "80.24",
        "200707": "78.68",
        "200708": "75.47",
        "200709": "81.00",
        "200710": "74.89",
        "200711": "43.78",
        "200712": "34.06",
        "200801": "28.10",
        "200802": "27.49",
        "200803": "33.07",
        "200804": "31.80",
        "200805": "28.89",
        "200806": "22.35",
        "200807": "17.55",
        "200808": "17.83",
        "200809": "14.16",
        "200810": "10.85",
        "200811": "9.08",
        "200812": "9.02",
        "200901": "8.95",
        "200902": "9.86",
        "200903": "12.88",
        "200904": "14.16",
        "200905": "14.59",
        "200906": "13.14",
        "200907": "14.01",
        "200908": "13.86",
        "200909": "14.90",
        "200910": "18.13",
        "200911": "19.47",
        "200912": "20.35",
        "201001": "19.40",
        "201002": "18.78",
        "201003": "24.26",
        "201004": "22.78",
        "201005": "17.76",
        "201006": "16.40",
        "201007": "17.57",
        "201008": "17.41",
        "201009": "16.45",
        "201010": "15.19",
        "201011": "14.62",
        "201012": "14.78",
        "201101": "14.52",
        "201102": "13.87",
        "201103": "14.47",
        "201104": "14.72",
        "201105": "14.10",
        "201106": "16.76",
        "201107": "18.86",
        "201108": "15.97",
        "201109": "15.25",
        "201110": "16.59",
        "201111": "14.69",
        "201112": "11.22",
        "201201": "11.18",
        "201202": "13.04",
        "201203": "12.78",
        "201204": "10.54",
        "201205": "10.24",
        "201206": "9.54",
        "201207": "9.38",
        "201208": "8.66",
        "201209": "7.57",
        "201210": "6.90",
        "201211": "6.69",
        "201212": "6.75",
        "201301": "6.44",
        "201302": "6.93",
        "201303": "7.26",
        "201304": "7.67",
        "201305": "12.51",
        "201306": "12.78",
        "201307": "12.92",
        "201308": "16.70",
        "201309": "15.47",
        "201310": "16.61",
        "201311": "17.11",
        "201312": "17.25",
        "201401": "15.51",
        "201402": "14.49",
        "201403": "12.71",
        "201404": "11.05",
        "201405": "7.88",
        "201406": "7.60",
        "201407": "7.49",
        "201408": "無",
        "201409": "無",
        "201410": "無",
        "201411": "無",
        "201412": "無",
        "201501": "5.82",
        "201502": "5.58",
        "201503": "12.38",
        "201504": "10.77",
        "201505": "12.02",
        "201506": "7.91",
        "201507": "6.77",
        "201508": "5.63",
        "201509": "7.19",
        "201510": "7.60",
        "201511": "7.08",
        "201512": "6.89",
        "201601": "6.12",
        "201602": "6.12",
        "201603": "6.66",
        "201604": "6.87",
        "201605": "8.07",
        "201606": "8.47",
        "201607": "8.64",
        "201608": "10.65",
        "201609": "11.51",
        "201610": "14.31",
        "201611": "16.30",
        "201612": "17.43",
        "201701": "17.33",
        "201702": "19.96",
        "201703": "24.68",
        "201704": "25.01",
        "201705": "24.36",
        "201706": "33.16",
        "201707": "34.74",
        "201708": "30.87",
        "201709": "28.72",
        "201710": "27.60",
        "201711": "26.59",
        "201712": "21.73",
        "201801": "21.13",
        "201802": "21.60",
        "201803": "21.77",
        "201804": "20.44",
        "201805": "19.70",
        "201806": "19.68",
        "201807": "18.21",
        "201808": "15.43",
        "201809": "12.49",
        "201810": "10.15",
        "201811": "7.85",
        "201812": "7.29",
        "201901": "8.10",
        "201902": "7.84",
        "201903": "7.42",
        "201904": "6.63",
        "201905": "5.64",
        "201906": "3.88",
        "201907": "3.26",
        "201908": "3.03",
        "201909": "2.99",
        "201910": "2.86",
        "201911": "2.56",
        "201912": "2.91",
        "202001": "3.09",
        "202002": "3.08",
        "202003": "2.67",
        "202004": "2.48",
        "202005": "2.12",
        "202006": "2.12",
        "202007": "6.86",
        "202008": "6.06",
        "202009": "6.49",
        "202010": "6.64",
        "202011": "8.83",
        "202012": "11.09",
        "202101": "10.35",
        "202102": "9.87",
        "202103": "12.16",
        "202104": "12.15",
        "202105": "10.46",
        "202106": "8.66",
        "202107": "9.16",
        "202108": "7.42",
        "202109": "8.24",
        "202110": "11.94",
        "202111": "9.97",
        "202112": "10.49",
        "202201": "10.46",
        "202202": "10.71",
        "202203": "10.17",
        "202204": "10.03",
        "202205": "10.59",
        "202206": "10.10",
        "202207": "10.44",
        "202208": "12.49",
        "202209": "12.82",
        "202210": "10.15",
        "202211": "9.99",
        "202212": "10.36",
        "202301": "10.62",
        "202302": "20.92",
        "202303": "21.52",
        "202304": "21.43",
        "202305": "21.42",
        "202306": "21.12",
        "202307": "20.57",
        "202308": "18.26",
        "202309": "16.82",
        "202310": "16.04",
        "202311": "12.51",
        "202312": "11.59"
    },
    "quarters": {
        "20011": {
            "year_quarter": 20011,
            "year": 2001,
            "quarter": 1,
            "eps": null,
            "eps_growth_year": null,
            "eps_4q": null,
            "eps_4q_growth_year": null,
            "roe": null,
            "roe_4q": 0,
            "gross_profit": null,
            "gross_margin": null,
            "gross_margin_4q_avg": 0,
            "net_income": null,
            "net_income_4q": null,
            "revenue": null,
            "revenue_4q": null,
            "common_shares": null,
            "book_valuer_per_share": null,
            "book_valuer_per_share_4q_avg": 0,
            "equity": null,
            "current_ratio": null,
            "debt_ratio": null,
            "inventory_turnover_ratio": null,
            "account_receivable_turnover_ratio": null,
            "reinvestment_rate": null,
            "research_to_sale_ratio": null,
            "price_fair": 0,
            "eps_avg_yearly": 0,
            "eps_latest_yearly": 0,
            "eps_growth_yearly": 0
        },
        "20012": {
            "year_quarter": 20012,
            "year": 2001,
            "quarter": 2,
            "eps": null,
            "eps_growth_year": null,
            "eps_4q": null,
            "eps_4q_growth_year": null,
            "roe": null,
            "roe_4q": 0,
            "gross_profit": null,
            "gross_margin": null,
            "gross_margin_4q_avg": 0,
            "net_income": null,
            "net_income_4q": null,
            "revenue": null,
            "revenue_4q": null,
            "common_shares": null,
            "book_valuer_per_share": null,
            "book_valuer_per_share_4q_avg": 0,
            "equity": null,
            "current_ratio": null,
            "debt_ratio": null,
            "inventory_turnover_ratio": null,
            "account_receivable_turnover_ratio": null,
            "reinvestment_rate": null,
            "research_to_sale_ratio": null,
            "price_fair": 0,
            "eps_avg_yearly": 0,
            "eps_latest_yearly": 0,
            "eps_growth_yearly": 0
        },
        "20013": {
            "year_quarter": 20013,
            "year": 2001,
            "quarter": 3,
            "eps": null,
            "eps_growth_year": null,
            "eps_4q": null,
            "eps_4q_growth_year": null,
            "roe": null,
            "roe_4q": 0,
            "gross_profit": null,
            "gross_margin": null,
            "gross_margin_4q_avg": 0,
            "net_income": null,
            "net_income_4q": null,
            "revenue": null,
            "revenue_4q": null,
            "common_shares": null,
            "book_valuer_per_share": null,
            "book_valuer_per_share_4q_avg": 0,
            "equity": null,
            "current_ratio": null,
            "debt_ratio": null,
            "inventory_turnover_ratio": null,
            "account_receivable_turnover_ratio": null,
            "reinvestment_rate": null,
            "research_to_sale_ratio": null,
            "price_fair": 0,
            "eps_avg_yearly": 0,
            "eps_latest_yearly": 0,
            "eps_growth_yearly": 0
        },
        "20014": {
            "year_quarter": 20014,
            "year": 2001,
            "quarter": 4,
            "eps": null,
            "eps_growth_year": null,
            "eps_4q": null,
            "eps_4q_growth_year": null,
            "roe": null,
            "roe_4q": 0,
            "gross_profit": null,
            "gross_margin": null,
            "gross_margin_4q_avg": 0,
            "net_income": null,
            "net_income_4q": null,
            "revenue": null,
            "revenue_4q": null,
            "common_shares": 199000,
            "book_valuer_per_share": 14.69,
            "book_valuer_per_share_4q_avg": 3.67,
            "equity": 292387,
            "current_ratio": 1047.77,
            "debt_ratio": 9.12,
            "inventory_turnover_ratio": null,
            "account_receivable_turnover_ratio": null,
            "reinvestment_rate": null,
            "research_to_sale_ratio": null,
            "price_fair": 0,
            "eps_avg_yearly": 0,
            "eps_latest_yearly": 0,
            "eps_growth_yearly": 0
        },
        "20021": {
            "year_quarter": 20021,
            "year": 2002,
            "quarter": 1,
            "eps": null,
            "eps_growth_year": null,
            "eps_4q": null,
            "eps_4q_growth_year": null,
            "roe": null,
            "roe_4q": 0,
            "gross_profit": null,
            "gross_margin": null,
            "gross_margin_4q_avg": 0,
            "net_income": null,
            "net_income_4q": null,
            "revenue": null,
            "revenue_4q": null,
            "common_shares": null,
            "book_valuer_per_share": null,
            "book_valuer_per_share_4q_avg": 3.67,
            "equity": null,
            "current_ratio": null,
            "debt_ratio": null,
            "inventory_turnover_ratio": null,
            "account_receivable_turnover_ratio": null,
            "reinvestment_rate": null,
            "research_to_sale_ratio": null,
            "price_fair": 0,
            "eps_avg_yearly": 0,
            "eps_latest_yearly": 0,
            "eps_growth_yearly": 0
        },
        "20022": {
            "year_quarter": 20022,
            "year": 2002,
            "quarter": 2,
            "eps": null,
            "eps_growth_year": null,
            "eps_4q": null,
            "eps_4q_growth_year": null,
            "roe": null,
            "roe_4q": 0,
            "gross_profit": null,
            "gross_margin": null,
            "gross_margin_4q_avg": 0,
            "net_income": null,
            "net_income_4q": null,
            "revenue": null,
            "revenue_4q": null,
            "common_shares": null,
            "book_valuer_per_share": null,
            "book_valuer_per_share_4q_avg": 3.67,
            "equity": null,
            "current_ratio": null,
            "debt_ratio": null,
            "inventory_turnover_ratio": null,
            "account_receivable_turnover_ratio": null,
            "reinvestment_rate": null,
            "research_to_sale_ratio": null,
            "price_fair": 0,
            "eps_avg_yearly": 0,
            "eps_latest_yearly": 0,
            "eps_growth_yearly": 0
        },
        "20023": {
            "year_quarter": 20023,
            "year": 2002,
            "quarter": 3,
            "eps": null,
            "eps_growth_year": null,
            "eps_4q": null,
            "eps_4q_growth_year": null,
            "roe": null,
            "roe_4q": 0,
            "gross_profit": null,
            "gross_margin": null,
            "gross_margin_4q_avg": 0,
            "net_income": null,
            "net_income_4q": null,
            "revenue": null,
            "revenue_4q": null,
            "common_shares": null,
            "book_valuer_per_share": null,
            "book_valuer_per_share_4q_avg": 3.67,
            "equity": null,
            "current_ratio": null,
            "debt_ratio": null,
            "inventory_turnover_ratio": null,
            "account_receivable_turnover_ratio": null,
            "reinvestment_rate": null,
            "research_to_sale_ratio": null,
            "price_fair": 0,
            "eps_avg_yearly": 0,
            "eps_latest_yearly": 0,
            "eps_growth_yearly": 0
        },
        "20024": {
            "year_quarter": 20024,
            "year": 2002,
            "quarter": 4,
            "eps": null,
            "eps_growth_year": null,
            "eps_4q": null,
            "eps_4q_growth_year": null,
            "roe": null,
            "roe_4q": 0,
            "gross_profit": null,
            "gross_margin": null,
            "gross_margin_4q_avg": 0,
            "net_income": null,
            "net_income_4q": null,
            "revenue": null,
            "revenue_4q": null,
            "common_shares": 225807,
            "book_valuer_per_share": 13.53,
            "book_valuer_per_share_4q_avg": 3.38,
            "equity": 305510,
            "current_ratio": 928.34,
            "debt_ratio": 10.43,
            "inventory_turnover_ratio": null,
            "account_receivable_turnover_ratio": null,
            "reinvestment_rate": null,
            "research_to_sale_ratio": null,
            "price_fair": 0,
            "eps_avg_yearly": 0,
            "eps_latest_yearly": 0,
            "eps_growth_yearly": 0
        },
        "20031": {
            "year_quarter": 20031,
            "year": 2003,
            "quarter": 1,
            "eps": 0.14,
            "eps_growth_year": null,
            "eps_4q": null,
            "eps_4q_growth_year": null,
            "roe": 1.06,
            "roe_4q": 1.06,
            "gross_profit": 21076,
            "gross_margin": 76.89,
            "gross_margin_4q_avg": 19.22,
            "net_income": 3253,
            "net_income_4q": null,
            "revenue": 27410,
            "revenue_4q": null,
            "common_shares": 225807,
            "book_valuer_per_share": 13.67,
            "book_valuer_per_share_4q_avg": 6.8,
            "equity": 308763,
            "current_ratio": 942.09,
            "debt_ratio": 10.33,
            "inventory_turnover_ratio": 6.06,
            "account_receivable_turnover_ratio": null,
            "reinvestment_rate": null,
            "research_to_sale_ratio": null,
            "price_fair": 0,
            "eps_avg_yearly": 0,
            "eps_latest_yearly": 0,
            "eps_growth_yearly": 0
        },
        "20032": {
            "year_quarter": 20032,
            "year": 2003,
            "quarter": 2,
            "eps": 0.38,
            "eps_growth_year": null,
            "eps_4q": null,
            "eps_4q_growth_year": null,
            "roe": 2.81,
            "roe_4q": 3.87,
            "gross_profit": 28145,
            "gross_margin": 81.03,
            "gross_margin_4q_avg": 39.48,
            "net_income": 8621,
            "net_income_4q": null,
            "revenue": 34735,
            "revenue_4q": null,
            "common_shares": 248388,
            "book_valuer_per_share": 12.3,
            "book_valuer_per_share_4q_avg": 9.88,
            "equity": 305624,
            "current_ratio": 755.85,
            "debt_ratio": 13,
            "inventory_turnover_ratio": 6.66,
            "account_receivable_turnover_ratio": null,
            "reinvestment_rate": null,
            "research_to_sale_ratio": null,
            "price_fair": 53.2,
            "eps_avg_yearly": 1.52,
            "eps_latest_yearly": 1.52,
            "eps_growth_yearly": 685.71
        },
        "20033": {
            "year_quarter": 20033,
            "year": 2003,
            "quarter": 3,
            "eps": 0.21,
            "eps_growth_year": null,
            "eps_4q": null,
            "eps_4q_growth_year": null,
            "roe": 1.72,
            "roe_4q": 5.59,
            "gross_profit": 26721,
            "gross_margin": 79.15,
            "gross_margin_4q_avg": 59.27,
            "net_income": 5311,
            "net_income_4q": null,
            "revenue": 33762,
            "revenue_4q": null,
            "common_shares": 248388,
            "book_valuer_per_share": 12.52,
            "book_valuer_per_share_4q_avg": 13.01,
            "equity": 310935,
            "current_ratio": 868.53,
            "debt_ratio": 11.4,
            "inventory_turnover_ratio": 7.43,
            "account_receivable_turnover_ratio": null,
            "reinvestment_rate": null,
            "research_to_sale_ratio": null,
            "price_fair": 41.3,
            "eps_avg_yearly": 1.18,
            "eps_latest_yearly": 0.84,
            "eps_growth_yearly": 253.38
        },
        "20034": {
            "year_quarter": 20034,
            "year": 2003,
            "quarter": 4,
            "eps": 0.08,
            "eps_growth_year": null,
            "eps_4q": 0.79,
            "eps_4q_growth_year": null,
            "roe": 0.62,
            "roe_4q": 6.210000000000001,
            "gross_profit": 22558,
            "gross_margin": 76.98,
            "gross_margin_4q_avg": 78.51,
            "net_income": 1938,
            "net_income_4q": null,
            "revenue": 29303,
            "revenue_4q": null,
            "common_shares": 248388,
            "book_valuer_per_share": 12.6,
            "book_valuer_per_share_4q_avg": 12.77,
            "equity": 312873,
            "current_ratio": 748.98,
            "debt_ratio": 13.29,
            "inventory_turnover_ratio": 5.43,
            "account_receivable_turnover_ratio": null,
            "reinvestment_rate": null,
            "research_to_sale_ratio": null,
            "price_fair": 31.27,
            "eps_avg_yearly": 0.89,
            "eps_latest_yearly": 0.32,
            "eps_growth_yearly": 86.38
        },
        "20041": {
            "year_quarter": 20041,
            "year": 2004,
            "quarter": 1,
            "eps": 0.41,
            "eps_growth_year": 192.86,
            "eps_4q": 1.05,
            "eps_4q_growth_year": null,
            "roe": 3.18,
            "roe_4q": 8.33,
            "gross_profit": 36672,
            "gross_margin": 83.48,
            "gross_margin_4q_avg": 80.16,
            "net_income": 10115,
            "net_income_4q": null,
            "revenue": 43929,
            "revenue_4q": null,
            "common_shares": 248388,
            "book_valuer_per_share": 13,
            "book_valuer_per_share_4q_avg": 12.61,
            "equity": 322987,
            "current_ratio": 610.48,
            "debt_ratio": 14.99,
            "inventory_turnover_ratio": 4.41,
            "account_receivable_turnover_ratio": null,
            "reinvestment_rate": null,
            "research_to_sale_ratio": null,
            "price_fair": 37.8,
            "eps_avg_yearly": 1.08,
            "eps_latest_yearly": 1.64,
            "eps_growth_yearly": 477.29
        },
        "20042": {
            "year_quarter": 20042,
            "year": 2004,
            "quarter": 2,
            "eps": 0.51,
            "eps_growth_year": 34.21,
            "eps_4q": 1.11,
            "eps_4q_growth_year": null,
            "roe": 4.49,
            "roe_4q": 10.01,
            "gross_profit": 43252,
            "gross_margin": 83.41,
            "gross_margin_4q_avg": 80.76,
            "net_income": 14812,
            "net_income_4q": null,
            "revenue": 51857,
            "revenue_4q": null,
            "common_shares": 248388,
            "book_valuer_per_share": 13.59,
            "book_valuer_per_share_4q_avg": 12.93,
            "equity": 337450,
            "current_ratio": 612.15,
            "debt_ratio": 14.21,
            "inventory_turnover_ratio": 5.1,
            "account_receivable_turnover_ratio": null,
            "reinvestment_rate": null,
            "research_to_sale_ratio": null,
            "price_fair": 44.52,
            "eps_avg_yearly": 1.27,
            "eps_latest_yearly": 2.04,
            "eps_growth_yearly": 401.34
        },
        "20043": {
            "year_quarter": 20043,
            "year": 2004,
            "quarter": 3,
            "eps": 0.37,
            "eps_growth_year": 76.19,
            "eps_4q": 1.3,
            "eps_4q_growth_year": null,
            "roe": 3.22,
            "roe_4q": 11.51,
            "gross_profit": 42829,
            "gross_margin": 81.68,
            "gross_margin_4q_avg": 81.39,
            "net_income": 10654,
            "net_income_4q": null,
            "revenue": 52437,
            "revenue_4q": null,
            "common_shares": 290376,
            "book_valuer_per_share": 11.16,
            "book_valuer_per_share_4q_avg": 12.59,
            "equity": 324012,
            "current_ratio": 600.54,
            "debt_ratio": 14.08,
            "inventory_turnover_ratio": 7.54,
            "account_receivable_turnover_ratio": null,
            "reinvestment_rate": null,
            "research_to_sale_ratio": null,
            "price_fair": 45.73,
            "eps_avg_yearly": 1.31,
            "eps_latest_yearly": 1.48,
            "eps_growth_yearly": 316.15
        },
        "20044": {
            "year_quarter": 20044,
            "year": 2004,
            "quarter": 4,
            "eps": 0.21,
            "eps_growth_year": 162.5,
            "eps_4q": 1.43,
            "eps_4q_growth_year": 81.19,
            "roe": 1.88,
            "roe_4q": 12.77,
            "gross_profit": 37430,
            "gross_margin": 78.55,
            "gross_margin_4q_avg": 81.78,
            "net_income": 6123,
            "net_income_4q": null,
            "revenue": 47654,
            "revenue_4q": null,
            "common_shares": 290376,
            "book_valuer_per_share": 11.22,
            "book_valuer_per_share_4q_avg": 12.24,
            "equity": 325909,
            "current_ratio": 549.5,
            "debt_ratio": 15.4,
            "inventory_turnover_ratio": 11.98,
            "account_receivable_turnover_ratio": null,
            "reinvestment_rate": null,
            "research_to_sale_ratio": null,
            "price_fair": 43.4,
            "eps_avg_yearly": 1.24,
            "eps_latest_yearly": 0.84,
            "eps_growth_yearly": 246.28
        },
        "20051": {
            "year_quarter": 20051,
            "year": 2005,
            "quarter": 1,
            "eps": 0.21,
            "eps_growth_year": -48.78,
            "eps_4q": 1.35,
            "eps_4q_growth_year": 28.64,
            "roe": 1.76,
            "roe_4q": 11.35,
            "gross_profit": 38235,
            "gross_margin": 80.34,
            "gross_margin_4q_avg": 81,
            "net_income": 5794,
            "net_income_4q": null,
            "revenue": 47591,
            "revenue_4q": null,
            "common_shares": 290376,
            "book_valuer_per_share": 11.42,
            "book_valuer_per_share_4q_avg": 11.85,
            "equity": 331703,
            "current_ratio": 559.62,
            "debt_ratio": 15.27,
            "inventory_turnover_ratio": 11.64,
            "account_receivable_turnover_ratio": null,
            "reinvestment_rate": null,
            "research_to_sale_ratio": null,
            "price_fair": 41.65,
            "eps_avg_yearly": 1.19,
            "eps_latest_yearly": 0.84,
            "eps_growth_yearly": 215.49
        },
        "20052": {
            "year_quarter": 20052,
            "year": 2005,
            "quarter": 2,
            "eps": 0.37,
            "eps_growth_year": -27.45,
            "eps_4q": 1.11,
            "eps_4q_growth_year": 0.13,
            "roe": 3.51,
            "roe_4q": 10.37,
            "gross_profit": 43103,
            "gross_margin": 83.51,
            "gross_margin_4q_avg": 81.02,
            "net_income": 11296,
            "net_income_4q": null,
            "revenue": 51613,
            "revenue_4q": null,
            "common_shares": 290376,
            "book_valuer_per_share": 10.73,
            "book_valuer_per_share_4q_avg": 11.13,
            "equity": 311658,
            "current_ratio": 407.77,
            "debt_ratio": 20.9,
            "inventory_turnover_ratio": 10.62,
            "account_receivable_turnover_ratio": null,
            "reinvestment_rate": null,
            "research_to_sale_ratio": null,
            "price_fair": 42.78,
            "eps_avg_yearly": 1.22,
            "eps_latest_yearly": 1.48,
            "eps_growth_yearly": 225.41
        },
        "20053": {
            "year_quarter": 20053,
            "year": 2005,
            "quarter": 3,
            "eps": 0.29,
            "eps_growth_year": -21.62,
            "eps_4q": 1.06,
            "eps_4q_growth_year": -18.91,
            "roe": 2.78,
            "roe_4q": 9.93,
            "gross_profit": 43341,
            "gross_margin": 81.86,
            "gross_margin_4q_avg": 81.07,
            "net_income": 8782,
            "net_income_4q": null,
            "revenue": 52945,
            "revenue_4q": null,
            "common_shares": 314651,
            "book_valuer_per_share": 10.18,
            "book_valuer_per_share_4q_avg": 10.89,
            "equity": 320440,
            "current_ratio": 580.26,
            "debt_ratio": 14.51,
            "inventory_turnover_ratio": 12.01,
            "account_receivable_turnover_ratio": null,
            "reinvestment_rate": null,
            "research_to_sale_ratio": null,
            "price_fair": 42.56,
            "eps_avg_yearly": 1.22,
            "eps_latest_yearly": 1.16,
            "eps_growth_yearly": 194.22
        },
        "20054": {
            "year_quarter": 20054,
            "year": 2005,
            "quarter": 4,
            "eps": -0.04,
            "eps_growth_year": -119.05,
            "eps_4q": 0.82,
            "eps_4q_growth_year": -42.67,
            "roe": -0.38,
            "roe_4q": 7.67,
            "gross_profit": 37289,
            "gross_margin": 77,
            "gross_margin_4q_avg": 80.68,
            "net_income": -1214,
            "net_income_4q": null,
            "revenue": 48430,
            "revenue_4q": null,
            "common_shares": 314651,
            "book_valuer_per_share": 10.01,
            "book_valuer_per_share_4q_avg": 10.59,
            "equity": 315048,
            "current_ratio": 552.99,
            "debt_ratio": 16.53,
            "inventory_turnover_ratio": 13.99,
            "account_receivable_turnover_ratio": null,
            "reinvestment_rate": null,
            "research_to_sale_ratio": null,
            "price_fair": 42.56,
            "eps_avg_yearly": 1.22,
            "eps_latest_yearly": 1.16,
            "eps_growth_yearly": 194.22
        },
        "20061": {
            "year_quarter": 20061,
            "year": 2006,
            "quarter": 1,
            "eps": 0.25,
            "eps_growth_year": 19.05,
            "eps_4q": 0.88,
            "eps_4q_growth_year": -35.01,
            "roe": 2.35,
            "roe_4q": 8.26,
            "gross_profit": 40338,
            "gross_margin": 82.11,
            "gross_margin_4q_avg": 81.12,
            "net_income": 7479,
            "net_income_4q": null,
            "revenue": 49127,
            "revenue_4q": null,
            "common_shares": 314651,
            "book_valuer_per_share": 10.23,
            "book_valuer_per_share_4q_avg": 10.29,
            "equity": 321876,
            "current_ratio": 561.8,
            "debt_ratio": 15.56,
            "inventory_turnover_ratio": 11.06,
            "account_receivable_turnover_ratio": null,
            "reinvestment_rate": null,
            "research_to_sale_ratio": null,
            "price_fair": 42.56,
            "eps_avg_yearly": 1.22,
            "eps_latest_yearly": 1.16,
            "eps_growth_yearly": 194.22
        },
        "20062": {
            "year_quarter": 20062,
            "year": 2006,
            "quarter": 2,
            "eps": 0.65,
            "eps_growth_year": 75.68,
            "eps_4q": 1.12,
            "eps_4q_growth_year": 0.74,
            "roe": 6.01,
            "roe_4q": 10.76,
            "gross_profit": 61186,
            "gross_margin": 81.25,
            "gross_margin_4q_avg": 80.56,
            "net_income": 20921,
            "net_income_4q": null,
            "revenue": 75306,
            "revenue_4q": null,
            "common_shares": 314651,
            "book_valuer_per_share": 11.9,
            "book_valuer_per_share_4q_avg": 10.58,
            "equity": 374581,
            "current_ratio": 512.03,
            "debt_ratio": 16.22,
            "inventory_turnover_ratio": 11.84,
            "account_receivable_turnover_ratio": null,
            "reinvestment_rate": null,
            "research_to_sale_ratio": null,
            "price_fair": 46.96,
            "eps_avg_yearly": 1.34,
            "eps_latest_yearly": 2.6,
            "eps_growth_yearly": 234.75
        },
        "20063": {
            "year_quarter": 20063,
            "year": 2006,
            "quarter": 3,
            "eps": 0.92,
            "eps_growth_year": 217.24,
            "eps_4q": 1.76,
            "eps_4q_growth_year": 66.24,
            "roe": 7.32,
            "roe_4q": 15.299999999999999,
            "gross_profit": 68302,
            "gross_margin": 85.28,
            "gross_margin_4q_avg": 81.41,
            "net_income": 29903,
            "net_income_4q": null,
            "revenue": 80091,
            "revenue_4q": null,
            "common_shares": 345491,
            "book_valuer_per_share": 12.8,
            "book_valuer_per_share_4q_avg": 11.24,
            "equity": 442284,
            "current_ratio": 606.49,
            "debt_ratio": 12.95,
            "inventory_turnover_ratio": 8.66,
            "account_receivable_turnover_ratio": null,
            "reinvestment_rate": null,
            "research_to_sale_ratio": null,
            "price_fair": 53.78,
            "eps_avg_yearly": 1.54,
            "eps_latest_yearly": 3.68,
            "eps_growth_yearly": 229.03
        },
        "20064": {
            "year_quarter": 20064,
            "year": 2006,
            "quarter": 4,
            "eps": 0.34,
            "eps_growth_year": null,
            "eps_4q": 2.09,
            "eps_4q_growth_year": 154.98,
            "roe": 2.53,
            "roe_4q": 18.21,
            "gross_profit": 59444,
            "gross_margin": 79.99,
            "gross_margin_4q_avg": 82.16,
            "net_income": 11322,
            "net_income_4q": null,
            "revenue": 74313,
            "revenue_4q": null,
            "common_shares": 345491,
            "book_valuer_per_share": 13.12,
            "book_valuer_per_share_4q_avg": 12.01,
            "equity": 453414,
            "current_ratio": 542.05,
            "debt_ratio": 15.99,
            "inventory_turnover_ratio": 2,
            "account_receivable_turnover_ratio": null,
            "reinvestment_rate": 5,
            "research_to_sale_ratio": null,
            "price_fair": 53.31,
            "eps_avg_yearly": 1.52,
            "eps_latest_yearly": 1.36,
            "eps_growth_yearly": 192.01
        },
        "20071": {
            "year_quarter": 20071,
            "year": 2007,
            "quarter": 1,
            "eps": 0.58,
            "eps_growth_year": 132,
            "eps_4q": 2.38,
            "eps_4q_growth_year": 169.75,
            "roe": 4.33,
            "roe_4q": 20.189999999999998,
            "gross_profit": 60339,
            "gross_margin": 77.47,
            "gross_margin_4q_avg": 81,
            "net_income": 20077,
            "net_income_4q": null,
            "revenue": 77883,
            "revenue_4q": null,
            "common_shares": 345491,
            "book_valuer_per_share": 13.73,
            "book_valuer_per_share_4q_avg": 12.89,
            "equity": 474228,
            "current_ratio": 577.42,
            "debt_ratio": 14.09,
            "inventory_turnover_ratio": 1.03,
            "account_receivable_turnover_ratio": null,
            "reinvestment_rate": -0.57,
            "research_to_sale_ratio": null,
            "price_fair": 55.3,
            "eps_avg_yearly": 1.58,
            "eps_latest_yearly": 2.32,
            "eps_growth_yearly": 198.47
        },
        "20072": {
            "year_quarter": 20072,
            "year": 2007,
            "quarter": 2,
            "eps": 0.78,
            "eps_growth_year": 20,
            "eps_4q": 2.3,
            "eps_4q_growth_year": 105.87,
            "roe": 6.44,
            "roe_4q": 20.619999999999997,
            "gross_profit": 69366,
            "gross_margin": 78.62,
            "gross_margin_4q_avg": 80.34,
            "net_income": 31445,
            "net_income_4q": null,
            "revenue": 88226,
            "revenue_4q": null,
            "common_shares": 403591,
            "book_valuer_per_share": 12.44,
            "book_valuer_per_share_4q_avg": 13.02,
            "equity": 501896,
            "current_ratio": 595.82,
            "debt_ratio": 14,
            "inventory_turnover_ratio": 0.93,
            "account_receivable_turnover_ratio": null,
            "reinvestment_rate": -0.1,
            "research_to_sale_ratio": null,
            "price_fair": 59.3,
            "eps_avg_yearly": 1.69,
            "eps_latest_yearly": 3.12,
            "eps_growth_yearly": 159.34
        },
        "20073": {
            "year_quarter": 20073,
            "year": 2007,
            "quarter": 3,
            "eps": 0.48,
            "eps_growth_year": -47.83,
            "eps_4q": 2.05,
            "eps_4q_growth_year": 16.59,
            "roe": 3.76,
            "roe_4q": 17.06,
            "gross_profit": 64500,
            "gross_margin": 74.99,
            "gross_margin_4q_avg": 77.77,
            "net_income": 19241,
            "net_income_4q": null,
            "revenue": 86012,
            "revenue_4q": null,
            "common_shares": 403591,
            "book_valuer_per_share": 12.92,
            "book_valuer_per_share_4q_avg": 13.05,
            "equity": 521364,
            "current_ratio": 627.85,
            "debt_ratio": 13.42,
            "inventory_turnover_ratio": 1.08,
            "account_receivable_turnover_ratio": null,
            "reinvestment_rate": -0.15,
            "research_to_sale_ratio": null,
            "price_fair": 62,
            "eps_avg_yearly": 1.77,
            "eps_latest_yearly": 1.92,
            "eps_growth_yearly": 161.13
        },
        "20074": {
            "year_quarter": 20074,
            "year": 2007,
            "quarter": 4,
            "eps": -0.1,
            "eps_growth_year": -129.41,
            "eps_4q": 1.66,
            "eps_4q_growth_year": -20.61,
            "roe": -0.82,
            "roe_4q": 13.71,
            "gross_profit": 46728,
            "gross_margin": 68.3,
            "gross_margin_4q_avg": 74.85,
            "net_income": -4009,
            "net_income_4q": null,
            "revenue": 68420,
            "revenue_4q": null,
            "common_shares": 403591,
            "book_valuer_per_share": 11.2,
            "book_valuer_per_share_4q_avg": 12.57,
            "equity": 452194,
            "current_ratio": 471.99,
            "debt_ratio": 18.8,
            "inventory_turnover_ratio": 1.18,
            "account_receivable_turnover_ratio": null,
            "reinvestment_rate": 4.17,
            "research_to_sale_ratio": null,
            "price_fair": 65.91,
            "eps_avg_yearly": 1.88,
            "eps_latest_yearly": 1.92,
            "eps_growth_yearly": 192.58
        },
        "20081": {
            "year_quarter": 20081,
            "year": 2008,
            "quarter": 1,
            "eps": 0.17,
            "eps_growth_year": -70.69,
            "eps_4q": 1.42,
            "eps_4q_growth_year": -40.38,
            "roe": 1.4,
            "roe_4q": 10.780000000000001,
            "gross_profit": 53736,
            "gross_margin": 71.27,
            "gross_margin_4q_avg": 73.3,
            "net_income": 6367,
            "net_income_4q": null,
            "revenue": 75396,
            "revenue_4q": null,
            "common_shares": 403591,
            "book_valuer_per_share": 11.36,
            "book_valuer_per_share_4q_avg": 11.98,
            "equity": 458437,
            "current_ratio": 528.08,
            "debt_ratio": 16.78,
            "inventory_turnover_ratio": 1.26,
            "account_receivable_turnover_ratio": null,
            "reinvestment_rate": 4.12,
            "research_to_sale_ratio": null,
            "price_fair": 66.62,
            "eps_avg_yearly": 1.9,
            "eps_latest_yearly": 1.92,
            "eps_growth_yearly": 71.12
        },
        "20082": {
            "year_quarter": 20082,
            "year": 2008,
            "quarter": 2,
            "eps": 0.31,
            "eps_growth_year": -60.26,
            "eps_4q": 0.84,
            "eps_4q_growth_year": -63.36,
            "roe": 2.83,
            "roe_4q": 7.17,
            "gross_profit": 51367,
            "gross_margin": 65.04,
            "gross_margin_4q_avg": 69.9,
            "net_income": 12566,
            "net_income_4q": null,
            "revenue": 78983,
            "revenue_4q": null,
            "common_shares": 403591,
            "book_valuer_per_share": 10.65,
            "book_valuer_per_share_4q_avg": 11.53,
            "equity": 429690,
            "current_ratio": 362.59,
            "debt_ratio": 23.37,
            "inventory_turnover_ratio": 1.61,
            "account_receivable_turnover_ratio": null,
            "reinvestment_rate": 3.47,
            "research_to_sale_ratio": null,
            "price_fair": 64.28,
            "eps_avg_yearly": 1.84,
            "eps_latest_yearly": 1.24,
            "eps_growth_yearly": 90.44
        },
        "20083": {
            "year_quarter": 20083,
            "year": 2008,
            "quarter": 3,
            "eps": 0.01,
            "eps_growth_year": -97.92,
            "eps_4q": 0.35,
            "eps_4q_growth_year": -82.68,
            "roe": 0.07,
            "roe_4q": 3.48,
            "gross_profit": 56648,
            "gross_margin": 67.16,
            "gross_margin_4q_avg": 67.94,
            "net_income": 288,
            "net_income_4q": null,
            "revenue": 84349,
            "revenue_4q": null,
            "common_shares": 428861,
            "book_valuer_per_share": 10.05,
            "book_valuer_per_share_4q_avg": 10.82,
            "equity": 431114,
            "current_ratio": 415.96,
            "debt_ratio": 19.07,
            "inventory_turnover_ratio": 1.63,
            "account_receivable_turnover_ratio": null,
            "reinvestment_rate": 2.77,
            "research_to_sale_ratio": null,
            "price_fair": 60.08,
            "eps_avg_yearly": 1.72,
            "eps_latest_yearly": 0.04,
            "eps_growth_yearly": 67.34
        },
        "20084": {
            "year_quarter": 20084,
            "year": 2008,
            "quarter": 4,
            "eps": -0.31,
            "eps_growth_year": null,
            "eps_4q": 0.14,
            "eps_4q_growth_year": -91.57,
            "roe": -3.09,
            "roe_4q": 1.21,
            "gross_profit": 34686,
            "gross_margin": 58.84,
            "gross_margin_4q_avg": 65.58,
            "net_income": -13095,
            "net_income_4q": null,
            "revenue": 58951,
            "revenue_4q": null,
            "common_shares": 428861,
            "book_valuer_per_share": 9.73,
            "book_valuer_per_share_4q_avg": 10.45,
            "equity": 417092,
            "current_ratio": 402.39,
            "debt_ratio": 20.15,
            "inventory_turnover_ratio": 1.49,
            "account_receivable_turnover_ratio": 1.43,
            "reinvestment_rate": -0.38,
            "research_to_sale_ratio": null,
            "price_fair": 62.87,
            "eps_avg_yearly": 1.8,
            "eps_latest_yearly": 0.04,
            "eps_growth_yearly": 89.18
        },
        "20091": {
            "year_quarter": 20091,
            "year": 2009,
            "quarter": 1,
            "eps": 0.1,
            "eps_growth_year": -41.18,
            "eps_4q": 0.09,
            "eps_4q_growth_year": -93.36,
            "roe": 0.95,
            "roe_4q": 0.7600000000000002,
            "gross_profit": 46897,
            "gross_margin": 65.57,
            "gross_margin_4q_avg": 64.15,
            "net_income": 3999,
            "net_income_4q": null,
            "revenue": 71518,
            "revenue_4q": null,
            "common_shares": 428861,
            "book_valuer_per_share": 9.82,
            "book_valuer_per_share_4q_avg": 10.06,
            "equity": 421158,
            "current_ratio": 409.11,
            "debt_ratio": 19.95,
            "inventory_turnover_ratio": 1.56,
            "account_receivable_turnover_ratio": 0.88,
            "reinvestment_rate": 0.49,
            "research_to_sale_ratio": null,
            "price_fair": 66.22,
            "eps_avg_yearly": 1.89,
            "eps_latest_yearly": 0.04,
            "eps_growth_yearly": 98.1
        },
        "20092": {
            "year_quarter": 20092,
            "year": 2009,
            "quarter": 2,
            "eps": 0.09,
            "eps_growth_year": -70.97,
            "eps_4q": -0.13,
            "eps_4q_growth_year": -115.66,
            "roe": 0.84,
            "roe_4q": -1.2299999999999998,
            "gross_profit": 48736,
            "gross_margin": 63.88,
            "gross_margin_4q_avg": 63.86,
            "net_income": 3571,
            "net_income_4q": null,
            "revenue": 76294,
            "revenue_4q": null,
            "common_shares": 428861,
            "book_valuer_per_share": 9.91,
            "book_valuer_per_share_4q_avg": 9.88,
            "equity": 425014,
            "current_ratio": 406.53,
            "debt_ratio": 20.08,
            "inventory_turnover_ratio": 1.73,
            "account_receivable_turnover_ratio": 1.01,
            "reinvestment_rate": 0.39,
            "research_to_sale_ratio": null,
            "price_fair": 62.3,
            "eps_avg_yearly": 1.78,
            "eps_latest_yearly": 0.36,
            "eps_growth_yearly": 63.62
        },
        "20093": {
            "year_quarter": 20093,
            "year": 2009,
            "quarter": 3,
            "eps": -0.15,
            "eps_growth_year": -1600,
            "eps_4q": -0.27,
            "eps_4q_growth_year": -176.54,
            "roe": -1.48,
            "roe_4q": -2.78,
            "gross_profit": 43317,
            "gross_margin": 61.95,
            "gross_margin_4q_avg": 62.56,
            "net_income": -6262,
            "net_income_4q": null,
            "revenue": 69919,
            "revenue_4q": null,
            "common_shares": 434176,
            "book_valuer_per_share": 9.65,
            "book_valuer_per_share_4q_avg": 9.78,
            "equity": 418901,
            "current_ratio": 374.79,
            "debt_ratio": 20,
            "inventory_turnover_ratio": 1.67,
            "account_receivable_turnover_ratio": 0.98,
            "reinvestment_rate": -0.79,
            "research_to_sale_ratio": null,
            "price_fair": 64.71,
            "eps_avg_yearly": 1.85,
            "eps_latest_yearly": 0.36,
            "eps_growth_yearly": 80.3
        },
        "20094": {
            "year_quarter": 20094,
            "year": 2009,
            "quarter": 4,
            "eps": -0.45,
            "eps_growth_year": null,
            "eps_4q": -0.41,
            "eps_4q_growth_year": -396.3,
            "roe": -4.5,
            "roe_4q": -4.19,
            "gross_profit": 31167,
            "gross_margin": 50.94,
            "gross_margin_4q_avg": 60.59,
            "net_income": -18489,
            "net_income_4q": null,
            "revenue": 61186,
            "revenue_4q": null,
            "common_shares": 434176,
            "book_valuer_per_share": 9.73,
            "book_valuer_per_share_4q_avg": 9.78,
            "equity": 403126,
            "current_ratio": 290.11,
            "debt_ratio": 21.17,
            "inventory_turnover_ratio": 1.91,
            "account_receivable_turnover_ratio": 2.02,
            "reinvestment_rate": 103.47,
            "research_to_sale_ratio": null,
            "price_fair": 64.71,
            "eps_avg_yearly": 1.85,
            "eps_latest_yearly": 0.36,
            "eps_growth_yearly": 80.3
        },
        "20101": {
            "year_quarter": 20101,
            "year": 2010,
            "quarter": 1,
            "eps": -0.09,
            "eps_growth_year": -190,
            "eps_4q": -0.58,
            "eps_4q_growth_year": -715.78,
            "roe": -0.85,
            "roe_4q": -5.99,
            "gross_profit": 32546,
            "gross_margin": 54.9,
            "gross_margin_4q_avg": 57.92,
            "net_income": -3533,
            "net_income_4q": null,
            "revenue": 59279,
            "revenue_4q": null,
            "common_shares": 447071,
            "book_valuer_per_share": 9.97,
            "book_valuer_per_share_4q_avg": 9.82,
            "equity": 425759,
            "current_ratio": 328.65,
            "debt_ratio": 38.75,
            "inventory_turnover_ratio": 2.44,
            "account_receivable_turnover_ratio": 0.99,
            "reinvestment_rate": 114.95,
            "research_to_sale_ratio": 7.29,
            "price_fair": 64.71,
            "eps_avg_yearly": 1.85,
            "eps_latest_yearly": 0.36,
            "eps_growth_yearly": 80.3
        },
        "20102": {
            "year_quarter": 20102,
            "year": 2010,
            "quarter": 2,
            "eps": 0.06,
            "eps_growth_year": -28.64,
            "eps_4q": -0.55,
            "eps_4q_growth_year": null,
            "roe": 0.66,
            "roe_4q": -6.17,
            "gross_profit": 39551,
            "gross_margin": 66.83,
            "gross_margin_4q_avg": 58.66,
            "net_income": 2951,
            "net_income_4q": null,
            "revenue": 59178,
            "revenue_4q": null,
            "common_shares": 479505,
            "book_valuer_per_share": 10.11,
            "book_valuer_per_share_4q_avg": 9.87,
            "equity": 464568,
            "current_ratio": 307.13,
            "debt_ratio": 34.2,
            "inventory_turnover_ratio": 3.14,
            "account_receivable_turnover_ratio": 1.04,
            "reinvestment_rate": 170.91,
            "research_to_sale_ratio": 6.23,
            "price_fair": 35.7,
            "eps_avg_yearly": 1.76,
            "eps_latest_yearly": 0.36,
            "eps_growth_yearly": 10.34
        },
        "20103": {
            "year_quarter": 20103,
            "year": 2010,
            "quarter": 3,
            "eps": 0.19,
            "eps_growth_year": null,
            "eps_4q": -0.21,
            "eps_4q_growth_year": null,
            "roe": 1.91,
            "roe_4q": -2.7800000000000002,
            "gross_profit": 46439,
            "gross_margin": 69.37,
            "gross_margin_4q_avg": 60.51,
            "net_income": 9108,
            "net_income_4q": null,
            "revenue": 66943,
            "revenue_4q": null,
            "common_shares": 490294,
            "book_valuer_per_share": 10.44,
            "book_valuer_per_share_4q_avg": 10.06,
            "equity": 490906,
            "current_ratio": 312.91,
            "debt_ratio": 32.32,
            "inventory_turnover_ratio": 3.28,
            "account_receivable_turnover_ratio": 1.28,
            "reinvestment_rate": 215.44,
            "research_to_sale_ratio": 4.23,
            "price_fair": 48.65,
            "eps_avg_yearly": 1.39,
            "eps_latest_yearly": 0.76,
            "eps_growth_yearly": 97.91
        },
        "20104": {
            "year_quarter": 20104,
            "year": 2010,
            "quarter": 4,
            "eps": -0.21,
            "eps_growth_year": null,
            "eps_4q": -0.03,
            "eps_4q_growth_year": null,
            "roe": -2.07,
            "roe_4q": -0.34999999999999987,
            "gross_profit": 32570,
            "gross_margin": 63.08,
            "gross_margin_4q_avg": 63.55,
            "net_income": -10104,
            "net_income_4q": null,
            "revenue": 51629,
            "revenue_4q": null,
            "common_shares": 491939,
            "book_valuer_per_share": 10.24,
            "book_valuer_per_share_4q_avg": 10.19,
            "equity": 483811,
            "current_ratio": 341.1,
            "debt_ratio": 32.29,
            "inventory_turnover_ratio": 4.06,
            "account_receivable_turnover_ratio": 1.14,
            "reinvestment_rate": 309.75,
            "research_to_sale_ratio": 4.55,
            "price_fair": 48.8,
            "eps_avg_yearly": 1.39,
            "eps_latest_yearly": 0.76,
            "eps_growth_yearly": 147.92
        },
        "20111": {
            "year_quarter": 20111,
            "year": 2011,
            "quarter": 1,
            "eps": 0.19,
            "eps_growth_year": null,
            "eps_4q": 0.2,
            "eps_4q_growth_year": null,
            "roe": 2.01,
            "roe_4q": 2.51,
            "gross_profit": 44881,
            "gross_margin": 69.78,
            "gross_margin_4q_avg": 67.27,
            "net_income": 11808,
            "net_income_4q": null,
            "revenue": 64318,
            "revenue_4q": null,
            "common_shares": 694161,
            "book_valuer_per_share": 9.94,
            "book_valuer_per_share_4q_avg": 10.18,
            "equity": 692085,
            "current_ratio": 594.75,
            "debt_ratio": 23.02,
            "inventory_turnover_ratio": 6.24,
            "account_receivable_turnover_ratio": 1.49,
            "reinvestment_rate": 445.55,
            "research_to_sale_ratio": 4.39,
            "price_fair": 43.4,
            "eps_avg_yearly": 1.24,
            "eps_latest_yearly": 0.76,
            "eps_growth_yearly": 125.51
        },
        "20112": {
            "year_quarter": 20112,
            "year": 2011,
            "quarter": 2,
            "eps": 0.19,
            "eps_growth_year": 192.76,
            "eps_4q": 0.35,
            "eps_4q_growth_year": null,
            "roe": 1.86,
            "roe_4q": 3.71,
            "gross_profit": 42904,
            "gross_margin": 64.28,
            "gross_margin_4q_avg": 66.63,
            "net_income": 12901,
            "net_income_4q": null,
            "revenue": 66749,
            "revenue_4q": null,
            "common_shares": 694161,
            "book_valuer_per_share": 10.01,
            "book_valuer_per_share_4q_avg": 10.16,
            "equity": 697071,
            "current_ratio": 576.15,
            "debt_ratio": 23.01,
            "inventory_turnover_ratio": 7.69,
            "account_receivable_turnover_ratio": 1.5,
            "reinvestment_rate": 733.93,
            "research_to_sale_ratio": 3.51,
            "price_fair": 29.63,
            "eps_avg_yearly": 0.85,
            "eps_latest_yearly": 0.76,
            "eps_growth_yearly": 102.52
        },
        "20113": {
            "year_quarter": 20113,
            "year": 2011,
            "quarter": 3,
            "eps": -0.07,
            "eps_growth_year": -134.39,
            "eps_4q": 0.15,
            "eps_4q_growth_year": null,
            "roe": -0.7,
            "roe_4q": 1.1,
            "gross_profit": 36341,
            "gross_margin": 51.25,
            "gross_margin_4q_avg": 62.1,
            "net_income": -4903,
            "net_income_4q": null,
            "revenue": 70906,
            "revenue_4q": null,
            "common_shares": 712267,
            "book_valuer_per_share": 9.98,
            "book_valuer_per_share_4q_avg": 10.04,
            "equity": 712858,
            "current_ratio": 494.32,
            "debt_ratio": 22.29,
            "inventory_turnover_ratio": 11.15,
            "account_receivable_turnover_ratio": 1.55,
            "reinvestment_rate": 5317.91,
            "research_to_sale_ratio": 3.5,
            "price_fair": 22.12,
            "eps_avg_yearly": 0.63,
            "eps_latest_yearly": 0.76,
            "eps_growth_yearly": 153.8
        },
        "20114": {
            "year_quarter": 20114,
            "year": 2011,
            "quarter": 4,
            "eps": -0.38,
            "eps_growth_year": null,
            "eps_4q": -0.09,
            "eps_4q_growth_year": null,
            "roe": -3.92,
            "roe_4q": -0.75,
            "gross_profit": 39542,
            "gross_margin": 48.83,
            "gross_margin_4q_avg": 58.54,
            "net_income": -27562,
            "net_income_4q": null,
            "revenue": 80975,
            "revenue_4q": null,
            "common_shares": 712267,
            "book_valuer_per_share": 9.64,
            "book_valuer_per_share_4q_avg": 9.89,
            "equity": 692000,
            "current_ratio": 286.83,
            "debt_ratio": 21.34,
            "inventory_turnover_ratio": 10.15,
            "account_receivable_turnover_ratio": 1.65,
            "reinvestment_rate": null,
            "research_to_sale_ratio": 0.58,
            "price_fair": 22.12,
            "eps_avg_yearly": 0.63,
            "eps_latest_yearly": 0.76,
            "eps_growth_yearly": 153.8
        },
        "20121": {
            "year_quarter": 20121,
            "year": 2012,
            "quarter": 1,
            "eps": -0.21,
            "eps_growth_year": -210.53,
            "eps_4q": -0.48,
            "eps_4q_growth_year": -335.73,
            "roe": -2.27,
            "roe_4q": -5.029999999999999,
            "gross_profit": 25865,
            "gross_margin": 38.89,
            "gross_margin_4q_avg": 50.81,
            "net_income": -15552,
            "net_income_4q": null,
            "revenue": 66503,
            "revenue_4q": null,
            "common_shares": 712267,
            "book_valuer_per_share": 9.49,
            "book_valuer_per_share_4q_avg": 9.78,
            "equity": 680942,
            "current_ratio": 256.39,
            "debt_ratio": 23.42,
            "inventory_turnover_ratio": 7.46,
            "account_receivable_turnover_ratio": 1.31,
            "reinvestment_rate": null,
            "research_to_sale_ratio": 0,
            "price_fair": 22.12,
            "eps_avg_yearly": 0.63,
            "eps_latest_yearly": 0.76,
            "eps_growth_yearly": 153.8
        },
        "20122": {
            "year_quarter": 20122,
            "year": 2012,
            "quarter": 2,
            "eps": -0.63,
            "eps_growth_year": -436.49,
            "eps_4q": -1.3,
            "eps_4q_growth_year": -471.14,
            "roe": -6.97,
            "roe_4q": -13.86,
            "gross_profit": 30318,
            "gross_margin": 26.14,
            "gross_margin_4q_avg": 41.28,
            "net_income": -45844,
            "net_income_4q": null,
            "revenue": 115998,
            "revenue_4q": null,
            "common_shares": 712267,
            "book_valuer_per_share": 8.78,
            "book_valuer_per_share_4q_avg": 9.47,
            "equity": 633658,
            "current_ratio": 233.35,
            "debt_ratio": 26.17,
            "inventory_turnover_ratio": 15.12,
            "account_receivable_turnover_ratio": 2.24,
            "reinvestment_rate": null,
            "research_to_sale_ratio": 0,
            "price_fair": 16.8,
            "eps_avg_yearly": 0.48,
            "eps_latest_yearly": 0.76,
            "eps_growth_yearly": 109.89
        },
        "20123": {
            "year_quarter": 20123,
            "year": 2012,
            "quarter": 3,
            "eps": -0.75,
            "eps_growth_year": null,
            "eps_4q": -1.98,
            "eps_4q_growth_year": -1455.39,
            "roe": -8.78,
            "roe_4q": -21.939999999999998,
            "gross_profit": 19829,
            "gross_margin": 21.67,
            "gross_margin_4q_avg": 33.88,
            "net_income": -53460,
            "net_income_4q": null,
            "revenue": 91524,
            "revenue_4q": null,
            "common_shares": 712267,
            "book_valuer_per_share": 8.04,
            "book_valuer_per_share_4q_avg": 8.99,
            "equity": 583505,
            "current_ratio": 255.4,
            "debt_ratio": 27.94,
            "inventory_turnover_ratio": 13.54,
            "account_receivable_turnover_ratio": 1.74,
            "reinvestment_rate": null,
            "research_to_sale_ratio": 0,
            "price_fair": 21.93,
            "eps_avg_yearly": 0.63,
            "eps_latest_yearly": 0.76,
            "eps_growth_yearly": 275.56
        },
        "20124": {
            "year_quarter": 20124,
            "year": 2012,
            "quarter": 4,
            "eps": -0.57,
            "eps_growth_year": null,
            "eps_4q": -2.17,
            "eps_4q_growth_year": null,
            "roe": -7.92,
            "roe_4q": -25.939999999999998,
            "gross_profit": 29927,
            "gross_margin": 28,
            "gross_margin_4q_avg": 28.68,
            "net_income": -44447,
            "net_income_4q": null,
            "revenue": 106891,
            "revenue_4q": null,
            "common_shares": 712267,
            "book_valuer_per_share": 7.46,
            "book_valuer_per_share_4q_avg": 8.44,
            "equity": 538674,
            "current_ratio": 274.8,
            "debt_ratio": 29.67,
            "inventory_turnover_ratio": 11.98,
            "account_receivable_turnover_ratio": 2.14,
            "reinvestment_rate": null,
            "research_to_sale_ratio": 0,
            "price_fair": 21.93,
            "eps_avg_yearly": 0.63,
            "eps_latest_yearly": 0.76,
            "eps_growth_yearly": 275.56
        },
        "20131": {
            "year_quarter": 20131,
            "year": 2013,
            "quarter": 1,
            "eps": -0.09,
            "eps_growth_year": null,
            "eps_4q": -2.09,
            "eps_4q_growth_year": null,
            "roe": -1.27,
            "roe_4q": -24.939999999999998,
            "gross_profit": 43109,
            "gross_margin": 37.55,
            "gross_margin_4q_avg": 28.34,
            "net_income": -6831,
            "net_income_4q": null,
            "revenue": 114806,
            "revenue_4q": null,
            "common_shares": 712267,
            "book_valuer_per_share": 7.3,
            "book_valuer_per_share_4q_avg": 7.9,
            "equity": 533790,
            "current_ratio": 407.01,
            "debt_ratio": 20.24,
            "inventory_turnover_ratio": 11.77,
            "account_receivable_turnover_ratio": 2.22,
            "reinvestment_rate": null,
            "research_to_sale_ratio": null,
            "price_fair": 21.93,
            "eps_avg_yearly": 0.63,
            "eps_latest_yearly": 0.76,
            "eps_growth_yearly": 275.56
        },
        "20132": {
            "year_quarter": 20132,
            "year": 2013,
            "quarter": 2,
            "eps": -0.32,
            "eps_growth_year": null,
            "eps_4q": -1.78,
            "eps_4q_growth_year": null,
            "roe": -5.14,
            "roe_4q": -23.11,
            "gross_profit": 17094,
            "gross_margin": 15.37,
            "gross_margin_4q_avg": 25.65,
            "net_income": -27115,
            "net_income_4q": null,
            "revenue": 111205,
            "revenue_4q": null,
            "common_shares": 712267,
            "book_valuer_per_share": 7.19,
            "book_valuer_per_share_4q_avg": 7.5,
            "equity": 522300,
            "current_ratio": 383.26,
            "debt_ratio": 23.09,
            "inventory_turnover_ratio": 24.77,
            "account_receivable_turnover_ratio": 1.96,
            "reinvestment_rate": null,
            "research_to_sale_ratio": null,
            "price_fair": 26.6,
            "eps_avg_yearly": 0.76,
            "eps_latest_yearly": 0.76,
            "eps_growth_yearly": 433.33
        },
        "20133": {
            "year_quarter": 20133,
            "year": 2013,
            "quarter": 3,
            "eps": 0.27,
            "eps_growth_year": null,
            "eps_4q": -0.75,
            "eps_4q_growth_year": null,
            "roe": 3.63,
            "roe_4q": -10.7,
            "gross_profit": 28785,
            "gross_margin": 23.85,
            "gross_margin_4q_avg": 26.19,
            "net_income": 19308,
            "net_income_4q": null,
            "revenue": 120693,
            "revenue_4q": null,
            "common_shares": 712267,
            "book_valuer_per_share": 7.47,
            "book_valuer_per_share_4q_avg": 7.36,
            "equity": 541608,
            "current_ratio": 364.47,
            "debt_ratio": 24.52,
            "inventory_turnover_ratio": 30.8,
            "account_receivable_turnover_ratio": 1.89,
            "reinvestment_rate": null,
            "research_to_sale_ratio": null,
            "price_fair": 26.6,
            "eps_avg_yearly": 0.76,
            "eps_latest_yearly": 0.76,
            "eps_growth_yearly": 433.33
        },
        "20134": {
            "year_quarter": 20134,
            "year": 2013,
            "quarter": 4,
            "eps": 0.11,
            "eps_growth_year": null,
            "eps_4q": -0.07,
            "eps_4q_growth_year": null,
            "roe": 1.21,
            "roe_4q": -1.5699999999999998,
            "gross_profit": 41921,
            "gross_margin": 44.56,
            "gross_margin_4q_avg": 30.33,
            "net_income": 6631,
            "net_income_4q": null,
            "revenue": 94073,
            "revenue_4q": null,
            "common_shares": 712267,
            "book_valuer_per_share": 7.61,
            "book_valuer_per_share_4q_avg": 7.39,
            "equity": 553631,
            "current_ratio": 458.01,
            "debt_ratio": 19.45,
            "inventory_turnover_ratio": 17.84,
            "account_receivable_turnover_ratio": 1.35,
            "reinvestment_rate": null,
            "research_to_sale_ratio": null,
            "price_fair": 22.87,
            "eps_avg_yearly": 0.65,
            "eps_latest_yearly": 0.44,
            "eps_growth_yearly": 209.88
        },
        "20141": {
            "year_quarter": 20141,
            "year": 2014,
            "quarter": 1,
            "eps": -3.06,
            "eps_growth_year": null,
            "eps_4q": -3.02,
            "eps_4q_growth_year": null,
            "roe": -49.22,
            "roe_4q": -49.519999999999996,
            "gross_profit": 33122,
            "gross_margin": 34.31,
            "gross_margin_4q_avg": 29.52,
            "net_income": -218456,
            "net_income_4q": null,
            "revenue": 96544,
            "revenue_4q": null,
            "common_shares": 712267,
            "book_valuer_per_share": 4.53,
            "book_valuer_per_share_4q_avg": 6.7,
            "equity": 334025,
            "current_ratio": 286.54,
            "debt_ratio": 32.22,
            "inventory_turnover_ratio": 41.45,
            "account_receivable_turnover_ratio": 1.2,
            "reinvestment_rate": null,
            "research_to_sale_ratio": null,
            "price_fair": 22.87,
            "eps_avg_yearly": 0.65,
            "eps_latest_yearly": 0.44,
            "eps_growth_yearly": 209.88
        },
        "20142": {
            "year_quarter": 20142,
            "year": 2014,
            "quarter": 2,
            "eps": -0.12,
            "eps_growth_year": null,
            "eps_4q": -2.81,
            "eps_4q_growth_year": null,
            "roe": -2.8,
            "roe_4q": -47.17999999999999,
            "gross_profit": 25411,
            "gross_margin": 27.19,
            "gross_margin_4q_avg": 32.48,
            "net_income": -9215,
            "net_income_4q": null,
            "revenue": 93468,
            "revenue_4q": null,
            "common_shares": 712267,
            "book_valuer_per_share": 4.41,
            "book_valuer_per_share_4q_avg": 6.01,
            "equity": 324210,
            "current_ratio": 286.78,
            "debt_ratio": 32.42,
            "inventory_turnover_ratio": null,
            "account_receivable_turnover_ratio": 1.28,
            "reinvestment_rate": null,
            "research_to_sale_ratio": null,
            "price_fair": 22.87,
            "eps_avg_yearly": 0.65,
            "eps_latest_yearly": 0.44,
            "eps_growth_yearly": 209.88
        },
        "20143": {
            "year_quarter": 20143,
            "year": 2014,
            "quarter": 3,
            "eps": -0.01,
            "eps_growth_year": -103.7,
            "eps_4q": -3.1,
            "eps_4q_growth_year": null,
            "roe": -0.21,
            "roe_4q": -51.019999999999996,
            "gross_profit": 10181,
            "gross_margin": 14.08,
            "gross_margin_4q_avg": 30.04,
            "net_income": -663,
            "net_income_4q": null,
            "revenue": 72327,
            "revenue_4q": null,
            "common_shares": 712267,
            "book_valuer_per_share": 4.4,
            "book_valuer_per_share_4q_avg": 5.24,
            "equity": 313697,
            "current_ratio": 396.84,
            "debt_ratio": 23.18,
            "inventory_turnover_ratio": null,
            "account_receivable_turnover_ratio": 1.31,
            "reinvestment_rate": null,
            "research_to_sale_ratio": null,
            "price_fair": 1.8,
            "eps_avg_yearly": 0.6,
            "eps_latest_yearly": 0.44,
            "eps_growth_yearly": -118.52
        },
        "20144": {
            "year_quarter": 20144,
            "year": 2014,
            "quarter": 4,
            "eps": -0.02,
            "eps_growth_year": -121.45,
            "eps_4q": -3.23,
            "eps_4q_growth_year": null,
            "roe": -0.53,
            "roe_4q": -52.76,
            "gross_profit": 18149,
            "gross_margin": 19.12,
            "gross_margin_4q_avg": 23.68,
            "net_income": -1645,
            "net_income_4q": null,
            "revenue": 94922,
            "revenue_4q": null,
            "common_shares": 712267,
            "book_valuer_per_share": 4.38,
            "book_valuer_per_share_4q_avg": 4.43,
            "equity": 312052,
            "current_ratio": 379.49,
            "debt_ratio": 24.54,
            "inventory_turnover_ratio": null,
            "account_receivable_turnover_ratio": 1.44,
            "reinvestment_rate": null,
            "research_to_sale_ratio": null,
            "price_fair": 1.8,
            "eps_avg_yearly": 0.6,
            "eps_latest_yearly": 0.44,
            "eps_growth_yearly": -118.52
        },
        "20151": {
            "year_quarter": 20151,
            "year": 2015,
            "quarter": 1,
            "eps": -0.05,
            "eps_growth_year": null,
            "eps_4q": -0.21,
            "eps_4q_growth_year": null,
            "roe": -1.36,
            "roe_4q": -4.9,
            "gross_profit": 15326,
            "gross_margin": 16.39,
            "gross_margin_4q_avg": 19.2,
            "net_income": -4205,
            "net_income_4q": null,
            "revenue": 93532,
            "revenue_4q": null,
            "common_shares": 712267,
            "book_valuer_per_share": 4.32,
            "book_valuer_per_share_4q_avg": 4.38,
            "equity": 307847,
            "current_ratio": 264.12,
            "debt_ratio": 35.73,
            "inventory_turnover_ratio": null,
            "account_receivable_turnover_ratio": 1.16,
            "reinvestment_rate": null,
            "research_to_sale_ratio": null,
            "price_fair": 1.8,
            "eps_avg_yearly": 0.6,
            "eps_latest_yearly": 0.44,
            "eps_growth_yearly": -118.52
        },
        "20152": {
            "year_quarter": 20152,
            "year": 2015,
            "quarter": 2,
            "eps": -0.02,
            "eps_growth_year": null,
            "eps_4q": -0.12,
            "eps_4q_growth_year": null,
            "roe": -0.58,
            "roe_4q": -2.6799999999999997,
            "gross_profit": 14705,
            "gross_margin": 17.67,
            "gross_margin_4q_avg": 16.82,
            "net_income": -1766,
            "net_income_4q": null,
            "revenue": 83240,
            "revenue_4q": null,
            "common_shares": 712267,
            "book_valuer_per_share": 4.3,
            "book_valuer_per_share_4q_avg": 4.35,
            "equity": 306081,
            "current_ratio": 375.84,
            "debt_ratio": 24.89,
            "inventory_turnover_ratio": null,
            "account_receivable_turnover_ratio": 0.97,
            "reinvestment_rate": null,
            "research_to_sale_ratio": null,
            "price_fair": 1.32,
            "eps_avg_yearly": 0.44,
            "eps_latest_yearly": 0.44,
            "eps_growth_yearly": -237.04
        },
        "20153": {
            "year_quarter": 20153,
            "year": 2015,
            "quarter": 3,
            "eps": 0.01,
            "eps_growth_year": null,
            "eps_4q": -0.1,
            "eps_4q_growth_year": null,
            "roe": 0.2,
            "roe_4q": -2.27,
            "gross_profit": 15416,
            "gross_margin": 22.11,
            "gross_margin_4q_avg": 18.82,
            "net_income": 611,
            "net_income_4q": null,
            "revenue": 69710,
            "revenue_4q": null,
            "common_shares": 712267,
            "book_valuer_per_share": 4.31,
            "book_valuer_per_share_4q_avg": 4.33,
            "equity": 306692,
            "current_ratio": 407.76,
            "debt_ratio": 22.94,
            "inventory_turnover_ratio": null,
            "account_receivable_turnover_ratio": 0.86,
            "reinvestment_rate": null,
            "research_to_sale_ratio": null,
            "price_fair": 1.32,
            "eps_avg_yearly": 0.44,
            "eps_latest_yearly": 0.44,
            "eps_growth_yearly": -237.04
        },
        "20154": {
            "year_quarter": 20154,
            "year": 2015,
            "quarter": 4,
            "eps": 0.13,
            "eps_growth_year": null,
            "eps_4q": 0.05,
            "eps_4q_growth_year": null,
            "roe": 2.91,
            "roe_4q": 1.1700000000000002,
            "gross_profit": 23027,
            "gross_margin": 31.53,
            "gross_margin_4q_avg": 21.93,
            "net_income": 9085,
            "net_income_4q": null,
            "revenue": 73042,
            "revenue_4q": null,
            "common_shares": 712267,
            "book_valuer_per_share": 4.46,
            "book_valuer_per_share_4q_avg": 4.35,
            "equity": 317665,
            "current_ratio": 537.19,
            "debt_ratio": 17.26,
            "inventory_turnover_ratio": null,
            "account_receivable_turnover_ratio": 1.18,
            "reinvestment_rate": null,
            "research_to_sale_ratio": null,
            "price_fair": 16.8,
            "eps_avg_yearly": 0.48,
            "eps_latest_yearly": 0.52,
            "eps_growth_yearly": 2281.48
        },
        "20161": {
            "year_quarter": 20161,
            "year": 2016,
            "quarter": 1,
            "eps": -0.03,
            "eps_growth_year": null,
            "eps_4q": 0.09,
            "eps_4q_growth_year": null,
            "roe": -0.47,
            "roe_4q": 2.0600000000000005,
            "gross_profit": 11369,
            "gross_margin": 18.2,
            "gross_margin_4q_avg": 22.38,
            "net_income": -1488,
            "net_income_4q": null,
            "revenue": 62450,
            "revenue_4q": null,
            "common_shares": 712267,
            "book_valuer_per_share": 4.44,
            "book_valuer_per_share_4q_avg": 4.38,
            "equity": 316177,
            "current_ratio": 561.46,
            "debt_ratio": 16.26,
            "inventory_turnover_ratio": null,
            "account_receivable_turnover_ratio": 1.32,
            "reinvestment_rate": null,
            "research_to_sale_ratio": null,
            "price_fair": 16.8,
            "eps_avg_yearly": 0.48,
            "eps_latest_yearly": 0.52,
            "eps_growth_yearly": 2281.48
        },
        "20162": {
            "year_quarter": 20162,
            "year": 2016,
            "quarter": 2,
            "eps": -0.03,
            "eps_growth_year": null,
            "eps_4q": 0.08,
            "eps_4q_growth_year": null,
            "roe": -0.7,
            "roe_4q": 1.9400000000000002,
            "gross_profit": 15768,
            "gross_margin": 23.36,
            "gross_margin_4q_avg": 23.8,
            "net_income": -2213,
            "net_income_4q": null,
            "revenue": 67501,
            "revenue_4q": null,
            "common_shares": 712267,
            "book_valuer_per_share": 4.41,
            "book_valuer_per_share_4q_avg": 4.41,
            "equity": 313964,
            "current_ratio": 521.83,
            "debt_ratio": 17.57,
            "inventory_turnover_ratio": null,
            "account_receivable_turnover_ratio": 1.35,
            "reinvestment_rate": null,
            "research_to_sale_ratio": null,
            "price_fair": 16.8,
            "eps_avg_yearly": 0.48,
            "eps_latest_yearly": 0.52,
            "eps_growth_yearly": 2281.48
        },
        "20163": {
            "year_quarter": 20163,
            "year": 2016,
            "quarter": 3,
            "eps": -0.1,
            "eps_growth_year": -1100,
            "eps_4q": -0.02,
            "eps_4q_growth_year": null,
            "roe": -2.22,
            "roe_4q": -0.47999999999999954,
            "gross_profit": 14446,
            "gross_margin": 22.53,
            "gross_margin_4q_avg": 23.91,
            "net_income": -6886,
            "net_income_4q": null,
            "revenue": 64119,
            "revenue_4q": null,
            "common_shares": 712267,
            "book_valuer_per_share": 4.31,
            "book_valuer_per_share_4q_avg": 4.41,
            "equity": 307078,
            "current_ratio": 599.44,
            "debt_ratio": 15.32,
            "inventory_turnover_ratio": null,
            "account_receivable_turnover_ratio": 1.36,
            "reinvestment_rate": null,
            "research_to_sale_ratio": null,
            "price_fair": 16.8,
            "eps_avg_yearly": 0.48,
            "eps_latest_yearly": 0.52,
            "eps_growth_yearly": 2281.48
        },
        "20164": {
            "year_quarter": 20164,
            "year": 2016,
            "quarter": 4,
            "eps": -0.54,
            "eps_growth_year": -520.03,
            "eps_4q": -0.65,
            "eps_4q_growth_year": -1346.31,
            "roe": -13.53,
            "roe_4q": -16.919999999999998,
            "gross_profit": 16377,
            "gross_margin": 25.39,
            "gross_margin_4q_avg": 22.37,
            "net_income": -48874,
            "net_income_4q": null,
            "revenue": 64502,
            "revenue_4q": null,
            "common_shares": 912267,
            "book_valuer_per_share": 4.55,
            "book_valuer_per_share_4q_avg": 4.43,
            "equity": 415420,
            "current_ratio": 215.7,
            "debt_ratio": 12.03,
            "inventory_turnover_ratio": null,
            "account_receivable_turnover_ratio": 1.54,
            "reinvestment_rate": null,
            "research_to_sale_ratio": null,
            "price_fair": 16.8,
            "eps_avg_yearly": 0.48,
            "eps_latest_yearly": 0.52,
            "eps_growth_yearly": 2281.48
        },
        "20171": {
            "year_quarter": 20171,
            "year": 2017,
            "quarter": 1,
            "eps": -0.58,
            "eps_growth_year": null,
            "eps_4q": -1.09,
            "eps_4q_growth_year": -1304.2,
            "roe": -14.38,
            "roe_4q": -30.83,
            "gross_profit": 38782,
            "gross_margin": 26.98,
            "gross_margin_4q_avg": 24.57,
            "net_income": -73630,
            "net_income_4q": null,
            "revenue": 143720,
            "revenue_4q": null,
            "common_shares": 1020817,
            "book_valuer_per_share": 5.59,
            "book_valuer_per_share_4q_avg": 4.72,
            "equity": 608720,
            "current_ratio": 182.86,
            "debt_ratio": 19.1,
            "inventory_turnover_ratio": 1.66,
            "account_receivable_turnover_ratio": 2.74,
            "reinvestment_rate": null,
            "research_to_sale_ratio": null,
            "price_fair": 16.8,
            "eps_avg_yearly": 0.48,
            "eps_latest_yearly": 0.52,
            "eps_growth_yearly": 2281.48
        },
        "20172": {
            "year_quarter": 20172,
            "year": 2017,
            "quarter": 2,
            "eps": -0.4,
            "eps_growth_year": null,
            "eps_4q": -1.28,
            "eps_4q_growth_year": -1620.87,
            "roe": -8.12,
            "roe_4q": -38.25,
            "gross_profit": 77378,
            "gross_margin": 39.43,
            "gross_margin_4q_avg": 28.58,
            "net_income": -60908,
            "net_income_4q": null,
            "revenue": 196240,
            "revenue_4q": null,
            "common_shares": 1180817,
            "book_valuer_per_share": 7.13,
            "book_valuer_per_share_4q_avg": 5.4,
            "equity": 891497,
            "current_ratio": 190.71,
            "debt_ratio": 21.62,
            "inventory_turnover_ratio": 1.78,
            "account_receivable_turnover_ratio": 2.27,
            "reinvestment_rate": null,
            "research_to_sale_ratio": null,
            "price_fair": 16.8,
            "eps_avg_yearly": 0.48,
            "eps_latest_yearly": 0.52,
            "eps_growth_yearly": 2281.48
        },
        "20173": {
            "year_quarter": 20173,
            "year": 2017,
            "quarter": 3,
            "eps": -0.48,
            "eps_growth_year": null,
            "eps_4q": -1.7,
            "eps_4q_growth_year": null,
            "roe": -8.67,
            "roe_4q": -44.7,
            "gross_profit": 104897,
            "gross_margin": 44.01,
            "gross_margin_4q_avg": 33.95,
            "net_income": -76488,
            "net_income_4q": null,
            "revenue": 238333,
            "revenue_4q": null,
            "common_shares": 1180817,
            "book_valuer_per_share": 6.67,
            "book_valuer_per_share_4q_avg": 5.99,
            "equity": 873335,
            "current_ratio": 149.04,
            "debt_ratio": 27.81,
            "inventory_turnover_ratio": 1.59,
            "account_receivable_turnover_ratio": 1.7,
            "reinvestment_rate": null,
            "research_to_sale_ratio": null,
            "price_fair": 16.8,
            "eps_avg_yearly": 0.48,
            "eps_latest_yearly": 0.52,
            "eps_growth_yearly": 2281.48
        },
        "20174": {
            "year_quarter": 20174,
            "year": 2017,
            "quarter": 4,
            "eps": -1.37,
            "eps_growth_year": null,
            "eps_4q": -2.65,
            "eps_4q_growth_year": null,
            "roe": -26.1,
            "roe_4q": -57.27,
            "gross_profit": 50588,
            "gross_margin": 20.7,
            "gross_margin_4q_avg": 32.78,
            "net_income": -201562,
            "net_income_4q": null,
            "revenue": 244423,
            "revenue_4q": null,
            "common_shares": 1180817,
            "book_valuer_per_share": 5.3,
            "book_valuer_per_share_4q_avg": 6.17,
            "equity": 671096,
            "current_ratio": 107.15,
            "debt_ratio": 42.08,
            "inventory_turnover_ratio": 1.23,
            "account_receivable_turnover_ratio": 1.76,
            "reinvestment_rate": null,
            "research_to_sale_ratio": null,
            "price_fair": 18.2,
            "eps_avg_yearly": 0.52,
            "eps_latest_yearly": 0.52,
            "eps_growth_yearly": 4800
        },
        "20181": {
            "year_quarter": 20181,
            "year": 2018,
            "quarter": 1,
            "eps": 0.01,
            "eps_growth_year": null,
            "eps_4q": -2.19,
            "eps_4q_growth_year": null,
            "roe": 0.53,
            "roe_4q": -42.36,
            "gross_profit": 185267,
            "gross_margin": 58.15,
            "gross_margin_4q_avg": 40.57,
            "net_income": 3705,
            "net_income_4q": null,
            "revenue": 318593,
            "revenue_4q": null,
            "common_shares": 1180817,
            "book_valuer_per_share": 5.29,
            "book_valuer_per_share_4q_avg": 6.1,
            "equity": 734885,
            "current_ratio": 111.66,
            "debt_ratio": 41.11,
            "inventory_turnover_ratio": 0.56,
            "account_receivable_turnover_ratio": 3.17,
            "reinvestment_rate": null,
            "research_to_sale_ratio": null,
            "price_fair": 18.2,
            "eps_avg_yearly": 0.52,
            "eps_latest_yearly": 0.52,
            "eps_growth_yearly": 4800
        },
        "20182": {
            "year_quarter": 20182,
            "year": 2018,
            "quarter": 2,
            "eps": -0.16,
            "eps_growth_year": null,
            "eps_4q": -1.99,
            "eps_4q_growth_year": null,
            "roe": -4.18,
            "roe_4q": -38.42,
            "gross_profit": 87425,
            "gross_margin": 35.42,
            "gross_margin_4q_avg": 39.57,
            "net_income": -29858,
            "net_income_4q": null,
            "revenue": 246815,
            "revenue_4q": null,
            "common_shares": 1180817,
            "book_valuer_per_share": 5.04,
            "book_valuer_per_share_4q_avg": 5.58,
            "equity": 693710,
            "current_ratio": 118.63,
            "debt_ratio": 47.69,
            "inventory_turnover_ratio": 0.61,
            "account_receivable_turnover_ratio": 2.21,
            "reinvestment_rate": null,
            "research_to_sale_ratio": null,
            "price_fair": 18.2,
            "eps_avg_yearly": 0.52,
            "eps_latest_yearly": 0.52,
            "eps_growth_yearly": 4800
        },
        "20183": {
            "year_quarter": 20183,
            "year": 2018,
            "quarter": 3,
            "eps": -0.26,
            "eps_growth_year": null,
            "eps_4q": -1.77,
            "eps_4q_growth_year": null,
            "roe": -6.1,
            "roe_4q": -35.85,
            "gross_profit": 69862,
            "gross_margin": 30.64,
            "gross_margin_4q_avg": 36.23,
            "net_income": -41102,
            "net_income_4q": null,
            "revenue": 228018,
            "revenue_4q": null,
            "common_shares": 1180817,
            "book_valuer_per_share": 4.78,
            "book_valuer_per_share_4q_avg": 5.1,
            "equity": 653095,
            "current_ratio": 115.79,
            "debt_ratio": 50.66,
            "inventory_turnover_ratio": 0.6,
            "account_receivable_turnover_ratio": 1.83,
            "reinvestment_rate": null,
            "research_to_sale_ratio": null,
            "price_fair": 18.2,
            "eps_avg_yearly": 0.52,
            "eps_latest_yearly": 0.52,
            "eps_growth_yearly": 4800
        },
        "20184": {
            "year_quarter": 20184,
            "year": 2018,
            "quarter": 4,
            "eps": -2.15,
            "eps_growth_year": null,
            "eps_4q": -2.55,
            "eps_4q_growth_year": null,
            "roe": -66,
            "roe_4q": -75.75,
            "gross_profit": -7412,
            "gross_margin": -3.96,
            "gross_margin_4q_avg": 30.06,
            "net_income": -324064,
            "net_income_4q": null,
            "revenue": 187006,
            "revenue_4q": null,
            "common_shares": 1180817,
            "book_valuer_per_share": 2.63,
            "book_valuer_per_share_4q_avg": 4.44,
            "equity": 328935,
            "current_ratio": 66.16,
            "debt_ratio": 70.42,
            "inventory_turnover_ratio": 0.77,
            "account_receivable_turnover_ratio": 1.78,
            "reinvestment_rate": null,
            "research_to_sale_ratio": null,
            "price_fair": 18.2,
            "eps_avg_yearly": 0.52,
            "eps_latest_yearly": 0.52,
            "eps_growth_yearly": 4800
        },
        "20191": {
            "year_quarter": 20191,
            "year": 2019,
            "quarter": 1,
            "eps": -0.54,
            "eps_growth_year": -5500,
            "eps_4q": -3.1,
            "eps_4q_growth_year": null,
            "roe": -26.99,
            "roe_4q": -103.26999999999998,
            "gross_profit": 36017,
            "gross_margin": 22.91,
            "gross_margin_4q_avg": 21.25,
            "net_income": -78778,
            "net_income_4q": null,
            "revenue": 157199,
            "revenue_4q": null,
            "common_shares": 1180817,
            "book_valuer_per_share": 2.09,
            "book_valuer_per_share_4q_avg": 3.64,
            "equity": 254786,
            "current_ratio": 51.97,
            "debt_ratio": 66.3,
            "inventory_turnover_ratio": 0.75,
            "account_receivable_turnover_ratio": 1.76,
            "reinvestment_rate": null,
            "research_to_sale_ratio": null,
            "price_fair": 18.2,
            "eps_avg_yearly": 0.52,
            "eps_latest_yearly": 0.52,
            "eps_growth_yearly": 4800
        },
        "20192": {
            "year_quarter": 20192,
            "year": 2019,
            "quarter": 2,
            "eps": -0.32,
            "eps_growth_year": null,
            "eps_4q": -3.27,
            "eps_4q_growth_year": null,
            "roe": -18.13,
            "roe_4q": -117.22,
            "gross_profit": 32441,
            "gross_margin": 38.05,
            "gross_margin_4q_avg": 21.91,
            "net_income": -42366,
            "net_income_4q": null,
            "revenue": 85254,
            "revenue_4q": null,
            "common_shares": 1180817,
            "book_valuer_per_share": 1.77,
            "book_valuer_per_share_4q_avg": 2.82,
            "equity": 212636,
            "current_ratio": 47.53,
            "debt_ratio": 69.91,
            "inventory_turnover_ratio": 0.58,
            "account_receivable_turnover_ratio": 1.13,
            "reinvestment_rate": null,
            "research_to_sale_ratio": 0,
            "price_fair": 18.2,
            "eps_avg_yearly": 0.52,
            "eps_latest_yearly": 0.52,
            "eps_growth_yearly": 4800
        },
        "20193": {
            "year_quarter": 20193,
            "year": 2019,
            "quarter": 3,
            "eps": -0.38,
            "eps_growth_year": null,
            "eps_4q": -3.39,
            "eps_4q_growth_year": null,
            "roe": -28,
            "roe_4q": -139.12,
            "gross_profit": 1738,
            "gross_margin": 3.01,
            "gross_margin_4q_avg": 15,
            "net_income": -52332,
            "net_income_4q": null,
            "revenue": 57796,
            "revenue_4q": null,
            "common_shares": 1180817,
            "book_valuer_per_share": 1.39,
            "book_valuer_per_share_4q_avg": 1.97,
            "equity": 161214,
            "current_ratio": 37.1,
            "debt_ratio": 73.81,
            "inventory_turnover_ratio": 0.73,
            "account_receivable_turnover_ratio": 0.99,
            "reinvestment_rate": null,
            "research_to_sale_ratio": null,
            "price_fair": 18.2,
            "eps_avg_yearly": 0.52,
            "eps_latest_yearly": 0.52,
            "eps_growth_yearly": 4800
        },
        "20194": {
            "year_quarter": 20194,
            "year": 2019,
            "quarter": 4,
            "eps": -1,
            "eps_growth_year": null,
            "eps_4q": -2.25,
            "eps_4q_growth_year": null,
            "roe": -129.19,
            "roe_4q": -202.31,
            "gross_profit": 13377,
            "gross_margin": 23.98,
            "gross_margin_4q_avg": 21.99,
            "net_income": -126603,
            "net_income_4q": null,
            "revenue": 55781,
            "revenue_4q": null,
            "common_shares": 1180817,
            "book_valuer_per_share": 0.39,
            "book_valuer_per_share_4q_avg": 1.41,
            "equity": 34785,
            "current_ratio": 26.94,
            "debt_ratio": 92.69,
            "inventory_turnover_ratio": 0.84,
            "account_receivable_turnover_ratio": 1.31,
            "reinvestment_rate": null,
            "research_to_sale_ratio": null,
            "price_fair": 0,
            "eps_avg_yearly": 0,
            "eps_latest_yearly": 0,
            "eps_growth_yearly": 0
        },
        "20201": {
            "year_quarter": 20201,
            "year": 2020,
            "quarter": 1,
            "eps": -0.82,
            "eps_growth_year": null,
            "eps_4q": -1.92,
            "eps_4q_growth_year": null,
            "roe": -143.17,
            "roe_4q": -318.49,
            "gross_profit": 12074,
            "gross_margin": 29.93,
            "gross_margin_4q_avg": 23.74,
            "net_income": -29408,
            "net_income_4q": null,
            "revenue": 40340,
            "revenue_4q": null,
            "common_shares": 1180817,
            "book_valuer_per_share": 0.18,
            "book_valuer_per_share_4q_avg": 0.93,
            "equity": 6295,
            "current_ratio": 20.88,
            "debt_ratio": 98.56,
            "inventory_turnover_ratio": 0.75,
            "account_receivable_turnover_ratio": 1.6,
            "reinvestment_rate": null,
            "research_to_sale_ratio": null,
            "price_fair": 0,
            "eps_avg_yearly": 0,
            "eps_latest_yearly": 0,
            "eps_growth_yearly": 0
        },
        "20202": {
            "year_quarter": 20202,
            "year": 2020,
            "quarter": 2,
            "eps": -0.39,
            "eps_growth_year": null,
            "eps_4q": -6.46,
            "eps_4q_growth_year": null,
            "roe": 1467.19,
            "roe_4q": 1166.83,
            "gross_profit": 1122,
            "gross_margin": 4.73,
            "gross_margin_4q_avg": 15.41,
            "net_income": -14914,
            "net_income_4q": null,
            "revenue": 23743,
            "revenue_4q": null,
            "common_shares": 310386,
            "book_valuer_per_share": 0.31,
            "book_valuer_per_share_4q_avg": 0.57,
            "equity": -8328,
            "current_ratio": 17.76,
            "debt_ratio": 102.04,
            "inventory_turnover_ratio": 0.81,
            "account_receivable_turnover_ratio": 1.48,
            "reinvestment_rate": null,
            "research_to_sale_ratio": 0,
            "price_fair": 0,
            "eps_avg_yearly": 0,
            "eps_latest_yearly": 0,
            "eps_growth_yearly": 0
        },
        "20203": {
            "year_quarter": 20203,
            "year": 2020,
            "quarter": 3,
            "eps": -0.76,
            "eps_growth_year": null,
            "eps_4q": -4.58,
            "eps_4q_growth_year": null,
            "roe": -73.82,
            "roe_4q": 1121.01,
            "gross_profit": 7905,
            "gross_margin": 44.2,
            "gross_margin_4q_avg": 25.71,
            "net_income": -16980,
            "net_income_4q": null,
            "revenue": 17883,
            "revenue_4q": null,
            "common_shares": 310386,
            "book_valuer_per_share": 0.77,
            "book_valuer_per_share_4q_avg": 0.41,
            "equity": 54329,
            "current_ratio": 32.34,
            "debt_ratio": 87.09,
            "inventory_turnover_ratio": 0.41,
            "account_receivable_turnover_ratio": 1.42,
            "reinvestment_rate": null,
            "research_to_sale_ratio": null,
            "price_fair": 0,
            "eps_avg_yearly": 0,
            "eps_latest_yearly": 0,
            "eps_growth_yearly": 0
        },
        "20204": {
            "year_quarter": 20204,
            "year": 2020,
            "quarter": 4,
            "eps": -0.51,
            "eps_growth_year": null,
            "eps_4q": -1.78,
            "eps_4q_growth_year": null,
            "roe": -39.29,
            "roe_4q": 1210.91,
            "gross_profit": -13165,
            "gross_margin": -108.75,
            "gross_margin_4q_avg": -7.47,
            "net_income": -25886,
            "net_income_4q": null,
            "revenue": 12106,
            "revenue_4q": null,
            "common_shares": 480386,
            "book_valuer_per_share": 1.14,
            "book_valuer_per_share_4q_avg": 0.6,
            "equity": 77429,
            "current_ratio": 36.13,
            "debt_ratio": 68.93,
            "inventory_turnover_ratio": 1.23,
            "account_receivable_turnover_ratio": 1.3,
            "reinvestment_rate": null,
            "research_to_sale_ratio": null,
            "price_fair": 0,
            "eps_avg_yearly": 0,
            "eps_latest_yearly": 0,
            "eps_growth_yearly": 0
        },
        "20211": {
            "year_quarter": 20211,
            "year": 2021,
            "quarter": 1,
            "eps": -0.12,
            "eps_growth_year": null,
            "eps_4q": -1.37,
            "eps_4q_growth_year": null,
            "roe": -6.66,
            "roe_4q": 1347.42,
            "gross_profit": 3259,
            "gross_margin": 24.92,
            "gross_margin_4q_avg": -8.73,
            "net_income": -4996,
            "net_income_4q": null,
            "revenue": 13079,
            "revenue_4q": null,
            "common_shares": 480386,
            "book_valuer_per_share": 1.03,
            "book_valuer_per_share_4q_avg": 0.81,
            "equity": 72550,
            "current_ratio": 31.56,
            "debt_ratio": 68.43,
            "inventory_turnover_ratio": 0.69,
            "account_receivable_turnover_ratio": 1.56,
            "reinvestment_rate": null,
            "research_to_sale_ratio": null,
            "price_fair": 0,
            "eps_avg_yearly": 0,
            "eps_latest_yearly": 0,
            "eps_growth_yearly": 0
        },
        "20212": {
            "year_quarter": 20212,
            "year": 2021,
            "quarter": 2,
            "eps": -0.15,
            "eps_growth_year": null,
            "eps_4q": -1.27,
            "eps_4q_growth_year": null,
            "roe": -11.98,
            "roe_4q": -131.75,
            "gross_profit": 5604,
            "gross_margin": 33.2,
            "gross_margin_4q_avg": -1.61,
            "net_income": -8210,
            "net_income_4q": null,
            "revenue": 16878,
            "revenue_4q": null,
            "common_shares": 480386,
            "book_valuer_per_share": 0.88,
            "book_valuer_per_share_4q_avg": 0.96,
            "equity": 64514,
            "current_ratio": 31.09,
            "debt_ratio": 71.28,
            "inventory_turnover_ratio": 1.17,
            "account_receivable_turnover_ratio": 2.5,
            "reinvestment_rate": null,
            "research_to_sale_ratio": null,
            "price_fair": 0,
            "eps_avg_yearly": 0,
            "eps_latest_yearly": 0,
            "eps_growth_yearly": 0
        },
        "20213": {
            "year_quarter": 20213,
            "year": 2021,
            "quarter": 3,
            "eps": 0.63,
            "eps_growth_year": null,
            "eps_4q": -0.15,
            "eps_4q_growth_year": null,
            "roe": 37.78,
            "roe_4q": -20.15,
            "gross_profit": 2374,
            "gross_margin": 9.04,
            "gross_margin_4q_avg": -10.4,
            "net_income": 29636,
            "net_income_4q": null,
            "revenue": 26250,
            "revenue_4q": null,
            "common_shares": 480386,
            "book_valuer_per_share": 1.92,
            "book_valuer_per_share_4q_avg": 1.24,
            "equity": 92368,
            "current_ratio": 72.28,
            "debt_ratio": 50.48,
            "inventory_turnover_ratio": 3.23,
            "account_receivable_turnover_ratio": 2.1,
            "reinvestment_rate": null,
            "research_to_sale_ratio": null,
            "price_fair": 0,
            "eps_avg_yearly": 0,
            "eps_latest_yearly": 0,
            "eps_growth_yearly": 0
        },
        "20214": {
            "year_quarter": 20214,
            "year": 2021,
            "quarter": 4,
            "eps": 0.01,
            "eps_growth_year": null,
            "eps_4q": 0.37,
            "eps_4q_growth_year": null,
            "roe": 0.38,
            "roe_4q": 19.520000000000003,
            "gross_profit": 12783,
            "gross_margin": 38.84,
            "gross_margin_4q_avg": 26.5,
            "net_income": 347,
            "net_income_4q": null,
            "revenue": 32915,
            "revenue_4q": null,
            "common_shares": 480386,
            "book_valuer_per_share": 1.93,
            "book_valuer_per_share_4q_avg": 1.44,
            "equity": 92715,
            "current_ratio": 52.53,
            "debt_ratio": 50.25,
            "inventory_turnover_ratio": 4.52,
            "account_receivable_turnover_ratio": 2.56,
            "reinvestment_rate": null,
            "research_to_sale_ratio": null,
            "price_fair": 0.12,
            "eps_avg_yearly": 0.04,
            "eps_latest_yearly": 0.04,
            "eps_growth_yearly": -393.65
        },
        "20221": {
            "year_quarter": 20221,
            "year": 2022,
            "quarter": 1,
            "eps": -0.2,
            "eps_growth_year": null,
            "eps_4q": 0.22,
            "eps_4q_growth_year": null,
            "roe": -7.51,
            "roe_4q": 18.67,
            "gross_profit": 2824,
            "gross_margin": 7.61,
            "gross_margin_4q_avg": 22.17,
            "net_income": -10334,
            "net_income_4q": null,
            "revenue": 37094,
            "revenue_4q": null,
            "common_shares": 580386,
            "book_valuer_per_share": 3.14,
            "book_valuer_per_share_4q_avg": 1.97,
            "equity": 182381,
            "current_ratio": 160.77,
            "debt_ratio": 35.08,
            "inventory_turnover_ratio": 17.69,
            "account_receivable_turnover_ratio": 4.15,
            "reinvestment_rate": null,
            "research_to_sale_ratio": null,
            "price_fair": 0.12,
            "eps_avg_yearly": 0.04,
            "eps_latest_yearly": 0.04,
            "eps_growth_yearly": -393.65
        },
        "20222": {
            "year_quarter": 20222,
            "year": 2022,
            "quarter": 2,
            "eps": -0.09,
            "eps_growth_year": null,
            "eps_4q": 0.26,
            "eps_4q_growth_year": null,
            "roe": -2.99,
            "roe_4q": 27.660000000000004,
            "gross_profit": 4890,
            "gross_margin": 8.35,
            "gross_margin_4q_avg": 15.96,
            "net_income": -5365,
            "net_income_4q": null,
            "revenue": 58581,
            "revenue_4q": null,
            "common_shares": 580386,
            "book_valuer_per_share": 3.05,
            "book_valuer_per_share_4q_avg": 2.51,
            "equity": 177016,
            "current_ratio": 165.04,
            "debt_ratio": 32.79,
            "inventory_turnover_ratio": 31.19,
            "account_receivable_turnover_ratio": 2.19,
            "reinvestment_rate": null,
            "research_to_sale_ratio": null,
            "price_fair": 0.12,
            "eps_avg_yearly": 0.04,
            "eps_latest_yearly": 0.04,
            "eps_growth_yearly": -393.65
        },
        "20223": {
            "year_quarter": 20223,
            "year": 2022,
            "quarter": 3,
            "eps": 0.01,
            "eps_growth_year": -98.41,
            "eps_4q": -0.25,
            "eps_4q_growth_year": null,
            "roe": 0.48,
            "roe_4q": -9.639999999999999,
            "gross_profit": 12889,
            "gross_margin": 34.9,
            "gross_margin_4q_avg": 22.43,
            "net_income": 847,
            "net_income_4q": null,
            "revenue": 36926,
            "revenue_4q": null,
            "common_shares": 580386,
            "book_valuer_per_share": 3.07,
            "book_valuer_per_share_4q_avg": 2.8,
            "equity": 177863,
            "current_ratio": 168.47,
            "debt_ratio": 32.85,
            "inventory_turnover_ratio": 3.08,
            "account_receivable_turnover_ratio": 1.32,
            "reinvestment_rate": null,
            "research_to_sale_ratio": null,
            "price_fair": 0.12,
            "eps_avg_yearly": 0.04,
            "eps_latest_yearly": 0.04,
            "eps_growth_yearly": -393.65
        },
        "20224": {
            "year_quarter": 20224,
            "year": 2022,
            "quarter": 4,
            "eps": -0.23,
            "eps_growth_year": -3302.16,
            "eps_4q": -0.74,
            "eps_4q_growth_year": -302.9,
            "roe": -3.9,
            "roe_4q": -13.92,
            "gross_profit": 5693,
            "gross_margin": 12.93,
            "gross_margin_4q_avg": 15.95,
            "net_income": -6804,
            "net_income_4q": null,
            "revenue": 44031,
            "revenue_4q": null,
            "common_shares": 290193,
            "book_valuer_per_share": 5.9,
            "book_valuer_per_share_4q_avg": 3.79,
            "equity": 171059,
            "current_ratio": 162.86,
            "debt_ratio": 33.98,
            "inventory_turnover_ratio": 3.14,
            "account_receivable_turnover_ratio": 1.7,
            "reinvestment_rate": null,
            "research_to_sale_ratio": null,
            "price_fair": 0.12,
            "eps_avg_yearly": 0.04,
            "eps_latest_yearly": 0.04,
            "eps_growth_yearly": -393.65
        },
        "20231": {
            "year_quarter": 20231,
            "year": 2023,
            "quarter": 1,
            "eps": -0.32,
            "eps_growth_year": null,
            "eps_4q": -0.71,
            "eps_4q_growth_year": -418.04,
            "roe": -5.68,
            "roe_4q": -12.09,
            "gross_profit": 5220,
            "gross_margin": 25.81,
            "gross_margin_4q_avg": 20.5,
            "net_income": -9441,
            "net_income_4q": null,
            "revenue": 20226,
            "revenue_4q": null,
            "common_shares": 290193,
            "book_valuer_per_share": 5.57,
            "book_valuer_per_share_4q_avg": 4.4,
            "equity": 161618,
            "current_ratio": 158.16,
            "debt_ratio": 33.96,
            "inventory_turnover_ratio": 1.41,
            "account_receivable_turnover_ratio": 0.62,
            "reinvestment_rate": null,
            "research_to_sale_ratio": null,
            "price_fair": 0.12,
            "eps_avg_yearly": 0.04,
            "eps_latest_yearly": 0.04,
            "eps_growth_yearly": -393.65
        },
        "20232": {
            "year_quarter": 20232,
            "year": 2023,
            "quarter": 2,
            "eps": -0.37,
            "eps_growth_year": null,
            "eps_4q": -0.9,
            "eps_4q_growth_year": -449.85,
            "roe": -6.82,
            "roe_4q": -15.919999999999998,
            "gross_profit": 3955,
            "gross_margin": 14.11,
            "gross_margin_4q_avg": 21.94,
            "net_income": -10657,
            "net_income_4q": null,
            "revenue": 28025,
            "revenue_4q": null,
            "common_shares": 290193,
            "book_valuer_per_share": 5.21,
            "book_valuer_per_share_4q_avg": 4.94,
            "equity": 150961,
            "current_ratio": 128.52,
            "debt_ratio": 40,
            "inventory_turnover_ratio": 2.34,
            "account_receivable_turnover_ratio": 1.12,
            "reinvestment_rate": null,
            "research_to_sale_ratio": null,
            "price_fair": 0.12,
            "eps_avg_yearly": 0.04,
            "eps_latest_yearly": 0.04,
            "eps_growth_yearly": -393.65
        },
        "20233": {
            "year_quarter": 20233,
            "year": 2023,
            "quarter": 3,
            "eps": -0.44,
            "eps_growth_year": -4500,
            "eps_4q": -1.37,
            "eps_4q_growth_year": null,
            "roe": -8.88,
            "roe_4q": -25.28,
            "gross_profit": 4366,
            "gross_margin": 37.37,
            "gross_margin_4q_avg": 22.56,
            "net_income": -12840,
            "net_income_4q": null,
            "revenue": 11684,
            "revenue_4q": null,
            "common_shares": 290193,
            "book_valuer_per_share": 4.76,
            "book_valuer_per_share_4q_avg": 5.36,
            "equity": 138121,
            "current_ratio": 114.66,
            "debt_ratio": 43.97,
            "inventory_turnover_ratio": 0.83,
            "account_receivable_turnover_ratio": 0.74,
            "reinvestment_rate": null,
            "research_to_sale_ratio": 0,
            "price_fair": 0.12,
            "eps_avg_yearly": 0.04,
            "eps_latest_yearly": 0.04,
            "eps_growth_yearly": -393.65
        },
        "20234": {
            "year_quarter": 20234,
            "year": 2023,
            "quarter": 4,
            "eps": -0.62,
            "eps_growth_year": null,
            "eps_4q": -1.75,
            "eps_4q_growth_year": null,
            "roe": -15.81,
            "roe_4q": -37.19,
            "gross_profit": 3352,
            "gross_margin": 25.16,
            "gross_margin_4q_avg": 25.61,
            "net_income": -20237,
            "net_income_4q": null,
            "revenue": 13323,
            "revenue_4q": null,
            "common_shares": 290193,
            "book_valuer_per_share": 4.15,
            "book_valuer_per_share_4q_avg": 4.92,
            "equity": 117884,
            "current_ratio": 96.63,
            "debt_ratio": 45.56,
            "inventory_turnover_ratio": 1.49,
            "account_receivable_turnover_ratio": 1.32,
            "reinvestment_rate": null,
            "research_to_sale_ratio": null,
            "price_fair": 0.12,
            "eps_avg_yearly": 0.04,
            "eps_latest_yearly": 0.04,
            "eps_growth_yearly": -393.65
        }
    },
    "months": {
        "2003-10": {
            "month": "2003-10",
            "price": "16.66",
            "revenue": 10619
        },
        "2003-11": {
            "month": "2003-11",
            "price": "19.44",
            "revenue": 9703
        },
        "2003-12": {
            "month": "2003-12",
            "price": "20.74",
            "revenue": 9117
        },
        "2004-01": {
            "month": "2004-01",
            "price": "20.81",
            "revenue": 14607
        },
        "2004-02": {
            "month": "2004-02",
            "price": "25.49",
            "revenue": 13528
        },
        "2004-03": {
            "month": "2004-03",
            "price": "30.75",
            "revenue": 15284
        },
        "2004-04": {
            "month": "2004-04",
            "price": "36.38",
            "revenue": 16606
        },
        "2004-05": {
            "month": "2004-05",
            "price": "36.29",
            "revenue": 17239
        },
        "2004-06": {
            "month": "2004-06",
            "price": "36.41",
            "revenue": 18012
        },
        "2004-07": {
            "month": "2004-07",
            "price": "32.51",
            "revenue": 18027
        },
        "2004-08": {
            "month": "2004-08",
            "price": "25.41",
            "revenue": 17011
        },
        "2004-09": {
            "month": "2004-09",
            "price": "24.35",
            "revenue": 17208
        },
        "2004-10": {
            "month": "2004-10",
            "price": "17.94",
            "revenue": 17352
        },
        "2004-11": {
            "month": "2004-11",
            "price": "16.67",
            "revenue": 16165
        },
        "2004-12": {
            "month": "2004-12",
            "price": "15.48",
            "revenue": 16058
        },
        "2005-01": {
            "month": "2005-01",
            "price": "17.04",
            "revenue": 16483
        },
        "2005-02": {
            "month": "2005-02",
            "price": "19.68",
            "revenue": 14503
        },
        "2005-03": {
            "month": "2005-03",
            "price": "18.42",
            "revenue": 16535
        },
        "2005-04": {
            "month": "2005-04",
            "price": "17.39",
            "revenue": 17041
        },
        "2005-05": {
            "month": "2005-05",
            "price": "18.37",
            "revenue": 18009
        },
        "2005-06": {
            "month": "2005-06",
            "price": "18.18",
            "revenue": 17017
        },
        "2005-07": {
            "month": "2005-07",
            "price": "15.72",
            "revenue": 16255
        },
        "2005-08": {
            "month": "2005-08",
            "price": "14.70",
            "revenue": 18703
        },
        "2005-09": {
            "month": "2005-09",
            "price": "14.43",
            "revenue": 18076
        },
        "2005-10": {
            "month": "2005-10",
            "price": "13.59",
            "revenue": 15039
        },
        "2005-11": {
            "month": "2005-11",
            "price": "13.21",
            "revenue": 15047
        },
        "2005-12": {
            "month": "2005-12",
            "price": "13.74",
            "revenue": 18132
        },
        "2006-01": {
            "month": "2006-01",
            "price": "15.13",
            "revenue": 14084
        },
        "2006-02": {
            "month": "2006-02",
            "price": "15.74",
            "revenue": 14695
        },
        "2006-03": {
            "month": "2006-03",
            "price": "27.38",
            "revenue": 20347
        },
        "2006-04": {
            "month": "2006-04",
            "price": "38.59",
            "revenue": 22161
        },
        "2006-05": {
            "month": "2006-05",
            "price": "31.95",
            "revenue": 25252
        },
        "2006-06": {
            "month": "2006-06",
            "price": "30.45",
            "revenue": 27894
        },
        "2006-07": {
            "month": "2006-07",
            "price": "31.80",
            "revenue": 28446
        },
        "2006-08": {
            "month": "2006-08",
            "price": "33.72",
            "revenue": 28516
        },
        "2006-09": {
            "month": "2006-09",
            "price": "39.48",
            "revenue": 23120
        },
        "2006-10": {
            "month": "2006-10",
            "price": "58.04",
            "revenue": 24135
        },
        "2006-11": {
            "month": "2006-11",
            "price": "69.27",
            "revenue": 25006
        },
        "2006-12": {
            "month": "2006-12",
            "price": "105.19",
            "revenue": 25166
        },
        "2007-01": {
            "month": "2007-01",
            "price": "100.76",
            "revenue": 30088
        },
        "2007-02": {
            "month": "2007-02",
            "price": "79.46",
            "revenue": 20668
        },
        "2007-03": {
            "month": "2007-03",
            "price": "76.01",
            "revenue": 27127
        },
        "2007-04": {
            "month": "2007-04",
            "price": "72.18",
            "revenue": 30508
        },
        "2007-05": {
            "month": "2007-05",
            "price": "74.00",
            "revenue": 30526
        },
        "2007-06": {
            "month": "2007-06",
            "price": "80.24",
            "revenue": 28013
        },
        "2007-07": {
            "month": "2007-07",
            "price": "78.68",
            "revenue": 32009
        },
        "2007-08": {
            "month": "2007-08",
            "price": "75.47",
            "revenue": 30011
        },
        "2007-09": {
            "month": "2007-09",
            "price": "81.00",
            "revenue": 23169
        },
        "2007-10": {
            "month": "2007-10",
            "price": "74.89",
            "revenue": 25008
        },
        "2007-11": {
            "month": "2007-11",
            "price": "43.78",
            "revenue": 21229
        },
        "2007-12": {
            "month": "2007-12",
            "price": "34.06",
            "revenue": 22185
        },
        "2008-01": {
            "month": "2008-01",
            "price": "28.10",
            "revenue": 26090
        },
        "2008-02": {
            "month": "2008-02",
            "price": "27.49",
            "revenue": 16460
        },
        "2008-03": {
            "month": "2008-03",
            "price": "33.07",
            "revenue": 25261
        },
        "2008-04": {
            "month": "2008-04",
            "price": "31.80",
            "revenue": 23220
        },
        "2008-05": {
            "month": "2008-05",
            "price": "28.89",
            "revenue": 26018
        },
        "2008-06": {
            "month": "2008-06",
            "price": "22.35",
            "revenue": 27001
        },
        "2008-07": {
            "month": "2008-07",
            "price": "17.55",
            "revenue": 28264
        },
        "2008-08": {
            "month": "2008-08",
            "price": "17.83",
            "revenue": 28338
        },
        "2008-09": {
            "month": "2008-09",
            "price": "14.16",
            "revenue": 25202
        },
        "2008-10": {
            "month": "2008-10",
            "price": "10.85",
            "revenue": 22690
        },
        "2008-11": {
            "month": "2008-11",
            "price": "9.08",
            "revenue": 20228
        },
        "2008-12": {
            "month": "2008-12",
            "price": "9.02",
            "revenue": 21581
        },
        "2009-01": {
            "month": "2009-01",
            "price": "8.95",
            "revenue": 20100
        },
        "2009-02": {
            "month": "2009-02",
            "price": "9.86",
            "revenue": 23020
        },
        "2009-03": {
            "month": "2009-03",
            "price": "12.88",
            "revenue": 27000
        },
        "2009-04": {
            "month": "2009-04",
            "price": "14.16",
            "revenue": 26022
        },
        "2009-05": {
            "month": "2009-05",
            "price": "14.59",
            "revenue": 26025
        },
        "2009-06": {
            "month": "2009-06",
            "price": "13.14",
            "revenue": 23191
        },
        "2009-07": {
            "month": "2009-07",
            "price": "14.01",
            "revenue": 24246
        },
        "2009-08": {
            "month": "2009-08",
            "price": "13.86",
            "revenue": 22493
        },
        "2009-09": {
            "month": "2009-09",
            "price": "14.90",
            "revenue": 22760
        },
        "2009-10": {
            "month": "2009-10",
            "price": "18.13",
            "revenue": 21706
        },
        "2009-11": {
            "month": "2009-11",
            "price": "19.47",
            "revenue": 16595
        },
        "2009-12": {
            "month": "2009-12",
            "price": "20.35",
            "revenue": 22580
        },
        "2010-01": {
            "month": "2010-01",
            "price": "19.40",
            "revenue": 20950
        },
        "2010-02": {
            "month": "2010-02",
            "price": "18.78",
            "revenue": 17764
        },
        "2010-03": {
            "month": "2010-03",
            "price": "24.26",
            "revenue": 19565
        },
        "2010-04": {
            "month": "2010-04",
            "price": "22.78",
            "revenue": 20141
        },
        "2010-05": {
            "month": "2010-05",
            "price": "17.76",
            "revenue": 15210
        },
        "2010-06": {
            "month": "2010-06",
            "price": "16.40",
            "revenue": 21134
        },
        "2010-07": {
            "month": "2010-07",
            "price": "17.57",
            "revenue": 21787
        },
        "2010-08": {
            "month": "2010-08",
            "price": "17.41",
            "revenue": 22510
        },
        "2010-09": {
            "month": "2010-09",
            "price": "16.45",
            "revenue": 22339
        },
        "2010-10": {
            "month": "2010-10",
            "price": "15.19",
            "revenue": 19213
        },
        "2010-11": {
            "month": "2010-11",
            "price": "14.62",
            "revenue": 16249
        },
        "2010-12": {
            "month": "2010-12",
            "price": "14.78",
            "revenue": 18041
        },
        "2011-01": {
            "month": "2011-01",
            "price": "14.52",
            "revenue": 22110
        },
        "2011-02": {
            "month": "2011-02",
            "price": "13.87",
            "revenue": 22846
        },
        "2011-03": {
            "month": "2011-03",
            "price": "14.47",
            "revenue": 20581
        },
        "2011-04": {
            "month": "2011-04",
            "price": "14.72",
            "revenue": 21103
        },
        "2011-05": {
            "month": "2011-05",
            "price": "14.10",
            "revenue": 20143
        },
        "2011-06": {
            "month": "2011-06",
            "price": "16.76",
            "revenue": 24077
        },
        "2011-07": {
            "month": "2011-07",
            "price": "18.86",
            "revenue": 24365
        },
        "2011-08": {
            "month": "2011-08",
            "price": "15.97",
            "revenue": 23151
        },
        "2011-09": {
            "month": "2011-09",
            "price": "15.25",
            "revenue": 23127
        },
        "2011-10": {
            "month": "2011-10",
            "price": "16.59",
            "revenue": 23087
        },
        "2011-11": {
            "month": "2011-11",
            "price": "14.69",
            "revenue": 21028
        },
        "2011-12": {
            "month": "2011-12",
            "price": "11.22",
            "revenue": 23184
        },
        "2012-01": {
            "month": "2012-01",
            "price": "11.18",
            "revenue": 20053
        },
        "2012-02": {
            "month": "2012-02",
            "price": "13.04",
            "revenue": 22367
        },
        "2012-03": {
            "month": "2012-03",
            "price": "12.78",
            "revenue": 20027
        },
        "2012-04": {
            "month": "2012-04",
            "price": "10.54",
            "revenue": 22039
        },
        "2012-05": {
            "month": "2012-05",
            "price": "10.24",
            "revenue": 22122
        },
        "2012-06": {
            "month": "2012-06",
            "price": "9.54",
            "revenue": 20640
        },
        "2012-07": {
            "month": "2012-07",
            "price": "9.38",
            "revenue": 22041
        },
        "2012-08": {
            "month": "2012-08",
            "price": "8.66",
            "revenue": 21013
        },
        "2012-09": {
            "month": "2012-09",
            "price": "7.57",
            "revenue": 20405
        },
        "2012-10": {
            "month": "2012-10",
            "price": "6.90",
            "revenue": 23874
        },
        "2012-11": {
            "month": "2012-11",
            "price": "6.69",
            "revenue": 24084
        },
        "2012-12": {
            "month": "2012-12",
            "price": "6.75",
            "revenue": 25125
        },
        "2013-01": {
            "month": "2013-01",
            "price": "6.44",
            "revenue": 26339
        },
        "2013-02": {
            "month": "2013-02",
            "price": "6.93",
            "revenue": 39344
        },
        "2013-03": {
            "month": "2013-03",
            "price": "7.26",
            "revenue": 36090
        },
        "2013-04": {
            "month": "2013-04",
            "price": "7.67",
            "revenue": 30304
        },
        "2013-05": {
            "month": "2013-05",
            "price": "12.51",
            "revenue": 39490
        },
        "2013-06": {
            "month": "2013-06",
            "price": "12.78",
            "revenue": 37109
        },
        "2013-07": {
            "month": "2013-07",
            "price": "12.92",
            "revenue": 44416
        },
        "2013-08": {
            "month": "2013-08",
            "price": "16.70",
            "revenue": 50790
        },
        "2013-09": {
            "month": "2013-09",
            "price": "15.47",
            "revenue": 39303
        },
        "2013-10": {
            "month": "2013-10",
            "price": "16.61",
            "revenue": 37216
        },
        "2013-11": {
            "month": "2013-11",
            "price": "17.11",
            "revenue": 40941
        },
        "2013-12": {
            "month": "2013-12",
            "price": "17.25",
            "revenue": 34828
        },
        "2014-01": {
            "month": "2014-01",
            "price": "15.51",
            "revenue": 35471
        },
        "2014-02": {
            "month": "2014-02",
            "price": "14.49",
            "revenue": 31942
        },
        "2014-03": {
            "month": "2014-03",
            "price": "12.71",
            "revenue": 33034
        },
        "2014-04": {
            "month": "2014-04",
            "price": "11.05",
            "revenue": 33888
        },
        "2014-05": {
            "month": "2014-05",
            "price": "7.88",
            "revenue": 31958
        },
        "2014-06": {
            "month": "2014-06",
            "price": "7.60",
            "revenue": 31335
        },
        "2014-07": {
            "month": "2014-07",
            "price": "7.49",
            "revenue": 24728
        },
        "2015-01": {
            "month": "2015-01",
            "price": "5.82",
            "revenue": 34323
        },
        "2015-02": {
            "month": "2015-02",
            "price": "5.58",
            "revenue": 35756
        },
        "2015-03": {
            "month": "2015-03",
            "price": "12.38",
            "revenue": 23476
        },
        "2015-04": {
            "month": "2015-04",
            "price": "10.77",
            "revenue": 30994
        },
        "2015-05": {
            "month": "2015-05",
            "price": "12.02",
            "revenue": 27629
        },
        "2015-06": {
            "month": "2015-06",
            "price": "7.91",
            "revenue": 24643
        },
        "2015-07": {
            "month": "2015-07",
            "price": "6.77",
            "revenue": 24293
        },
        "2015-08": {
            "month": "2015-08",
            "price": "5.63",
            "revenue": 23074
        },
        "2015-09": {
            "month": "2015-09",
            "price": "7.19",
            "revenue": 22368
        },
        "2015-10": {
            "month": "2015-10",
            "price": "7.60",
            "revenue": 29952
        },
        "2015-11": {
            "month": "2015-11",
            "price": "7.08",
            "revenue": 21271
        },
        "2015-12": {
            "month": "2015-12",
            "price": "6.89",
            "revenue": 21894
        },
        "2016-01": {
            "month": "2016-01",
            "price": "6.12",
            "revenue": 21694
        },
        "2016-02": {
            "month": "2016-02",
            "price": "6.12",
            "revenue": 21232
        },
        "2016-03": {
            "month": "2016-03",
            "price": "6.66",
            "revenue": 19548
        },
        "2016-04": {
            "month": "2016-04",
            "price": "6.87",
            "revenue": 22713
        },
        "2016-05": {
            "month": "2016-05",
            "price": "8.07",
            "revenue": 22895
        },
        "2016-06": {
            "month": "2016-06",
            "price": "8.47",
            "revenue": 21918
        },
        "2016-07": {
            "month": "2016-07",
            "price": "8.64",
            "revenue": 21549
        },
        "2016-08": {
            "month": "2016-08",
            "price": "10.65",
            "revenue": 21299
        },
        "2016-09": {
            "month": "2016-09",
            "price": "11.51",
            "revenue": 21290
        },
        "2016-10": {
            "month": "2016-10",
            "price": "14.31",
            "revenue": 37920
        },
        "2016-11": {
            "month": "2016-11",
            "price": "16.30",
            "revenue": 59491
        },
        "2016-12": {
            "month": "2016-12",
            "price": "17.43",
            "revenue": 53966
        },
        "2017-01": {
            "month": "2017-01",
            "price": "17.33",
            "revenue": 59525
        },
        "2017-02": {
            "month": "2017-02",
            "price": "19.96",
            "revenue": 39042
        },
        "2017-03": {
            "month": "2017-03",
            "price": "24.68",
            "revenue": 45266
        },
        "2017-04": {
            "month": "2017-04",
            "price": "25.01",
            "revenue": 72489
        },
        "2017-05": {
            "month": "2017-05",
            "price": "24.36",
            "revenue": 59399
        },
        "2017-06": {
            "month": "2017-06",
            "price": "33.16",
            "revenue": 63791
        },
        "2017-07": {
            "month": "2017-07",
            "price": "34.74",
            "revenue": 73263
        },
        "2017-08": {
            "month": "2017-08",
            "price": "30.87",
            "revenue": 76495
        },
        "2017-09": {
            "month": "2017-09",
            "price": "28.72",
            "revenue": 87670
        },
        "2017-10": {
            "month": "2017-10",
            "price": "27.60",
            "revenue": 63876
        },
        "2017-11": {
            "month": "2017-11",
            "price": "26.59",
            "revenue": 87950
        },
        "2017-12": {
            "month": "2017-12",
            "price": "21.73",
            "revenue": 98258
        },
        "2018-01": {
            "month": "2018-01",
            "price": "21.13",
            "revenue": 144058
        },
        "2018-02": {
            "month": "2018-02",
            "price": "21.60",
            "revenue": 100318
        },
        "2018-03": {
            "month": "2018-03",
            "price": "21.77",
            "revenue": 70821
        },
        "2018-04": {
            "month": "2018-04",
            "price": "20.44",
            "revenue": 80645
        },
        "2018-05": {
            "month": "2018-05",
            "price": "19.70",
            "revenue": 108241
        },
        "2018-06": {
            "month": "2018-06",
            "price": "19.68",
            "revenue": 76541
        },
        "2018-07": {
            "month": "2018-07",
            "price": "18.21",
            "revenue": 94987
        },
        "2018-08": {
            "month": "2018-08",
            "price": "15.43",
            "revenue": 55308
        },
        "2018-09": {
            "month": "2018-09",
            "price": "12.49",
            "revenue": 74459
        },
        "2018-10": {
            "month": "2018-10",
            "price": "10.15",
            "revenue": 56476
        },
        "2018-11": {
            "month": "2018-11",
            "price": "7.85",
            "revenue": 62293
        },
        "2018-12": {
            "month": "2018-12",
            "price": "7.29",
            "revenue": 59968
        },
        "2019-01": {
            "month": "2019-01",
            "price": "8.10",
            "revenue": 87191
        },
        "2019-02": {
            "month": "2019-02",
            "price": "7.84",
            "revenue": 32545
        },
        "2019-03": {
            "month": "2019-03",
            "price": "7.42",
            "revenue": 30078
        },
        "2019-04": {
            "month": "2019-04",
            "price": "6.63",
            "revenue": 33427
        },
        "2019-05": {
            "month": "2019-05",
            "price": "5.64",
            "revenue": 26046
        },
        "2019-06": {
            "month": "2019-06",
            "price": "3.88",
            "revenue": 25134
        },
        "2019-07": {
            "month": "2019-07",
            "price": "3.26",
            "revenue": 19285
        },
        "2019-08": {
            "month": "2019-08",
            "price": "3.03",
            "revenue": 16834
        },
        "2019-09": {
            "month": "2019-09",
            "price": "2.99",
            "revenue": 20575
        },
        "2019-10": {
            "month": "2019-10",
            "price": "2.86",
            "revenue": 14730
        },
        "2019-11": {
            "month": "2019-11",
            "price": "2.56",
            "revenue": 21216
        },
        "2019-12": {
            "month": "2019-12",
            "price": "2.91",
            "revenue": 21221
        },
        "2020-01": {
            "month": "2020-01",
            "price": "3.09",
            "revenue": 17210
        },
        "2020-02": {
            "month": "2020-02",
            "price": "3.08",
            "revenue": 11956
        },
        "2020-03": {
            "month": "2020-03",
            "price": "2.67",
            "revenue": 10580
        },
        "2020-04": {
            "month": "2020-04",
            "price": "2.48",
            "revenue": 9477
        },
        "2020-05": {
            "month": "2020-05",
            "price": "2.12",
            "revenue": 8734
        },
        "2020-06": {
            "month": "2020-06",
            "price": "2.12",
            "revenue": 6087
        },
        "2020-07": {
            "month": "2020-07",
            "price": "6.86",
            "revenue": 6308
        },
        "2020-08": {
            "month": "2020-08",
            "price": "6.06",
            "revenue": 5268
        },
        "2020-09": {
            "month": "2020-09",
            "price": "6.49",
            "revenue": 5033
        },
        "2020-10": {
            "month": "2020-10",
            "price": "6.64",
            "revenue": 5142
        },
        "2020-11": {
            "month": "2020-11",
            "price": "8.83",
            "revenue": 6587
        },
        "2020-12": {
            "month": "2020-12",
            "price": "11.09",
            "revenue": 1779
        },
        "2021-01": {
            "month": "2021-01",
            "price": "10.35",
            "revenue": 2378
        },
        "2021-02": {
            "month": "2021-02",
            "price": "9.87",
            "revenue": 2606
        },
        "2021-03": {
            "month": "2021-03",
            "price": "12.16",
            "revenue": 7889
        },
        "2021-04": {
            "month": "2021-04",
            "price": "12.15",
            "revenue": 4125
        },
        "2021-05": {
            "month": "2021-05",
            "price": "10.46",
            "revenue": 4238
        },
        "2021-06": {
            "month": "2021-06",
            "price": "8.66",
            "revenue": 8428
        },
        "2021-07": {
            "month": "2021-07",
            "price": "9.16",
            "revenue": 8318
        },
        "2021-08": {
            "month": "2021-08",
            "price": "7.42",
            "revenue": 10093
        },
        "2021-09": {
            "month": "2021-09",
            "price": "8.24",
            "revenue": 7692
        },
        "2021-10": {
            "month": "2021-10",
            "price": "11.94",
            "revenue": 9160
        },
        "2021-11": {
            "month": "2021-11",
            "price": "9.97",
            "revenue": 14269
        },
        "2021-12": {
            "month": "2021-12",
            "price": "10.49",
            "revenue": 9451
        },
        "2022-01": {
            "month": "2022-01",
            "price": "10.46",
            "revenue": 12203
        },
        "2022-02": {
            "month": "2022-02",
            "price": "10.71",
            "revenue": 11858
        },
        "2022-03": {
            "month": "2022-03",
            "price": "10.17",
            "revenue": 13033
        },
        "2022-04": {
            "month": "2022-04",
            "price": "10.03",
            "revenue": 24265
        },
        "2022-05": {
            "month": "2022-05",
            "price": "10.59",
            "revenue": 17627
        },
        "2022-06": {
            "month": "2022-06",
            "price": "10.10",
            "revenue": 16690
        },
        "2022-07": {
            "month": "2022-07",
            "price": "10.44",
            "revenue": 16929
        },
        "2022-08": {
            "month": "2022-08",
            "price": "12.49",
            "revenue": 14627
        },
        "2022-09": {
            "month": "2022-09",
            "price": "12.82",
            "revenue": 5370
        },
        "2022-10": {
            "month": "2022-10",
            "price": "10.15",
            "revenue": 10522
        },
        "2022-11": {
            "month": "2022-11",
            "price": "9.99",
            "revenue": 13629
        },
        "2022-12": {
            "month": "2022-12",
            "price": "10.36",
            "revenue": 19880
        },
        "2023-01": {
            "month": "2023-01",
            "price": "10.62",
            "revenue": 6310
        },
        "2023-02": {
            "month": "2023-02",
            "price": "20.92",
            "revenue": 6762
        },
        "2023-03": {
            "month": "2023-03",
            "price": "21.52",
            "revenue": 7154
        },
        "2023-04": {
            "month": "2023-04",
            "price": "21.43",
            "revenue": 12489
        },
        "2023-05": {
            "month": "2023-05",
            "price": "21.42",
            "revenue": 13245
        },
        "2023-06": {
            "month": "2023-06",
            "price": "21.12",
            "revenue": 2291
        },
        "2023-07": {
            "month": "2023-07",
            "price": "20.57",
            "revenue": 2624
        },
        "2023-08": {
            "month": "2023-08",
            "price": "18.26",
            "revenue": 4321
        },
        "2023-09": {
            "month": "2023-09",
            "price": "16.82",
            "revenue": 4738
        },
        "2023-10": {
            "month": "2023-10",
            "price": "16.04",
            "revenue": 3618
        },
        "2023-11": {
            "month": "2023-11",
            "price": "12.51",
            "revenue": 6358
        },
        "2023-12": {
            "month": "2023-12",
            "price": "11.59",
            "revenue": 3346
        }
    }
}
