{
    "summary": {
        "stock_name": "華義",
        "stock_id": "3086",
        "category": "文化創意",
        "main_business": "電腦軟硬體程式之設計買賣<br>遊戲軟體之代理銷售<br>電子資訊服務",
        "website_url": "http://www.wayi.net",
        "ceo": "施書凱",
        "pe_ratio": 84,
        "report_year_from": 2001,
        "report_year_to": 2023,
        "age": 23,
        "eps_negative_percentage": 52,
        "eps_growth_avg": {
            "last_all": -35.11,
            "last_2y": -41.01,
            "last_4y": -41.01,
            "last_8y": -41.01,
            "last_12y": -58.76,
            "last_16y": -27,
            "last_20y": null,
            "at_2006_last_3y": null,
            "at_2007_last_3y": -100,
            "at_2008_last_3y": -100,
            "at_2009_last_3y": -11.11,
            "at_2010_last_3y": 25.93,
            "at_2011_last_3y": 50.78,
            "at_2012_last_3y": 16.5,
            "at_2013_last_3y": -27.95,
            "at_2014_last_3y": -70.6,
            "at_2015_last_3y": -93.18,
            "at_2016_last_3y": -100,
            "at_2017_last_3y": null,
            "at_2018_last_3y": null,
            "at_2019_last_3y": null,
            "at_2020_last_3y": null,
            "at_2021_last_3y": null,
            "at_2022_last_3y": -62.92,
            "at_2023_last_3y": -41.01,
            "at_2024_last_3y": -41.01,
            "at_2006_last_all": -100,
            "at_2007_last_all": -100,
            "at_2008_last_all": -100,
            "at_2009_last_all": -40.74,
            "at_2010_last_all": -5.56,
            "at_2011_last_all": -9.53,
            "at_2012_last_all": -22.33,
            "at_2013_last_all": -33.43,
            "at_2014_last_all": -33.43,
            "at_2015_last_all": -33.43,
            "at_2016_last_all": -33.43,
            "at_2017_last_all": -33.43,
            "at_2018_last_all": -33.43,
            "at_2019_last_all": -33.43,
            "at_2020_last_all": -33.43,
            "at_2021_last_all": -33.43,
            "at_2022_last_all": -37.12,
            "at_2023_last_all": -35.11,
            "at_2024_last_all": -35.11
        },
        "latest_eps": 1.41,
        "latest_price": 118.5,
        "latest_roe": 10.26,
        "latest_gross_margin": 66.04,
        "latest_equity": 333568,
        "latest_revenue": 47846,
        "latest_gross_profit": 31596,
        "latest_net_income": 11690,
        "latest_debt_ratio": 8.2,
        "latest_current_ratio": 969.78,
        "latest_account_receivable_turnover_ratio": 1.63,
        "latest_inventory_turnover_ratio": 125,
        "latest_reinvestment_rate": -28.73,
        "latest_research_to_sale_ratio": 0
    },
    "eps_dividends": {
        "2001": {
            "cash": 0,
            "stock": 2.2,
            "eps": 0
        },
        "2002": {
            "cash": 0,
            "stock": 2.5,
            "eps": 0
        },
        "2003": {
            "cash": 2,
            "stock": 3,
            "eps": 3.67
        },
        "2004": {
            "cash": 1.2,
            "stock": 1,
            "eps": -0.04
        },
        "2005": {
            "cash": 0,
            "stock": 0,
            "eps": -4.43
        },
        "2006": {
            "cash": 0,
            "stock": 0,
            "eps": 0.13
        },
        "2007": {
            "cash": 0,
            "stock": 0,
            "eps": -3.62
        },
        "2008": {
            "cash": 0,
            "stock": 0,
            "eps": 0.09
        },
        "2009": {
            "cash": 0,
            "stock": 0,
            "eps": 0.16
        },
        "2010": {
            "cash": 0,
            "stock": 0,
            "eps": 1.77
        },
        "2011": {
            "cash": 0,
            "stock": 0,
            "eps": 1.32
        },
        "2012": {
            "cash": 0.65,
            "stock": 0.5,
            "eps": 0.18
        },
        "2013": {
            "cash": 0,
            "stock": 0,
            "eps": -1.32
        },
        "2014": {
            "cash": 0,
            "stock": 0,
            "eps": -2.59
        },
        "2015": {
            "cash": 0,
            "stock": 0,
            "eps": -2.21
        },
        "2016": {
            "cash": 0,
            "stock": 0,
            "eps": -3.63
        },
        "2017": {
            "cash": 0,
            "stock": 0,
            "eps": -3.12
        },
        "2018": {
            "cash": 0,
            "stock": 0,
            "eps": -0.98
        },
        "2019": {
            "cash": 0,
            "stock": 0,
            "eps": -1
        },
        "2020": {
            "cash": 0,
            "stock": 0,
            "eps": -0.15
        },
        "2021": {
            "cash": 0,
            "stock": 0,
            "eps": 4.8
        },
        "2022": {
            "cash": 2,
            "stock": 1.5,
            "eps": 1.78
        },
        "2023": {
            "cash": 0.6,
            "stock": 0.6,
            "eps": 1.44
        },
        "2024": {
            "cash": 0.5,
            "stock": 1,
            "eps": 0
        }
    },
    "dividends": {
        "2001-04-30": {
            "cash": 0,
            "stock": 2.2
        },
        "2002-06-04": {
            "cash": 0,
            "stock": 2.5
        },
        "2003-05-26": {
            "cash": 2,
            "stock": 3
        },
        "2004-03-18": {
            "cash": 1.2,
            "stock": 1
        },
        "2012-06-13": {
            "cash": 0.65,
            "stock": 0.5
        },
        "2022-09-30": {
            "cash": 2,
            "stock": 1.5
        },
        "2023-09-28": {
            "cash": 0.6,
            "stock": 0.6
        },
        "2024-03-15": {
            "cash": 0.5,
            "stock": 1
        }
    },
    "prices": {
        "200101": "無",
        "200102": "無",
        "200103": "無",
        "200104": "無",
        "200105": "無",
        "200106": "無",
        "200107": "無",
        "200108": "無",
        "200109": "無",
        "200110": "無",
        "200111": "無",
        "200112": "無",
        "200201": "無",
        "200202": "無",
        "200203": "無",
        "200204": "無",
        "200205": "無",
        "200206": "無",
        "200207": "無",
        "200208": "無",
        "200209": "無",
        "200210": "無",
        "200211": "無",
        "200212": "無",
        "200301": "無",
        "200302": "無",
        "200303": "無",
        "200304": "無",
        "200305": "無",
        "200306": "無",
        "200307": "無",
        "200308": "無",
        "200309": "30.25",
        "200310": "28.20",
        "200311": "30.95",
        "200312": "33.79",
        "200401": "36.59",
        "200402": "38.24",
        "200403": "37.87",
        "200404": "31.80",
        "200405": "24.30",
        "200406": "22.28",
        "200407": "17.95",
        "200408": "17.12",
        "200409": "15.25",
        "200410": "16.91",
        "200411": "16.35",
        "200412": "14.56",
        "200501": "12.67",
        "200502": "14.94",
        "200503": "13.60",
        "200504": "11.52",
        "200505": "9.46",
        "200506": "9.90",
        "200507": "10.67",
        "200508": "9.03",
        "200509": "8.70",
        "200510": "7.50",
        "200511": "7.85",
        "200512": "10.17",
        "200601": "10.06",
        "200602": "10.33",
        "200603": "9.73",
        "200604": "10.77",
        "200605": "12.40",
        "200606": "12.14",
        "200607": "11.80",
        "200608": "11.09",
        "200609": "14.65",
        "200610": "21.60",
        "200611": "21.66",
        "200612": "19.89",
        "200701": "21.25",
        "200702": "20.57",
        "200703": "18.44",
        "200704": "18.16",
        "200705": "15.80",
        "200706": "18.02",
        "200707": "19.82",
        "200708": "17.13",
        "200709": "17.75",
        "200710": "17.35",
        "200711": "15.68",
        "200712": "12.16",
        "200801": "10.28",
        "200802": "10.19",
        "200803": "12.17",
        "200804": "18.26",
        "200805": "24.62",
        "200806": "24.44",
        "200807": "17.95",
        "200808": "15.62",
        "200809": "13.25",
        "200810": "11.21",
        "200811": "10.51",
        "200812": "13.37",
        "200901": "14.75",
        "200902": "15.78",
        "200903": "15.78",
        "200904": "16.55",
        "200905": "17.33",
        "200906": "19.14",
        "200907": "21.14",
        "200908": "18.62",
        "200909": "16.99",
        "200910": "16.69",
        "200911": "15.03",
        "200912": "16.47",
        "201001": "24.42",
        "201002": "22.37",
        "201003": "22.99",
        "201004": "22.46",
        "201005": "28.94",
        "201006": "35.80",
        "201007": "34.29",
        "201008": "30.36",
        "201009": "32.23",
        "201010": "28.97",
        "201011": "29.21",
        "201012": "31.73",
        "201101": "32.81",
        "201102": "27.63",
        "201103": "26.39",
        "201104": "28.39",
        "201105": "31.15",
        "201106": "30.28",
        "201107": "27.45",
        "201108": "20.35",
        "201109": "19.41",
        "201110": "19.56",
        "201111": "20.90",
        "201112": "18.81",
        "201201": "19.87",
        "201202": "23.60",
        "201203": "22.82",
        "201204": "21.06",
        "201205": "20.83",
        "201206": "19.93",
        "201207": "18.91",
        "201208": "16.93",
        "201209": "15.46",
        "201210": "13.90",
        "201211": "12.02",
        "201212": "13.89",
        "201301": "14.31",
        "201302": "13.06",
        "201303": "12.82",
        "201304": "12.61",
        "201305": "13.10",
        "201306": "13.22",
        "201307": "11.89",
        "201308": "10.61",
        "201309": "10.70",
        "201310": "10.43",
        "201311": "10.19",
        "201312": "11.85",
        "201401": "13.83",
        "201402": "12.67",
        "201403": "12.47",
        "201404": "12.35",
        "201405": "13.86",
        "201406": "17.30",
        "201407": "15.79",
        "201408": "12.65",
        "201409": "12.24",
        "201410": "10.33",
        "201411": "10.51",
        "201412": "12.31",
        "201501": "15.53",
        "201502": "14.77",
        "201503": "15.96",
        "201504": "17.84",
        "201505": "16.46",
        "201506": "14.77",
        "201507": "12.64",
        "201508": "9.55",
        "201509": "10.71",
        "201510": "12.19",
        "201511": "12.55",
        "201512": "12.58",
        "201601": "12.17",
        "201602": "12.32",
        "201603": "13.99",
        "201604": "16.21",
        "201605": "13.40",
        "201606": "13.65",
        "201607": "13.16",
        "201608": "10.86",
        "201609": "6.66",
        "201610": "6.33",
        "201611": "6.74",
        "201612": "8.11",
        "201701": "8.11",
        "201702": "7.93",
        "201703": "7.42",
        "201704": "8.94",
        "201705": "9.62",
        "201706": "16.20",
        "201707": "16.28",
        "201708": "14.68",
        "201709": "15.26",
        "201710": "14.42",
        "201711": "16.49",
        "201712": "16.60",
        "201801": "18.13",
        "201802": "16.72",
        "201803": "14.17",
        "201804": "13.34",
        "201805": "16.25",
        "201806": "14.97",
        "201807": "13.83",
        "201808": "15.31",
        "201809": "15.25",
        "201810": "15.59",
        "201811": "15.48",
        "201812": "16.22",
        "201901": "15.90",
        "201902": "14.33",
        "201903": "14.21",
        "201904": "10.04",
        "201905": "8.98",
        "201906": "7.82",
        "201907": "7.66",
        "201908": "7.31",
        "201909": "6.94",
        "201910": "6.60",
        "201911": "7.05",
        "201912": "7.14",
        "202001": "25.58",
        "202002": "21.19",
        "202003": "16.66",
        "202004": "15.46",
        "202005": "17.18",
        "202006": "18.35",
        "202007": "18.08",
        "202008": "18.24",
        "202009": "19.20",
        "202010": "20.80",
        "202011": "25.96",
        "202012": "35.69",
        "202101": "85.30",
        "202102": "173.62",
        "202103": "143.60",
        "202104": "123.89",
        "202105": "118.23",
        "202106": "119.17",
        "202107": "106.72",
        "202108": "100.90",
        "202109": "94.08",
        "202110": "86.39",
        "202111": "86.01",
        "202112": "104.15",
        "202201": "130.94",
        "202202": "141.17",
        "202203": "126.04",
        "202204": "118.32",
        "202205": "106.10",
        "202206": "107.86",
        "202207": "90.37",
        "202208": "84.57",
        "202209": "77.39",
        "202210": "71.30",
        "202211": "76.01",
        "202212": "82.06",
        "202301": "81.16",
        "202302": "79.98",
        "202303": "76.60",
        "202304": "73.67",
        "202305": "72.74",
        "202306": "78.24",
        "202307": "77.96",
        "202308": "67.54",
        "202309": "63.47",
        "202310": "62.68",
        "202311": "74.10",
        "202312": "114.47",
        "202401": "154.25",
        "202402": "119.77",
        "202403": "122.19",
        "202404": "無"
    },
    "quarters": {
        "20011": {
            "year_quarter": 20011,
            "year": 2001,
            "quarter": 1,
            "eps": null,
            "eps_growth_year": null,
            "eps_4q": null,
            "eps_4q_growth_year": null,
            "roe": null,
            "roe_4q": 0,
            "gross_profit": null,
            "gross_margin": null,
            "gross_margin_4q_avg": 0,
            "net_income": null,
            "net_income_4q": null,
            "revenue": null,
            "revenue_4q": null,
            "common_shares": null,
            "book_valuer_per_share": null,
            "book_valuer_per_share_4q_avg": 0,
            "equity": null,
            "current_ratio": null,
            "debt_ratio": null,
            "inventory_turnover_ratio": null,
            "account_receivable_turnover_ratio": null,
            "reinvestment_rate": null,
            "research_to_sale_ratio": null,
            "price_fair": 0,
            "eps_avg_yearly": 0,
            "eps_latest_yearly": 0,
            "eps_growth_yearly": 0
        },
        "20012": {
            "year_quarter": 20012,
            "year": 2001,
            "quarter": 2,
            "eps": null,
            "eps_growth_year": null,
            "eps_4q": null,
            "eps_4q_growth_year": null,
            "roe": null,
            "roe_4q": 0,
            "gross_profit": null,
            "gross_margin": null,
            "gross_margin_4q_avg": 0,
            "net_income": null,
            "net_income_4q": null,
            "revenue": null,
            "revenue_4q": null,
            "common_shares": null,
            "book_valuer_per_share": null,
            "book_valuer_per_share_4q_avg": 0,
            "equity": null,
            "current_ratio": null,
            "debt_ratio": null,
            "inventory_turnover_ratio": null,
            "account_receivable_turnover_ratio": null,
            "reinvestment_rate": null,
            "research_to_sale_ratio": null,
            "price_fair": 0,
            "eps_avg_yearly": 0,
            "eps_latest_yearly": 0,
            "eps_growth_yearly": 0
        },
        "20013": {
            "year_quarter": 20013,
            "year": 2001,
            "quarter": 3,
            "eps": null,
            "eps_growth_year": null,
            "eps_4q": null,
            "eps_4q_growth_year": null,
            "roe": null,
            "roe_4q": 0,
            "gross_profit": null,
            "gross_margin": null,
            "gross_margin_4q_avg": 0,
            "net_income": null,
            "net_income_4q": null,
            "revenue": null,
            "revenue_4q": null,
            "common_shares": null,
            "book_valuer_per_share": null,
            "book_valuer_per_share_4q_avg": 0,
            "equity": null,
            "current_ratio": null,
            "debt_ratio": null,
            "inventory_turnover_ratio": null,
            "account_receivable_turnover_ratio": null,
            "reinvestment_rate": null,
            "research_to_sale_ratio": null,
            "price_fair": 0,
            "eps_avg_yearly": 0,
            "eps_latest_yearly": 0,
            "eps_growth_yearly": 0
        },
        "20014": {
            "year_quarter": 20014,
            "year": 2001,
            "quarter": 4,
            "eps": null,
            "eps_growth_year": null,
            "eps_4q": null,
            "eps_4q_growth_year": null,
            "roe": null,
            "roe_4q": 0,
            "gross_profit": null,
            "gross_margin": null,
            "gross_margin_4q_avg": 0,
            "net_income": null,
            "net_income_4q": null,
            "revenue": null,
            "revenue_4q": null,
            "common_shares": 236245,
            "book_valuer_per_share": 20.78,
            "book_valuer_per_share_4q_avg": 5.2,
            "equity": 527948,
            "current_ratio": 250.76,
            "debt_ratio": 31.27,
            "inventory_turnover_ratio": null,
            "account_receivable_turnover_ratio": null,
            "reinvestment_rate": null,
            "research_to_sale_ratio": null,
            "price_fair": 0,
            "eps_avg_yearly": 0,
            "eps_latest_yearly": 0,
            "eps_growth_yearly": 0
        },
        "20021": {
            "year_quarter": 20021,
            "year": 2002,
            "quarter": 1,
            "eps": null,
            "eps_growth_year": null,
            "eps_4q": null,
            "eps_4q_growth_year": null,
            "roe": null,
            "roe_4q": 0,
            "gross_profit": null,
            "gross_margin": null,
            "gross_margin_4q_avg": 0,
            "net_income": null,
            "net_income_4q": null,
            "revenue": null,
            "revenue_4q": null,
            "common_shares": null,
            "book_valuer_per_share": null,
            "book_valuer_per_share_4q_avg": 5.2,
            "equity": null,
            "current_ratio": null,
            "debt_ratio": null,
            "inventory_turnover_ratio": null,
            "account_receivable_turnover_ratio": null,
            "reinvestment_rate": null,
            "research_to_sale_ratio": null,
            "price_fair": 0,
            "eps_avg_yearly": 0,
            "eps_latest_yearly": 0,
            "eps_growth_yearly": 0
        },
        "20022": {
            "year_quarter": 20022,
            "year": 2002,
            "quarter": 2,
            "eps": null,
            "eps_growth_year": null,
            "eps_4q": null,
            "eps_4q_growth_year": null,
            "roe": null,
            "roe_4q": 0,
            "gross_profit": null,
            "gross_margin": null,
            "gross_margin_4q_avg": 0,
            "net_income": null,
            "net_income_4q": null,
            "revenue": null,
            "revenue_4q": null,
            "common_shares": null,
            "book_valuer_per_share": null,
            "book_valuer_per_share_4q_avg": 5.2,
            "equity": null,
            "current_ratio": null,
            "debt_ratio": null,
            "inventory_turnover_ratio": null,
            "account_receivable_turnover_ratio": null,
            "reinvestment_rate": null,
            "research_to_sale_ratio": null,
            "price_fair": 0,
            "eps_avg_yearly": 0,
            "eps_latest_yearly": 0,
            "eps_growth_yearly": 0
        },
        "20023": {
            "year_quarter": 20023,
            "year": 2002,
            "quarter": 3,
            "eps": null,
            "eps_growth_year": null,
            "eps_4q": null,
            "eps_4q_growth_year": null,
            "roe": null,
            "roe_4q": 0,
            "gross_profit": null,
            "gross_margin": null,
            "gross_margin_4q_avg": 0,
            "net_income": null,
            "net_income_4q": null,
            "revenue": null,
            "revenue_4q": null,
            "common_shares": null,
            "book_valuer_per_share": null,
            "book_valuer_per_share_4q_avg": 5.2,
            "equity": null,
            "current_ratio": null,
            "debt_ratio": null,
            "inventory_turnover_ratio": null,
            "account_receivable_turnover_ratio": null,
            "reinvestment_rate": null,
            "research_to_sale_ratio": null,
            "price_fair": 0,
            "eps_avg_yearly": 0,
            "eps_latest_yearly": 0,
            "eps_growth_yearly": 0
        },
        "20024": {
            "year_quarter": 20024,
            "year": 2002,
            "quarter": 4,
            "eps": null,
            "eps_growth_year": null,
            "eps_4q": null,
            "eps_4q_growth_year": null,
            "roe": null,
            "roe_4q": 0,
            "gross_profit": null,
            "gross_margin": null,
            "gross_margin_4q_avg": 0,
            "net_income": null,
            "net_income_4q": null,
            "revenue": null,
            "revenue_4q": null,
            "common_shares": 311580,
            "book_valuer_per_share": 22.71,
            "book_valuer_per_share_4q_avg": 5.68,
            "equity": 829713,
            "current_ratio": 269.99,
            "debt_ratio": 35.92,
            "inventory_turnover_ratio": null,
            "account_receivable_turnover_ratio": null,
            "reinvestment_rate": null,
            "research_to_sale_ratio": null,
            "price_fair": 0,
            "eps_avg_yearly": 0,
            "eps_latest_yearly": 0,
            "eps_growth_yearly": 0
        },
        "20031": {
            "year_quarter": 20031,
            "year": 2003,
            "quarter": 1,
            "eps": 1.75,
            "eps_growth_year": null,
            "eps_4q": null,
            "eps_4q_growth_year": null,
            "roe": 6.86,
            "roe_4q": 6.86,
            "gross_profit": 94469,
            "gross_margin": 53.16,
            "gross_margin_4q_avg": 13.29,
            "net_income": 54660,
            "net_income_4q": null,
            "revenue": 177703,
            "revenue_4q": null,
            "common_shares": 311580,
            "book_valuer_per_share": 24.48,
            "book_valuer_per_share_4q_avg": 11.8,
            "equity": 762795,
            "current_ratio": 226.48,
            "debt_ratio": 23.75,
            "inventory_turnover_ratio": 2.35,
            "account_receivable_turnover_ratio": null,
            "reinvestment_rate": null,
            "research_to_sale_ratio": null,
            "price_fair": 0,
            "eps_avg_yearly": 0,
            "eps_latest_yearly": 0,
            "eps_growth_yearly": 0
        },
        "20032": {
            "year_quarter": 20032,
            "year": 2003,
            "quarter": 2,
            "eps": 0.11,
            "eps_growth_year": null,
            "eps_4q": null,
            "eps_4q_growth_year": null,
            "roe": 0.63,
            "roe_4q": 7.49,
            "gross_profit": 61527,
            "gross_margin": 45.01,
            "gross_margin_4q_avg": 24.54,
            "net_income": 4598,
            "net_income_4q": null,
            "revenue": 136697,
            "revenue_4q": null,
            "common_shares": 311580,
            "book_valuer_per_share": 22.35,
            "book_valuer_per_share_4q_avg": 17.39,
            "equity": 696289,
            "current_ratio": 129.32,
            "debt_ratio": 30.92,
            "inventory_turnover_ratio": 4.03,
            "account_receivable_turnover_ratio": null,
            "reinvestment_rate": null,
            "research_to_sale_ratio": null,
            "price_fair": 1.32,
            "eps_avg_yearly": 0.44,
            "eps_latest_yearly": 0.44,
            "eps_growth_yearly": -374.86
        },
        "20033": {
            "year_quarter": 20033,
            "year": 2003,
            "quarter": 3,
            "eps": 0.75,
            "eps_growth_year": null,
            "eps_4q": null,
            "eps_4q_growth_year": null,
            "roe": 4.56,
            "roe_4q": 12.05,
            "gross_profit": 96227,
            "gross_margin": 57.22,
            "gross_margin_4q_avg": 38.85,
            "net_income": 32283,
            "net_income_4q": null,
            "revenue": 168183,
            "revenue_4q": null,
            "common_shares": 428420,
            "book_valuer_per_share": 16.78,
            "book_valuer_per_share_4q_avg": 21.58,
            "equity": 719050,
            "current_ratio": 127.94,
            "debt_ratio": 31.24,
            "inventory_turnover_ratio": 4.52,
            "account_receivable_turnover_ratio": null,
            "reinvestment_rate": null,
            "research_to_sale_ratio": null,
            "price_fair": 60.2,
            "eps_avg_yearly": 1.72,
            "eps_latest_yearly": 3,
            "eps_growth_yearly": 976.21
        },
        "20034": {
            "year_quarter": 20034,
            "year": 2003,
            "quarter": 4,
            "eps": 1.06,
            "eps_growth_year": null,
            "eps_4q": 3.21,
            "eps_4q_growth_year": null,
            "roe": 6.08,
            "roe_4q": 18.130000000000003,
            "gross_profit": 93935,
            "gross_margin": 68.94,
            "gross_margin_4q_avg": 56.08,
            "net_income": 45211,
            "net_income_4q": null,
            "revenue": 136252,
            "revenue_4q": null,
            "common_shares": 428420,
            "book_valuer_per_share": 17.93,
            "book_valuer_per_share_4q_avg": 20.39,
            "equity": 768069,
            "current_ratio": 276.29,
            "debt_ratio": 35.31,
            "inventory_turnover_ratio": 2.33,
            "account_receivable_turnover_ratio": null,
            "reinvestment_rate": null,
            "research_to_sale_ratio": null,
            "price_fair": 89.6,
            "eps_avg_yearly": 2.56,
            "eps_latest_yearly": 4.24,
            "eps_growth_yearly": 705.92
        },
        "20041": {
            "year_quarter": 20041,
            "year": 2004,
            "quarter": 1,
            "eps": 0.8,
            "eps_growth_year": -54.29,
            "eps_4q": 2.71,
            "eps_4q_growth_year": null,
            "roe": 4.41,
            "roe_4q": 15.680000000000001,
            "gross_profit": 78231,
            "gross_margin": 64.18,
            "gross_margin_4q_avg": 58.84,
            "net_income": 34360,
            "net_income_4q": null,
            "revenue": 121886,
            "revenue_4q": null,
            "common_shares": 428420,
            "book_valuer_per_share": 18.44,
            "book_valuer_per_share_4q_avg": 18.88,
            "equity": 789894,
            "current_ratio": 143.24,
            "debt_ratio": 24.49,
            "inventory_turnover_ratio": 2.81,
            "account_receivable_turnover_ratio": null,
            "reinvestment_rate": null,
            "research_to_sale_ratio": null,
            "price_fair": 95.2,
            "eps_avg_yearly": 2.72,
            "eps_latest_yearly": 3.2,
            "eps_growth_yearly": 504.91
        },
        "20042": {
            "year_quarter": 20042,
            "year": 2004,
            "quarter": 2,
            "eps": 0.26,
            "eps_growth_year": 136.36,
            "eps_4q": 2.91,
            "eps_4q_growth_year": null,
            "roe": 1.42,
            "roe_4q": 16.47,
            "gross_profit": 71866,
            "gross_margin": 63.31,
            "gross_margin_4q_avg": 63.41,
            "net_income": 10965,
            "net_income_4q": null,
            "revenue": 113508,
            "revenue_4q": null,
            "common_shares": 428420,
            "book_valuer_per_share": 17.57,
            "book_valuer_per_share_4q_avg": 17.68,
            "equity": 752717,
            "current_ratio": 109.88,
            "debt_ratio": 26.32,
            "inventory_turnover_ratio": 6.75,
            "account_receivable_turnover_ratio": null,
            "reinvestment_rate": null,
            "research_to_sale_ratio": null,
            "price_fair": 83.44,
            "eps_avg_yearly": 2.38,
            "eps_latest_yearly": 1.04,
            "eps_growth_yearly": 349.93
        },
        "20043": {
            "year_quarter": 20043,
            "year": 2004,
            "quarter": 3,
            "eps": 0.53,
            "eps_growth_year": -29.33,
            "eps_4q": 2.41,
            "eps_4q_growth_year": null,
            "roe": 3.37,
            "roe_4q": 15.28,
            "gross_profit": 63632,
            "gross_margin": 73.93,
            "gross_margin_4q_avg": 67.59,
            "net_income": 25482,
            "net_income_4q": null,
            "revenue": 86071,
            "revenue_4q": null,
            "common_shares": 481970,
            "book_valuer_per_share": 15.72,
            "book_valuer_per_share_4q_avg": 17.42,
            "equity": 757496,
            "current_ratio": 123.77,
            "debt_ratio": 24.5,
            "inventory_turnover_ratio": 3.92,
            "account_receivable_turnover_ratio": null,
            "reinvestment_rate": null,
            "research_to_sale_ratio": null,
            "price_fair": 81.9,
            "eps_avg_yearly": 2.34,
            "eps_latest_yearly": 2.12,
            "eps_growth_yearly": 360.84
        },
        "20044": {
            "year_quarter": 20044,
            "year": 2004,
            "quarter": 4,
            "eps": -1.63,
            "eps_growth_year": -253.77,
            "eps_4q": -0.14,
            "eps_4q_growth_year": -104.37,
            "roe": -11.15,
            "roe_4q": -1.9500000000000002,
            "gross_profit": 30927,
            "gross_margin": 57.77,
            "gross_margin_4q_avg": 64.8,
            "net_income": -77333,
            "net_income_4q": null,
            "revenue": 53534,
            "revenue_4q": null,
            "common_shares": 481970,
            "book_valuer_per_share": 13.07,
            "book_valuer_per_share_4q_avg": 16.2,
            "equity": 630115,
            "current_ratio": 328.53,
            "debt_ratio": 21.7,
            "inventory_turnover_ratio": 3.67,
            "account_receivable_turnover_ratio": null,
            "reinvestment_rate": null,
            "research_to_sale_ratio": null,
            "price_fair": 81.9,
            "eps_avg_yearly": 2.34,
            "eps_latest_yearly": 2.12,
            "eps_growth_yearly": 360.84
        },
        "20051": {
            "year_quarter": 20051,
            "year": 2005,
            "quarter": 1,
            "eps": -1.47,
            "eps_growth_year": -283.75,
            "eps_4q": -2.36,
            "eps_4q_growth_year": -187.17,
            "roe": -11.25,
            "roe_4q": -17.61,
            "gross_profit": 28214,
            "gross_margin": 56.43,
            "gross_margin_4q_avg": 62.86,
            "net_income": -67276,
            "net_income_4q": null,
            "revenue": 49994,
            "revenue_4q": null,
            "common_shares": 481970,
            "book_valuer_per_share": 11.74,
            "book_valuer_per_share_4q_avg": 14.53,
            "equity": 565623,
            "current_ratio": 113.93,
            "debt_ratio": 31.82,
            "inventory_turnover_ratio": 3.85,
            "account_receivable_turnover_ratio": null,
            "reinvestment_rate": null,
            "research_to_sale_ratio": null,
            "price_fair": 81.9,
            "eps_avg_yearly": 2.34,
            "eps_latest_yearly": 2.12,
            "eps_growth_yearly": 360.84
        },
        "20052": {
            "year_quarter": 20052,
            "year": 2005,
            "quarter": 2,
            "eps": -0.77,
            "eps_growth_year": -396.15,
            "eps_4q": -3.2,
            "eps_4q_growth_year": -209.76,
            "roe": -6.4,
            "roe_4q": -25.429999999999996,
            "gross_profit": 10661,
            "gross_margin": 42.83,
            "gross_margin_4q_avg": 57.74,
            "net_income": -34940,
            "net_income_4q": null,
            "revenue": 24892,
            "revenue_4q": null,
            "common_shares": 481970,
            "book_valuer_per_share": 10.93,
            "book_valuer_per_share_4q_avg": 12.87,
            "equity": 527034,
            "current_ratio": 98.23,
            "debt_ratio": 33.37,
            "inventory_turnover_ratio": 2.2,
            "account_receivable_turnover_ratio": null,
            "reinvestment_rate": null,
            "research_to_sale_ratio": null,
            "price_fair": 81.9,
            "eps_avg_yearly": 2.34,
            "eps_latest_yearly": 2.12,
            "eps_growth_yearly": 360.84
        },
        "20053": {
            "year_quarter": 20053,
            "year": 2005,
            "quarter": 3,
            "eps": -1.23,
            "eps_growth_year": -332.08,
            "eps_4q": -4.89,
            "eps_4q_growth_year": -302.48,
            "roe": -11.05,
            "roe_4q": -39.85,
            "gross_profit": 34270,
            "gross_margin": 55.09,
            "gross_margin_4q_avg": 53.03,
            "net_income": -55943,
            "net_income_4q": null,
            "revenue": 62203,
            "revenue_4q": null,
            "common_shares": 481970,
            "book_valuer_per_share": 10.07,
            "book_valuer_per_share_4q_avg": 11.45,
            "equity": 485441,
            "current_ratio": 73.87,
            "debt_ratio": 39.14,
            "inventory_turnover_ratio": 2.93,
            "account_receivable_turnover_ratio": null,
            "reinvestment_rate": null,
            "research_to_sale_ratio": null,
            "price_fair": 81.9,
            "eps_avg_yearly": 2.34,
            "eps_latest_yearly": 2.12,
            "eps_growth_yearly": 360.84
        },
        "20054": {
            "year_quarter": 20054,
            "year": 2005,
            "quarter": 4,
            "eps": -0.96,
            "eps_growth_year": null,
            "eps_4q": -4.45,
            "eps_4q_growth_year": null,
            "roe": -9.39,
            "roe_4q": -38.09,
            "gross_profit": 82965,
            "gross_margin": 58.85,
            "gross_margin_4q_avg": 53.3,
            "net_income": -43472,
            "net_income_4q": null,
            "revenue": 140969,
            "revenue_4q": null,
            "common_shares": 481970,
            "book_valuer_per_share": 9.11,
            "book_valuer_per_share_4q_avg": 10.46,
            "equity": 440596,
            "current_ratio": 194.61,
            "debt_ratio": 36.09,
            "inventory_turnover_ratio": 5.08,
            "account_receivable_turnover_ratio": null,
            "reinvestment_rate": null,
            "research_to_sale_ratio": null,
            "price_fair": 81.9,
            "eps_avg_yearly": 2.34,
            "eps_latest_yearly": 2.12,
            "eps_growth_yearly": 360.84
        },
        "20061": {
            "year_quarter": 20061,
            "year": 2006,
            "quarter": 1,
            "eps": 0.28,
            "eps_growth_year": null,
            "eps_4q": -2.67,
            "eps_4q_growth_year": null,
            "roe": 2.86,
            "roe_4q": -23.980000000000004,
            "gross_profit": 74771,
            "gross_margin": 59.22,
            "gross_margin_4q_avg": 54,
            "net_income": 12749,
            "net_income_4q": null,
            "revenue": 126259,
            "revenue_4q": null,
            "common_shares": 481970,
            "book_valuer_per_share": 9.33,
            "book_valuer_per_share_4q_avg": 9.86,
            "equity": 449704,
            "current_ratio": 96.16,
            "debt_ratio": 32.92,
            "inventory_turnover_ratio": 4.45,
            "account_receivable_turnover_ratio": null,
            "reinvestment_rate": null,
            "research_to_sale_ratio": null,
            "price_fair": 81.9,
            "eps_avg_yearly": 2.34,
            "eps_latest_yearly": 2.12,
            "eps_growth_yearly": 360.84
        },
        "20062": {
            "year_quarter": 20062,
            "year": 2006,
            "quarter": 2,
            "eps": 0.25,
            "eps_growth_year": null,
            "eps_4q": -1.69,
            "eps_4q_growth_year": null,
            "roe": 2.45,
            "roe_4q": -15.13,
            "gross_profit": 73142,
            "gross_margin": 57.11,
            "gross_margin_4q_avg": 57.57,
            "net_income": 11163,
            "net_income_4q": null,
            "revenue": 128069,
            "revenue_4q": null,
            "common_shares": 481970,
            "book_valuer_per_share": 9.56,
            "book_valuer_per_share_4q_avg": 9.52,
            "equity": 460894,
            "current_ratio": 104.16,
            "debt_ratio": 32.38,
            "inventory_turnover_ratio": 4.88,
            "account_receivable_turnover_ratio": null,
            "reinvestment_rate": null,
            "research_to_sale_ratio": null,
            "price_fair": 75.2,
            "eps_avg_yearly": 2.15,
            "eps_latest_yearly": 1,
            "eps_growth_yearly": 303.17
        },
        "20063": {
            "year_quarter": 20063,
            "year": 2006,
            "quarter": 3,
            "eps": -0.12,
            "eps_growth_year": null,
            "eps_4q": -0.51,
            "eps_4q_growth_year": null,
            "roe": -1.13,
            "roe_4q": -5.210000000000001,
            "gross_profit": 44575,
            "gross_margin": 44.19,
            "gross_margin_4q_avg": 54.84,
            "net_income": -5217,
            "net_income_4q": null,
            "revenue": 100878,
            "revenue_4q": null,
            "common_shares": 481970,
            "book_valuer_per_share": 9.55,
            "book_valuer_per_share_4q_avg": 9.39,
            "equity": 460090,
            "current_ratio": 101.82,
            "debt_ratio": 31.67,
            "inventory_turnover_ratio": 4.91,
            "account_receivable_turnover_ratio": null,
            "reinvestment_rate": null,
            "research_to_sale_ratio": null,
            "price_fair": 75.2,
            "eps_avg_yearly": 2.15,
            "eps_latest_yearly": 1,
            "eps_growth_yearly": 303.17
        },
        "20064": {
            "year_quarter": 20064,
            "year": 2006,
            "quarter": 4,
            "eps": -0.28,
            "eps_growth_year": null,
            "eps_4q": 0.13,
            "eps_4q_growth_year": null,
            "roe": -2.84,
            "roe_4q": 1.3400000000000003,
            "gross_profit": 44309,
            "gross_margin": 47.31,
            "gross_margin_4q_avg": 51.96,
            "net_income": -12842,
            "net_income_4q": null,
            "revenue": 93647,
            "revenue_4q": null,
            "common_shares": 481970,
            "book_valuer_per_share": 9.22,
            "book_valuer_per_share_4q_avg": 9.42,
            "equity": 444506,
            "current_ratio": 294.62,
            "debt_ratio": 22.39,
            "inventory_turnover_ratio": 4.32,
            "account_receivable_turnover_ratio": null,
            "reinvestment_rate": null,
            "research_to_sale_ratio": null,
            "price_fair": 75.2,
            "eps_avg_yearly": 2.15,
            "eps_latest_yearly": 1,
            "eps_growth_yearly": 303.17
        },
        "20071": {
            "year_quarter": 20071,
            "year": 2007,
            "quarter": 1,
            "eps": -0.92,
            "eps_growth_year": -428.57,
            "eps_4q": -1.07,
            "eps_4q_growth_year": null,
            "roe": -9.79,
            "roe_4q": -11.309999999999999,
            "gross_profit": 8622,
            "gross_margin": 18.18,
            "gross_margin_4q_avg": 41.7,
            "net_income": -41631,
            "net_income_4q": null,
            "revenue": 47420,
            "revenue_4q": null,
            "common_shares": 481970,
            "book_valuer_per_share": 8.43,
            "book_valuer_per_share_4q_avg": 9.19,
            "equity": 406274,
            "current_ratio": 69.83,
            "debt_ratio": 33.84,
            "inventory_turnover_ratio": 3.39,
            "account_receivable_turnover_ratio": null,
            "reinvestment_rate": null,
            "research_to_sale_ratio": null,
            "price_fair": 75.2,
            "eps_avg_yearly": 2.15,
            "eps_latest_yearly": 1,
            "eps_growth_yearly": 303.17
        },
        "20072": {
            "year_quarter": 20072,
            "year": 2007,
            "quarter": 2,
            "eps": -0.15,
            "eps_growth_year": -160,
            "eps_4q": -1.38,
            "eps_4q_growth_year": null,
            "roe": -1.65,
            "roe_4q": -15.41,
            "gross_profit": 25109,
            "gross_margin": 35.91,
            "gross_margin_4q_avg": 36.4,
            "net_income": -6642,
            "net_income_4q": null,
            "revenue": 69926,
            "revenue_4q": null,
            "common_shares": 481970,
            "book_valuer_per_share": 8.27,
            "book_valuer_per_share_4q_avg": 8.87,
            "equity": 398754,
            "current_ratio": 69.65,
            "debt_ratio": 36.8,
            "inventory_turnover_ratio": 3.76,
            "account_receivable_turnover_ratio": null,
            "reinvestment_rate": null,
            "research_to_sale_ratio": null,
            "price_fair": 85.17,
            "eps_avg_yearly": 2.43,
            "eps_latest_yearly": 1,
            "eps_growth_yearly": 416.17
        },
        "20073": {
            "year_quarter": 20073,
            "year": 2007,
            "quarter": 3,
            "eps": -0.23,
            "eps_growth_year": null,
            "eps_4q": -1.16,
            "eps_4q_growth_year": null,
            "roe": -2.31,
            "roe_4q": -16.59,
            "gross_profit": 41884,
            "gross_margin": 42.24,
            "gross_margin_4q_avg": 35.91,
            "net_income": -11314,
            "net_income_4q": null,
            "revenue": 99155,
            "revenue_4q": null,
            "common_shares": 626970,
            "book_valuer_per_share": 9.27,
            "book_valuer_per_share_4q_avg": 8.8,
            "equity": 581317,
            "current_ratio": 127.72,
            "debt_ratio": 29.88,
            "inventory_turnover_ratio": 4.92,
            "account_receivable_turnover_ratio": null,
            "reinvestment_rate": null,
            "research_to_sale_ratio": null,
            "price_fair": 81.2,
            "eps_avg_yearly": 2.32,
            "eps_latest_yearly": 1,
            "eps_growth_yearly": 33.95
        },
        "20074": {
            "year_quarter": 20074,
            "year": 2007,
            "quarter": 4,
            "eps": -2.32,
            "eps_growth_year": null,
            "eps_4q": -3.48,
            "eps_4q_growth_year": -2776.92,
            "roe": -22.92,
            "roe_4q": -36.67,
            "gross_profit": 14530,
            "gross_margin": 19.31,
            "gross_margin_4q_avg": 28.91,
            "net_income": -119533,
            "net_income_4q": null,
            "revenue": 75257,
            "revenue_4q": null,
            "common_shares": 606510,
            "book_valuer_per_share": 7.61,
            "book_valuer_per_share_4q_avg": 8.4,
            "equity": 461606,
            "current_ratio": 345.78,
            "debt_ratio": 21.91,
            "inventory_turnover_ratio": 7.55,
            "account_receivable_turnover_ratio": null,
            "reinvestment_rate": null,
            "research_to_sale_ratio": null,
            "price_fair": 20.43,
            "eps_avg_yearly": 1.84,
            "eps_latest_yearly": 1,
            "eps_growth_yearly": 1.1
        },
        "20081": {
            "year_quarter": 20081,
            "year": 2008,
            "quarter": 1,
            "eps": 0.73,
            "eps_growth_year": null,
            "eps_4q": -1.55,
            "eps_4q_growth_year": null,
            "roe": 9.05,
            "roe_4q": -17.83,
            "gross_profit": 91614,
            "gross_margin": 49.66,
            "gross_margin_4q_avg": 36.78,
            "net_income": 44074,
            "net_income_4q": null,
            "revenue": 184496,
            "revenue_4q": null,
            "common_shares": 606510,
            "book_valuer_per_share": 8.13,
            "book_valuer_per_share_4q_avg": 8.32,
            "equity": 511982,
            "current_ratio": 317.12,
            "debt_ratio": 23.86,
            "inventory_turnover_ratio": 24.08,
            "account_receivable_turnover_ratio": null,
            "reinvestment_rate": null,
            "research_to_sale_ratio": null,
            "price_fair": 48.53,
            "eps_avg_yearly": 1.39,
            "eps_latest_yearly": 1,
            "eps_growth_yearly": 34.18
        },
        "20082": {
            "year_quarter": 20082,
            "year": 2008,
            "quarter": 2,
            "eps": 0.56,
            "eps_growth_year": null,
            "eps_4q": -0.89,
            "eps_4q_growth_year": null,
            "roe": 6.33,
            "roe_4q": -9.850000000000001,
            "gross_profit": 87039,
            "gross_margin": 56.8,
            "gross_margin_4q_avg": 42,
            "net_income": 33500,
            "net_income_4q": null,
            "revenue": 153238,
            "revenue_4q": null,
            "common_shares": 602860,
            "book_valuer_per_share": 8.75,
            "book_valuer_per_share_4q_avg": 8.44,
            "equity": 546121,
            "current_ratio": 375.78,
            "debt_ratio": 19.93,
            "inventory_turnover_ratio": 8.95,
            "account_receivable_turnover_ratio": null,
            "reinvestment_rate": null,
            "research_to_sale_ratio": null,
            "price_fair": 62.53,
            "eps_avg_yearly": 1.79,
            "eps_latest_yearly": 2.24,
            "eps_growth_yearly": 93.13
        },
        "20083": {
            "year_quarter": 20083,
            "year": 2008,
            "quarter": 3,
            "eps": -0.96,
            "eps_growth_year": null,
            "eps_4q": -1.65,
            "eps_4q_growth_year": null,
            "roe": -11.06,
            "roe_4q": -18.6,
            "gross_profit": 85924,
            "gross_margin": 58.8,
            "gross_margin_4q_avg": 46.14,
            "net_income": -57932,
            "net_income_4q": null,
            "revenue": 146127,
            "revenue_4q": null,
            "common_shares": 602860,
            "book_valuer_per_share": 8.02,
            "book_valuer_per_share_4q_avg": 8.13,
            "equity": 501563,
            "current_ratio": 214.74,
            "debt_ratio": 35.28,
            "inventory_turnover_ratio": 8.02,
            "account_receivable_turnover_ratio": null,
            "reinvestment_rate": null,
            "research_to_sale_ratio": null,
            "price_fair": 4.86,
            "eps_avg_yearly": 1.62,
            "eps_latest_yearly": 2.24,
            "eps_growth_yearly": -68
        },
        "20084": {
            "year_quarter": 20084,
            "year": 2008,
            "quarter": 4,
            "eps": -0.24,
            "eps_growth_year": null,
            "eps_4q": 0.1,
            "eps_4q_growth_year": null,
            "roe": -2.96,
            "roe_4q": 1.3600000000000012,
            "gross_profit": 40642,
            "gross_margin": 39.39,
            "gross_margin_4q_avg": 51.16,
            "net_income": -14753,
            "net_income_4q": null,
            "revenue": 103172,
            "revenue_4q": null,
            "common_shares": 602860,
            "book_valuer_per_share": 7.94,
            "book_valuer_per_share_4q_avg": 8.21,
            "equity": 496600,
            "current_ratio": 230.92,
            "debt_ratio": 32.88,
            "inventory_turnover_ratio": 16.67,
            "account_receivable_turnover_ratio": 2.44,
            "reinvestment_rate": null,
            "research_to_sale_ratio": null,
            "price_fair": 4.86,
            "eps_avg_yearly": 1.62,
            "eps_latest_yearly": 2.24,
            "eps_growth_yearly": -68
        },
        "20091": {
            "year_quarter": 20091,
            "year": 2009,
            "quarter": 1,
            "eps": 0.05,
            "eps_growth_year": -93.15,
            "eps_4q": -0.72,
            "eps_4q_growth_year": null,
            "roe": 0.44,
            "roe_4q": -7.25,
            "gross_profit": 102657,
            "gross_margin": 59.85,
            "gross_margin_4q_avg": 53.71,
            "net_income": 2445,
            "net_income_4q": null,
            "revenue": 171532,
            "revenue_4q": null,
            "common_shares": 702860,
            "book_valuer_per_share": 8.58,
            "book_valuer_per_share_4q_avg": 8.32,
            "equity": 620089,
            "current_ratio": 319.34,
            "debt_ratio": 24.25,
            "inventory_turnover_ratio": 14.46,
            "account_receivable_turnover_ratio": 2,
            "reinvestment_rate": null,
            "research_to_sale_ratio": null,
            "price_fair": 4.86,
            "eps_avg_yearly": 1.62,
            "eps_latest_yearly": 2.24,
            "eps_growth_yearly": -68
        },
        "20092": {
            "year_quarter": 20092,
            "year": 2009,
            "quarter": 2,
            "eps": -0.02,
            "eps_growth_year": -103.57,
            "eps_4q": -1.01,
            "eps_4q_growth_year": null,
            "roe": -0.37,
            "roe_4q": -13.950000000000001,
            "gross_profit": 88771,
            "gross_margin": 57.12,
            "gross_margin_4q_avg": 53.79,
            "net_income": -2242,
            "net_income_4q": null,
            "revenue": 155424,
            "revenue_4q": null,
            "common_shares": 702860,
            "book_valuer_per_share": 8.41,
            "book_valuer_per_share_4q_avg": 8.24,
            "equity": 594016,
            "current_ratio": 342.15,
            "debt_ratio": 23.03,
            "inventory_turnover_ratio": 12.91,
            "account_receivable_turnover_ratio": 1.65,
            "reinvestment_rate": null,
            "research_to_sale_ratio": null,
            "price_fair": 4.86,
            "eps_avg_yearly": 1.62,
            "eps_latest_yearly": 2.24,
            "eps_growth_yearly": -68
        },
        "20093": {
            "year_quarter": 20093,
            "year": 2009,
            "quarter": 3,
            "eps": 0.1,
            "eps_growth_year": null,
            "eps_4q": -0.1,
            "eps_4q_growth_year": null,
            "roe": 1.08,
            "roe_4q": -1.8099999999999998,
            "gross_profit": 81426,
            "gross_margin": 53.95,
            "gross_margin_4q_avg": 52.58,
            "net_income": 6446,
            "net_income_4q": null,
            "revenue": 150920,
            "revenue_4q": null,
            "common_shares": 702860,
            "book_valuer_per_share": 8.43,
            "book_valuer_per_share_4q_avg": 8.34,
            "equity": 594878,
            "current_ratio": 456.87,
            "debt_ratio": 17.18,
            "inventory_turnover_ratio": 17.56,
            "account_receivable_turnover_ratio": 1.64,
            "reinvestment_rate": null,
            "research_to_sale_ratio": null,
            "price_fair": 4.86,
            "eps_avg_yearly": 1.62,
            "eps_latest_yearly": 2.24,
            "eps_growth_yearly": -68
        },
        "20094": {
            "year_quarter": 20094,
            "year": 2009,
            "quarter": 4,
            "eps": 0.03,
            "eps_growth_year": null,
            "eps_4q": 0.14,
            "eps_4q_growth_year": 38.59,
            "roe": 0.04,
            "roe_4q": 1.1900000000000002,
            "gross_profit": 75144,
            "gross_margin": 61.58,
            "gross_margin_4q_avg": 58.13,
            "net_income": 260,
            "net_income_4q": null,
            "revenue": 122017,
            "revenue_4q": null,
            "common_shares": 702860,
            "book_valuer_per_share": 8.47,
            "book_valuer_per_share_4q_avg": 8.47,
            "equity": 595881,
            "current_ratio": 524.21,
            "debt_ratio": 15.18,
            "inventory_turnover_ratio": 18.4,
            "account_receivable_turnover_ratio": 2.73,
            "reinvestment_rate": null,
            "research_to_sale_ratio": null,
            "price_fair": 3.36,
            "eps_avg_yearly": 1.12,
            "eps_latest_yearly": 0.12,
            "eps_growth_yearly": -138.67
        },
        "20101": {
            "year_quarter": 20101,
            "year": 2010,
            "quarter": 1,
            "eps": 0.34,
            "eps_growth_year": 580,
            "eps_4q": 0.44,
            "eps_4q_growth_year": null,
            "roe": 3.85,
            "roe_4q": 4.6000000000000005,
            "gross_profit": 90878,
            "gross_margin": 63.4,
            "gross_margin_4q_avg": 59.01,
            "net_income": 23432,
            "net_income_4q": null,
            "revenue": 143331,
            "revenue_4q": null,
            "common_shares": 702860,
            "book_valuer_per_share": 8.79,
            "book_valuer_per_share_4q_avg": 8.53,
            "equity": 620462,
            "current_ratio": 450.53,
            "debt_ratio": 17.58,
            "inventory_turnover_ratio": 29.4,
            "account_receivable_turnover_ratio": 1.33,
            "reinvestment_rate": null,
            "research_to_sale_ratio": 1.66,
            "price_fair": 41.3,
            "eps_avg_yearly": 1.18,
            "eps_latest_yearly": 1.36,
            "eps_growth_yearly": 929.33
        },
        "20102": {
            "year_quarter": 20102,
            "year": 2010,
            "quarter": 2,
            "eps": 0.51,
            "eps_growth_year": null,
            "eps_4q": 0.97,
            "eps_4q_growth_year": null,
            "roe": 5.57,
            "roe_4q": 10.54,
            "gross_profit": 130320,
            "gross_margin": 68.59,
            "gross_margin_4q_avg": 61.88,
            "net_income": 35825,
            "net_income_4q": null,
            "revenue": 189989,
            "revenue_4q": null,
            "common_shares": 702860,
            "book_valuer_per_share": 9.34,
            "book_valuer_per_share_4q_avg": 8.76,
            "equity": 666647,
            "current_ratio": 425.08,
            "debt_ratio": 18.74,
            "inventory_turnover_ratio": 49.62,
            "account_receivable_turnover_ratio": 1.58,
            "reinvestment_rate": null,
            "research_to_sale_ratio": 11.07,
            "price_fair": 50.4,
            "eps_avg_yearly": 1.44,
            "eps_latest_yearly": 2.04,
            "eps_growth_yearly": 990.05
        },
        "20103": {
            "year_quarter": 20103,
            "year": 2010,
            "quarter": 3,
            "eps": 0.69,
            "eps_growth_year": 590.61,
            "eps_4q": 1.57,
            "eps_4q_growth_year": null,
            "roe": 7.06,
            "roe_4q": 16.52,
            "gross_profit": 140200,
            "gross_margin": 63.33,
            "gross_margin_4q_avg": 64.23,
            "net_income": 48334,
            "net_income_4q": null,
            "revenue": 221366,
            "revenue_4q": null,
            "common_shares": 702860,
            "book_valuer_per_share": 9.86,
            "book_valuer_per_share_4q_avg": 9.12,
            "equity": 703277,
            "current_ratio": 380.3,
            "debt_ratio": 20.79,
            "inventory_turnover_ratio": 113.36,
            "account_receivable_turnover_ratio": 1.65,
            "reinvestment_rate": null,
            "research_to_sale_ratio": 5.06,
            "price_fair": 59.64,
            "eps_avg_yearly": 1.7,
            "eps_latest_yearly": 2.76,
            "eps_growth_yearly": 820.27
        },
        "20104": {
            "year_quarter": 20104,
            "year": 2010,
            "quarter": 4,
            "eps": 0.23,
            "eps_growth_year": 676.83,
            "eps_4q": 1.77,
            "eps_4q_growth_year": 1129.14,
            "roe": 2.24,
            "roe_4q": 18.720000000000002,
            "gross_profit": 115202,
            "gross_margin": 60.77,
            "gross_margin_4q_avg": 64.02,
            "net_income": 15691,
            "net_income_4q": null,
            "revenue": 189572,
            "revenue_4q": null,
            "common_shares": 702860,
            "book_valuer_per_share": 9.84,
            "book_valuer_per_share_4q_avg": 9.46,
            "equity": 700370,
            "current_ratio": 355.61,
            "debt_ratio": 21.4,
            "inventory_turnover_ratio": 127.35,
            "account_receivable_turnover_ratio": 1.37,
            "reinvestment_rate": null,
            "research_to_sale_ratio": 5.75,
            "price_fair": 55.07,
            "eps_avg_yearly": 1.57,
            "eps_latest_yearly": 0.92,
            "eps_growth_yearly": 639.12
        },
        "20111": {
            "year_quarter": 20111,
            "year": 2011,
            "quarter": 1,
            "eps": 0.57,
            "eps_growth_year": 67.65,
            "eps_4q": 2,
            "eps_4q_growth_year": 354.85,
            "roe": 5.39,
            "roe_4q": 20.259999999999998,
            "gross_profit": 136207,
            "gross_margin": 58.1,
            "gross_margin_4q_avg": 62.7,
            "net_income": 39014,
            "net_income_4q": null,
            "revenue": 234447,
            "revenue_4q": null,
            "common_shares": 702860,
            "book_valuer_per_share": 10.44,
            "book_valuer_per_share_4q_avg": 9.87,
            "equity": 746790,
            "current_ratio": 330.92,
            "debt_ratio": 20.71,
            "inventory_turnover_ratio": 206.6,
            "account_receivable_turnover_ratio": 1.77,
            "reinvestment_rate": 314.06,
            "research_to_sale_ratio": 4.81,
            "price_fair": 58.6,
            "eps_avg_yearly": 1.67,
            "eps_latest_yearly": 2.28,
            "eps_growth_yearly": 632.29
        },
        "20112": {
            "year_quarter": 20112,
            "year": 2011,
            "quarter": 2,
            "eps": 0.66,
            "eps_growth_year": 29.59,
            "eps_4q": 2.15,
            "eps_4q_growth_year": 121.32,
            "roe": 6.1,
            "roe_4q": 20.79,
            "gross_profit": 149165,
            "gross_margin": 62.87,
            "gross_margin_4q_avg": 61.27,
            "net_income": 46839,
            "net_income_4q": null,
            "revenue": 237272,
            "revenue_4q": null,
            "common_shares": 702860,
            "book_valuer_per_share": 11.05,
            "book_valuer_per_share_4q_avg": 10.3,
            "equity": 790129,
            "current_ratio": 339.08,
            "debt_ratio": 20.25,
            "inventory_turnover_ratio": 227.37,
            "account_receivable_turnover_ratio": 1.79,
            "reinvestment_rate": 150.99,
            "research_to_sale_ratio": 4.9,
            "price_fair": 62.83,
            "eps_avg_yearly": 1.8,
            "eps_latest_yearly": 2.64,
            "eps_growth_yearly": 561.14
        },
        "20113": {
            "year_quarter": 20113,
            "year": 2011,
            "quarter": 3,
            "eps": 0.32,
            "eps_growth_year": -53.59,
            "eps_4q": 1.78,
            "eps_4q_growth_year": 13.44,
            "roe": 2.56,
            "roe_4q": 16.29,
            "gross_profit": 126094,
            "gross_margin": 60,
            "gross_margin_4q_avg": 60.44,
            "net_income": 20683,
            "net_income_4q": null,
            "revenue": 210143,
            "revenue_4q": null,
            "common_shares": 702860,
            "book_valuer_per_share": 11.53,
            "book_valuer_per_share_4q_avg": 10.72,
            "equity": 825741,
            "current_ratio": 342.38,
            "debt_ratio": 22.6,
            "inventory_turnover_ratio": 25.14,
            "account_receivable_turnover_ratio": 1.71,
            "reinvestment_rate": 71.75,
            "research_to_sale_ratio": 8.07,
            "price_fair": 60.82,
            "eps_avg_yearly": 1.74,
            "eps_latest_yearly": 1.28,
            "eps_growth_yearly": 475.9
        },
        "20114": {
            "year_quarter": 20114,
            "year": 2011,
            "quarter": 4,
            "eps": -0.23,
            "eps_growth_year": -199.06,
            "eps_4q": 1.31,
            "eps_4q_growth_year": -25.82,
            "roe": -2.27,
            "roe_4q": 11.78,
            "gross_profit": 142465,
            "gross_margin": 59.46,
            "gross_margin_4q_avg": 60.11,
            "net_income": -18572,
            "net_income_4q": null,
            "revenue": 239607,
            "revenue_4q": null,
            "common_shares": 702860,
            "book_valuer_per_share": 11.35,
            "book_valuer_per_share_4q_avg": 11.09,
            "equity": 811079,
            "current_ratio": 385.68,
            "debt_ratio": 19.07,
            "inventory_turnover_ratio": 14.07,
            "account_receivable_turnover_ratio": 1.67,
            "reinvestment_rate": 46.56,
            "research_to_sale_ratio": 10.13,
            "price_fair": 60.82,
            "eps_avg_yearly": 1.74,
            "eps_latest_yearly": 1.28,
            "eps_growth_yearly": 475.9
        },
        "20121": {
            "year_quarter": 20121,
            "year": 2012,
            "quarter": 1,
            "eps": 0.5,
            "eps_growth_year": -12.28,
            "eps_4q": 1.25,
            "eps_4q_growth_year": -37.49,
            "roe": 3.98,
            "roe_4q": 10.37,
            "gross_profit": 154470,
            "gross_margin": 61.65,
            "gross_margin_4q_avg": 61,
            "net_income": 32826,
            "net_income_4q": null,
            "revenue": 250542,
            "revenue_4q": null,
            "common_shares": 702860,
            "book_valuer_per_share": 11.77,
            "book_valuer_per_share_4q_avg": 11.43,
            "equity": 838224,
            "current_ratio": 390.89,
            "debt_ratio": 18.92,
            "inventory_turnover_ratio": 15.01,
            "account_receivable_turnover_ratio": 1.46,
            "reinvestment_rate": 48.3,
            "research_to_sale_ratio": 8.17,
            "price_fair": 60.82,
            "eps_avg_yearly": 1.74,
            "eps_latest_yearly": 1.28,
            "eps_growth_yearly": 475.9
        },
        "20122": {
            "year_quarter": 20122,
            "year": 2012,
            "quarter": 2,
            "eps": -0.17,
            "eps_growth_year": -126.39,
            "eps_4q": 0.39,
            "eps_4q_growth_year": -82,
            "roe": -2.03,
            "roe_4q": 2.24,
            "gross_profit": 98317,
            "gross_margin": 53.43,
            "gross_margin_4q_avg": 58.64,
            "net_income": -16392,
            "net_income_4q": null,
            "revenue": 184008,
            "revenue_4q": null,
            "common_shares": 702860,
            "book_valuer_per_share": 10.92,
            "book_valuer_per_share_4q_avg": 11.39,
            "equity": 775182,
            "current_ratio": 326.88,
            "debt_ratio": 21.38,
            "inventory_turnover_ratio": 24.56,
            "account_receivable_turnover_ratio": 1.18,
            "reinvestment_rate": 64.99,
            "research_to_sale_ratio": 11.08,
            "price_fair": 58.63,
            "eps_avg_yearly": 1.68,
            "eps_latest_yearly": 1.28,
            "eps_growth_yearly": 547.03
        },
        "20123": {
            "year_quarter": 20123,
            "year": 2012,
            "quarter": 3,
            "eps": -0.21,
            "eps_growth_year": -166.39,
            "eps_4q": -0.13,
            "eps_4q_growth_year": -107.38,
            "roe": -2.48,
            "roe_4q": -2.8,
            "gross_profit": 85204,
            "gross_margin": 53.86,
            "gross_margin_4q_avg": 57.1,
            "net_income": -19012,
            "net_income_4q": null,
            "revenue": 158197,
            "revenue_4q": null,
            "common_shares": 738003,
            "book_valuer_per_share": 10.19,
            "book_valuer_per_share_4q_avg": 11.06,
            "equity": 755821,
            "current_ratio": 414.06,
            "debt_ratio": 15.87,
            "inventory_turnover_ratio": 49.89,
            "account_receivable_turnover_ratio": 1.31,
            "reinvestment_rate": 42.93,
            "research_to_sale_ratio": 10.65,
            "price_fair": 58.63,
            "eps_avg_yearly": 1.68,
            "eps_latest_yearly": 1.28,
            "eps_growth_yearly": 547.03
        },
        "20124": {
            "year_quarter": 20124,
            "year": 2012,
            "quarter": 4,
            "eps": 0.06,
            "eps_growth_year": null,
            "eps_4q": 0.15,
            "eps_4q_growth_year": -88.74,
            "roe": 0.08,
            "roe_4q": -0.44999999999999973,
            "gross_profit": 81961,
            "gross_margin": 52.97,
            "gross_margin_4q_avg": 55.48,
            "net_income": 633,
            "net_income_4q": null,
            "revenue": 154722,
            "revenue_4q": null,
            "common_shares": 738003,
            "book_valuer_per_share": 10.13,
            "book_valuer_per_share_4q_avg": 10.75,
            "equity": 750710,
            "current_ratio": 442.99,
            "debt_ratio": 15.45,
            "inventory_turnover_ratio": 38.09,
            "account_receivable_turnover_ratio": 1.42,
            "reinvestment_rate": 36.77,
            "research_to_sale_ratio": 9.71,
            "price_fair": 58.63,
            "eps_avg_yearly": 1.68,
            "eps_latest_yearly": 1.28,
            "eps_growth_yearly": 547.03
        },
        "20131": {
            "year_quarter": 20131,
            "year": 2013,
            "quarter": 1,
            "eps": -0.07,
            "eps_growth_year": -114,
            "eps_4q": -0.4,
            "eps_4q_growth_year": -132.11,
            "roe": -1.27,
            "roe_4q": -5.699999999999999,
            "gross_profit": 76415,
            "gross_margin": 40.66,
            "gross_margin_4q_avg": 50.23,
            "net_income": -9337,
            "net_income_4q": null,
            "revenue": 187934,
            "revenue_4q": null,
            "common_shares": 738003,
            "book_valuer_per_share": 9.69,
            "book_valuer_per_share_4q_avg": 10.23,
            "equity": 723904,
            "current_ratio": 246.17,
            "debt_ratio": 28.31,
            "inventory_turnover_ratio": 49.36,
            "account_receivable_turnover_ratio": 1.41,
            "reinvestment_rate": 50.66,
            "research_to_sale_ratio": 5.13,
            "price_fair": 58.63,
            "eps_avg_yearly": 1.68,
            "eps_latest_yearly": 1.28,
            "eps_growth_yearly": 547.03
        },
        "20132": {
            "year_quarter": 20132,
            "year": 2013,
            "quarter": 2,
            "eps": -0.37,
            "eps_growth_year": null,
            "eps_4q": -0.6,
            "eps_4q_growth_year": -254.74,
            "roe": -4.33,
            "roe_4q": -8,
            "gross_profit": 66224,
            "gross_margin": 40.99,
            "gross_margin_4q_avg": 47.12,
            "net_income": -30718,
            "net_income_4q": null,
            "revenue": 161542,
            "revenue_4q": null,
            "common_shares": 738003,
            "book_valuer_per_share": 9.34,
            "book_valuer_per_share_4q_avg": 9.84,
            "equity": 694375,
            "current_ratio": 305.17,
            "debt_ratio": 22.01,
            "inventory_turnover_ratio": 71.08,
            "account_receivable_turnover_ratio": 1.2,
            "reinvestment_rate": 64.27,
            "research_to_sale_ratio": 5.54,
            "price_fair": 58.63,
            "eps_avg_yearly": 1.68,
            "eps_latest_yearly": 1.28,
            "eps_growth_yearly": 547.03
        },
        "20133": {
            "year_quarter": 20133,
            "year": 2013,
            "quarter": 3,
            "eps": -0.47,
            "eps_growth_year": null,
            "eps_4q": -0.86,
            "eps_4q_growth_year": null,
            "roe": -5.64,
            "roe_4q": -11.159999999999998,
            "gross_profit": 66198,
            "gross_margin": 42.07,
            "gross_margin_4q_avg": 44.17,
            "net_income": -38181,
            "net_income_4q": null,
            "revenue": 157362,
            "revenue_4q": null,
            "common_shares": 738003,
            "book_valuer_per_share": 8.92,
            "book_valuer_per_share_4q_avg": 9.52,
            "equity": 660186,
            "current_ratio": 302.52,
            "debt_ratio": 22.61,
            "inventory_turnover_ratio": 120.35,
            "account_receivable_turnover_ratio": 1.49,
            "reinvestment_rate": 76.74,
            "research_to_sale_ratio": 5.07,
            "price_fair": 58.63,
            "eps_avg_yearly": 1.68,
            "eps_latest_yearly": 1.28,
            "eps_growth_yearly": 547.03
        },
        "20134": {
            "year_quarter": 20134,
            "year": 2013,
            "quarter": 4,
            "eps": -0.41,
            "eps_growth_year": -782.44,
            "eps_4q": -1.33,
            "eps_4q_growth_year": -995.03,
            "roe": -5.16,
            "roe_4q": -16.400000000000002,
            "gross_profit": 26390,
            "gross_margin": 21.66,
            "gross_margin_4q_avg": 36.35,
            "net_income": -33577,
            "net_income_4q": null,
            "revenue": 121812,
            "revenue_4q": null,
            "common_shares": 738003,
            "book_valuer_per_share": 8.7,
            "book_valuer_per_share_4q_avg": 9.16,
            "equity": 640682,
            "current_ratio": 319.86,
            "debt_ratio": 20.4,
            "inventory_turnover_ratio": 201.52,
            "account_receivable_turnover_ratio": 1.41,
            "reinvestment_rate": 111.31,
            "research_to_sale_ratio": 7.45,
            "price_fair": 66.4,
            "eps_avg_yearly": 1.9,
            "eps_latest_yearly": 1.28,
            "eps_growth_yearly": 665.18
        },
        "20141": {
            "year_quarter": 20141,
            "year": 2014,
            "quarter": 1,
            "eps": -0.38,
            "eps_growth_year": null,
            "eps_4q": -1.63,
            "eps_4q_growth_year": null,
            "roe": -5.43,
            "roe_4q": -20.560000000000002,
            "gross_profit": 29588,
            "gross_margin": 27.96,
            "gross_margin_4q_avg": 33.17,
            "net_income": -33282,
            "net_income_4q": null,
            "revenue": 105813,
            "revenue_4q": null,
            "common_shares": 738003,
            "book_valuer_per_share": 8.03,
            "book_valuer_per_share_4q_avg": 8.75,
            "equity": 586060,
            "current_ratio": 251.95,
            "debt_ratio": 24.08,
            "inventory_turnover_ratio": 330.69,
            "account_receivable_turnover_ratio": 1.95,
            "reinvestment_rate": 194.04,
            "research_to_sale_ratio": 12.76,
            "price_fair": 69.53,
            "eps_avg_yearly": 1.99,
            "eps_latest_yearly": 1.28,
            "eps_growth_yearly": 87.15
        },
        "20142": {
            "year_quarter": 20142,
            "year": 2014,
            "quarter": 2,
            "eps": -0.76,
            "eps_growth_year": null,
            "eps_4q": -2.03,
            "eps_4q_growth_year": null,
            "roe": -10.68,
            "roe_4q": -26.91,
            "gross_profit": 58192,
            "gross_margin": 34.23,
            "gross_margin_4q_avg": 31.48,
            "net_income": -59326,
            "net_income_4q": null,
            "revenue": 169981,
            "revenue_4q": null,
            "common_shares": 738003,
            "book_valuer_per_share": 7.25,
            "book_valuer_per_share_4q_avg": 8.23,
            "equity": 525101,
            "current_ratio": 171.12,
            "debt_ratio": 33.77,
            "inventory_turnover_ratio": 282.3,
            "account_receivable_turnover_ratio": 2.56,
            "reinvestment_rate": null,
            "research_to_sale_ratio": 4.94,
            "price_fair": 69.16,
            "eps_avg_yearly": 1.98,
            "eps_latest_yearly": 1.28,
            "eps_growth_yearly": 64.58
        },
        "20143": {
            "year_quarter": 20143,
            "year": 2014,
            "quarter": 3,
            "eps": -0.88,
            "eps_growth_year": null,
            "eps_4q": -2.43,
            "eps_4q_growth_year": null,
            "roe": -11.02,
            "roe_4q": -32.29,
            "gross_profit": 22174,
            "gross_margin": 20.69,
            "gross_margin_4q_avg": 26.14,
            "net_income": -54938,
            "net_income_4q": null,
            "revenue": 107159,
            "revenue_4q": null,
            "common_shares": 738003,
            "book_valuer_per_share": 6.39,
            "book_valuer_per_share_4q_avg": 7.59,
            "equity": 472284,
            "current_ratio": 172.35,
            "debt_ratio": 31.44,
            "inventory_turnover_ratio": 209.07,
            "account_receivable_turnover_ratio": 1.33,
            "reinvestment_rate": null,
            "research_to_sale_ratio": 7.02,
            "price_fair": 62.3,
            "eps_avg_yearly": 1.78,
            "eps_latest_yearly": 1.28,
            "eps_growth_yearly": 45.43
        },
        "20144": {
            "year_quarter": 20144,
            "year": 2014,
            "quarter": 4,
            "eps": -0.57,
            "eps_growth_year": null,
            "eps_4q": -3.09,
            "eps_4q_growth_year": null,
            "roe": -7.28,
            "roe_4q": -34.41,
            "gross_profit": 6991,
            "gross_margin": 8.99,
            "gross_margin_4q_avg": 22.97,
            "net_income": -33681,
            "net_income_4q": null,
            "revenue": 77803,
            "revenue_4q": null,
            "common_shares": 592510,
            "book_valuer_per_share": 7.64,
            "book_valuer_per_share_4q_avg": 7.33,
            "equity": 453518,
            "current_ratio": 253.69,
            "debt_ratio": 48.21,
            "inventory_turnover_ratio": 231.79,
            "account_receivable_turnover_ratio": 1.45,
            "reinvestment_rate": null,
            "research_to_sale_ratio": 6.16,
            "price_fair": 72.33,
            "eps_avg_yearly": 2.07,
            "eps_latest_yearly": 1.28,
            "eps_growth_yearly": 149.47
        },
        "20151": {
            "year_quarter": 20151,
            "year": 2015,
            "quarter": 1,
            "eps": -0.54,
            "eps_growth_year": null,
            "eps_4q": -3.15,
            "eps_4q_growth_year": null,
            "roe": -7.32,
            "roe_4q": -36.3,
            "gross_profit": 42031,
            "gross_margin": 37.77,
            "gross_margin_4q_avg": 25.42,
            "net_income": -31973,
            "net_income_4q": null,
            "revenue": 111279,
            "revenue_4q": null,
            "common_shares": 592510,
            "book_valuer_per_share": 7.08,
            "book_valuer_per_share_4q_avg": 7.09,
            "equity": 420284,
            "current_ratio": 210.35,
            "debt_ratio": 52.05,
            "inventory_turnover_ratio": 352.41,
            "account_receivable_turnover_ratio": 1.84,
            "reinvestment_rate": null,
            "research_to_sale_ratio": 4.74,
            "price_fair": 5.88,
            "eps_avg_yearly": 1.96,
            "eps_latest_yearly": 1.28,
            "eps_growth_yearly": -71.45
        },
        "20152": {
            "year_quarter": 20152,
            "year": 2015,
            "quarter": 2,
            "eps": -0.52,
            "eps_growth_year": null,
            "eps_4q": -2.71,
            "eps_4q_growth_year": null,
            "roe": -7.69,
            "roe_4q": -33.31,
            "gross_profit": 45870,
            "gross_margin": 37.46,
            "gross_margin_4q_avg": 26.23,
            "net_income": -31289,
            "net_income_4q": null,
            "revenue": 122449,
            "revenue_4q": null,
            "common_shares": 597863,
            "book_valuer_per_share": 6.57,
            "book_valuer_per_share_4q_avg": 6.92,
            "equity": 393076,
            "current_ratio": 193.26,
            "debt_ratio": 54.51,
            "inventory_turnover_ratio": 374.47,
            "account_receivable_turnover_ratio": 1.83,
            "reinvestment_rate": null,
            "research_to_sale_ratio": 4.31,
            "price_fair": 3.84,
            "eps_avg_yearly": 1.28,
            "eps_latest_yearly": 1.28,
            "eps_growth_yearly": -206.06
        },
        "20153": {
            "year_quarter": 20153,
            "year": 2015,
            "quarter": 3,
            "eps": -0.51,
            "eps_growth_year": null,
            "eps_4q": -2.13,
            "eps_4q_growth_year": null,
            "roe": -8,
            "roe_4q": -30.290000000000003,
            "gross_profit": 29942,
            "gross_margin": 31.77,
            "gross_margin_4q_avg": 29,
            "net_income": -30423,
            "net_income_4q": null,
            "revenue": 94254,
            "revenue_4q": null,
            "common_shares": 597863,
            "book_valuer_per_share": 6.08,
            "book_valuer_per_share_4q_avg": 6.84,
            "equity": 367166,
            "current_ratio": 161.59,
            "debt_ratio": 59.16,
            "inventory_turnover_ratio": 316.81,
            "account_receivable_turnover_ratio": 1.77,
            "reinvestment_rate": null,
            "research_to_sale_ratio": 4.28,
            "price_fair": 0,
            "eps_avg_yearly": 0,
            "eps_latest_yearly": 0,
            "eps_growth_yearly": 0
        },
        "20154": {
            "year_quarter": 20154,
            "year": 2015,
            "quarter": 4,
            "eps": -0.64,
            "eps_growth_year": null,
            "eps_4q": -2.2,
            "eps_4q_growth_year": null,
            "roe": -11.1,
            "roe_4q": -34.11,
            "gross_profit": 28764,
            "gross_margin": 29.71,
            "gross_margin_4q_avg": 34.18,
            "net_income": -38324,
            "net_income_4q": null,
            "revenue": 96803,
            "revenue_4q": null,
            "common_shares": 598117,
            "book_valuer_per_share": 5.4,
            "book_valuer_per_share_4q_avg": 6.28,
            "equity": 323199,
            "current_ratio": 159.59,
            "debt_ratio": 60.04,
            "inventory_turnover_ratio": 413.61,
            "account_receivable_turnover_ratio": 1.94,
            "reinvestment_rate": null,
            "research_to_sale_ratio": 2.63,
            "price_fair": 0,
            "eps_avg_yearly": 0,
            "eps_latest_yearly": 0,
            "eps_growth_yearly": 0
        },
        "20161": {
            "year_quarter": 20161,
            "year": 2016,
            "quarter": 1,
            "eps": -0.08,
            "eps_growth_year": null,
            "eps_4q": -1.71,
            "eps_4q_growth_year": null,
            "roe": -1.42,
            "roe_4q": -28.21,
            "gross_profit": 44989,
            "gross_margin": 47.04,
            "gross_margin_4q_avg": 36.5,
            "net_income": -4634,
            "net_income_4q": null,
            "revenue": 95650,
            "revenue_4q": null,
            "common_shares": 598117,
            "book_valuer_per_share": 5.43,
            "book_valuer_per_share_4q_avg": 5.87,
            "equity": 331287,
            "current_ratio": 149.45,
            "debt_ratio": 62.99,
            "inventory_turnover_ratio": 369.79,
            "account_receivable_turnover_ratio": 1.86,
            "reinvestment_rate": null,
            "research_to_sale_ratio": 5.44,
            "price_fair": 0,
            "eps_avg_yearly": 0,
            "eps_latest_yearly": 0,
            "eps_growth_yearly": 0
        },
        "20162": {
            "year_quarter": 20162,
            "year": 2016,
            "quarter": 2,
            "eps": -1.51,
            "eps_growth_year": null,
            "eps_4q": -2.67,
            "eps_4q_growth_year": null,
            "roe": -32.2,
            "roe_4q": -52.720000000000006,
            "gross_profit": -22212,
            "gross_margin": -59.48,
            "gross_margin_4q_avg": 12.26,
            "net_income": -94652,
            "net_income_4q": null,
            "revenue": 37344,
            "revenue_4q": null,
            "common_shares": 609757,
            "book_valuer_per_share": 4.07,
            "book_valuer_per_share_4q_avg": 5.25,
            "equity": 256593,
            "current_ratio": 142.74,
            "debt_ratio": 66.81,
            "inventory_turnover_ratio": 434.72,
            "account_receivable_turnover_ratio": 1.09,
            "reinvestment_rate": null,
            "research_to_sale_ratio": 10.96,
            "price_fair": 0,
            "eps_avg_yearly": 0,
            "eps_latest_yearly": 0,
            "eps_growth_yearly": 0
        },
        "20163": {
            "year_quarter": 20163,
            "year": 2016,
            "quarter": 3,
            "eps": -0.83,
            "eps_growth_year": null,
            "eps_4q": -3.02,
            "eps_4q_growth_year": null,
            "roe": -23.12,
            "roe_4q": -67.84,
            "gross_profit": 7668,
            "gross_margin": 20.78,
            "gross_margin_4q_avg": 9.51,
            "net_income": -52332,
            "net_income_4q": null,
            "revenue": 36902,
            "revenue_4q": null,
            "common_shares": 628703,
            "book_valuer_per_share": 3.11,
            "book_valuer_per_share_4q_avg": 4.5,
            "equity": 196028,
            "current_ratio": 96.65,
            "debt_ratio": 71.45,
            "inventory_turnover_ratio": 213.39,
            "account_receivable_turnover_ratio": 2.14,
            "reinvestment_rate": null,
            "research_to_sale_ratio": 9.2,
            "price_fair": 0,
            "eps_avg_yearly": 0,
            "eps_latest_yearly": 0,
            "eps_growth_yearly": 0
        },
        "20164": {
            "year_quarter": 20164,
            "year": 2016,
            "quarter": 4,
            "eps": -1.21,
            "eps_growth_year": null,
            "eps_4q": -3.62,
            "eps_4q_growth_year": null,
            "roe": -46.78,
            "roe_4q": -103.52000000000001,
            "gross_profit": -26224,
            "gross_margin": -88.9,
            "gross_margin_4q_avg": -20.14,
            "net_income": -76174,
            "net_income_4q": null,
            "revenue": 29497,
            "revenue_4q": null,
            "common_shares": 629213,
            "book_valuer_per_share": 2.05,
            "book_valuer_per_share_4q_avg": 3.67,
            "equity": 129647,
            "current_ratio": 85.77,
            "debt_ratio": 72.03,
            "inventory_turnover_ratio": 406.72,
            "account_receivable_turnover_ratio": 1.62,
            "reinvestment_rate": null,
            "research_to_sale_ratio": 6.87,
            "price_fair": 0,
            "eps_avg_yearly": 0,
            "eps_latest_yearly": 0,
            "eps_growth_yearly": 0
        },
        "20171": {
            "year_quarter": 20171,
            "year": 2017,
            "quarter": 1,
            "eps": -1,
            "eps_growth_year": null,
            "eps_4q": -8.15,
            "eps_4q_growth_year": null,
            "roe": -27.64,
            "roe_4q": -129.74,
            "gross_profit": 5384,
            "gross_margin": 16.7,
            "gross_margin_4q_avg": -27.73,
            "net_income": -31104,
            "net_income_4q": null,
            "revenue": 32245,
            "revenue_4q": null,
            "common_shares": 311661,
            "book_valuer_per_share": 3.05,
            "book_valuer_per_share_4q_avg": 3.07,
            "equity": 95386,
            "current_ratio": 78.34,
            "debt_ratio": 79.42,
            "inventory_turnover_ratio": 196.07,
            "account_receivable_turnover_ratio": 1.93,
            "reinvestment_rate": null,
            "research_to_sale_ratio": 7.01,
            "price_fair": 0,
            "eps_avg_yearly": 0,
            "eps_latest_yearly": 0,
            "eps_growth_yearly": 0
        },
        "20172": {
            "year_quarter": 20172,
            "year": 2017,
            "quarter": 2,
            "eps": -1.21,
            "eps_growth_year": null,
            "eps_4q": -5.22,
            "eps_4q_growth_year": null,
            "roe": -34.43,
            "roe_4q": -131.97,
            "gross_profit": 7629,
            "gross_margin": 30.98,
            "gross_margin_4q_avg": -5.11,
            "net_income": -37749,
            "net_income_4q": null,
            "revenue": 24625,
            "revenue_4q": null,
            "common_shares": 311661,
            "book_valuer_per_share": 3.27,
            "book_valuer_per_share_4q_avg": 2.87,
            "equity": 123907,
            "current_ratio": 92.05,
            "debt_ratio": 73.44,
            "inventory_turnover_ratio": 124.06,
            "account_receivable_turnover_ratio": 1.92,
            "reinvestment_rate": null,
            "research_to_sale_ratio": 15.14,
            "price_fair": 0,
            "eps_avg_yearly": 0,
            "eps_latest_yearly": 0,
            "eps_growth_yearly": 0
        },
        "20173": {
            "year_quarter": 20173,
            "year": 2017,
            "quarter": 3,
            "eps": -0.68,
            "eps_growth_year": null,
            "eps_4q": -4.4,
            "eps_4q_growth_year": null,
            "roe": -18.66,
            "roe_4q": -127.51,
            "gross_profit": 6439,
            "gross_margin": 29.05,
            "gross_margin_4q_avg": -3.04,
            "net_income": -21284,
            "net_income_4q": null,
            "revenue": 22169,
            "revenue_4q": null,
            "common_shares": 311661,
            "book_valuer_per_share": 2.41,
            "book_valuer_per_share_4q_avg": 2.7,
            "equity": 104207,
            "current_ratio": 86.71,
            "debt_ratio": 75.21,
            "inventory_turnover_ratio": 114.82,
            "account_receivable_turnover_ratio": 2.3,
            "reinvestment_rate": null,
            "research_to_sale_ratio": 19.64,
            "price_fair": 0,
            "eps_avg_yearly": 0,
            "eps_latest_yearly": 0,
            "eps_growth_yearly": 0
        },
        "20174": {
            "year_quarter": 20174,
            "year": 2017,
            "quarter": 4,
            "eps": -0.23,
            "eps_growth_year": null,
            "eps_4q": -1.7,
            "eps_4q_growth_year": null,
            "roe": -9.61,
            "roe_4q": -90.34,
            "gross_profit": -1847,
            "gross_margin": -11.53,
            "gross_margin_4q_avg": 16.3,
            "net_income": -14080,
            "net_income_4q": null,
            "revenue": 16017,
            "revenue_4q": null,
            "common_shares": 611661,
            "book_valuer_per_share": 3.08,
            "book_valuer_per_share_4q_avg": 2.95,
            "equity": 188817,
            "current_ratio": 143.17,
            "debt_ratio": 62.11,
            "inventory_turnover_ratio": 130.39,
            "account_receivable_turnover_ratio": 1.88,
            "reinvestment_rate": null,
            "research_to_sale_ratio": 16.57,
            "price_fair": 0,
            "eps_avg_yearly": 0,
            "eps_latest_yearly": 0,
            "eps_growth_yearly": 0
        },
        "20181": {
            "year_quarter": 20181,
            "year": 2018,
            "quarter": 1,
            "eps": -0.4,
            "eps_growth_year": null,
            "eps_4q": -1.59,
            "eps_4q_growth_year": null,
            "roe": -13.71,
            "roe_4q": -76.41,
            "gross_profit": -2211,
            "gross_margin": -17.68,
            "gross_margin_4q_avg": 7.71,
            "net_income": -24355,
            "net_income_4q": null,
            "revenue": 12508,
            "revenue_4q": null,
            "common_shares": 611661,
            "book_valuer_per_share": 2.72,
            "book_valuer_per_share_4q_avg": 2.87,
            "equity": 166481,
            "current_ratio": 171.59,
            "debt_ratio": 63.84,
            "inventory_turnover_ratio": 107.44,
            "account_receivable_turnover_ratio": 1.74,
            "reinvestment_rate": null,
            "research_to_sale_ratio": 27.27,
            "price_fair": 0,
            "eps_avg_yearly": 0,
            "eps_latest_yearly": 0,
            "eps_growth_yearly": 0
        },
        "20182": {
            "year_quarter": 20182,
            "year": 2018,
            "quarter": 2,
            "eps": -0.19,
            "eps_growth_year": null,
            "eps_4q": -1.17,
            "eps_4q_growth_year": null,
            "roe": -7.35,
            "roe_4q": -49.33,
            "gross_profit": 9963,
            "gross_margin": 42.8,
            "gross_margin_4q_avg": 10.66,
            "net_income": -11757,
            "net_income_4q": null,
            "revenue": 23278,
            "revenue_4q": null,
            "common_shares": 611661,
            "book_valuer_per_share": 2.51,
            "book_valuer_per_share_4q_avg": 2.68,
            "equity": 153397,
            "current_ratio": 164.91,
            "debt_ratio": 64.25,
            "inventory_turnover_ratio": 97.19,
            "account_receivable_turnover_ratio": 1.89,
            "reinvestment_rate": null,
            "research_to_sale_ratio": 3.09,
            "price_fair": 0,
            "eps_avg_yearly": 0,
            "eps_latest_yearly": 0,
            "eps_growth_yearly": 0
        },
        "20183": {
            "year_quarter": 20183,
            "year": 2018,
            "quarter": 3,
            "eps": -0.25,
            "eps_growth_year": null,
            "eps_4q": -1.07,
            "eps_4q_growth_year": null,
            "roe": -10.43,
            "roe_4q": -41.1,
            "gross_profit": 10328,
            "gross_margin": 45.43,
            "gross_margin_4q_avg": 14.76,
            "net_income": -15465,
            "net_income_4q": null,
            "revenue": 22732,
            "revenue_4q": null,
            "common_shares": 611661,
            "book_valuer_per_share": 2.34,
            "book_valuer_per_share_4q_avg": 2.66,
            "equity": 143123,
            "current_ratio": 179.82,
            "debt_ratio": 59.82,
            "inventory_turnover_ratio": 90.54,
            "account_receivable_turnover_ratio": 1.46,
            "reinvestment_rate": null,
            "research_to_sale_ratio": 3.41,
            "price_fair": 0,
            "eps_avg_yearly": 0,
            "eps_latest_yearly": 0,
            "eps_growth_yearly": 0
        },
        "20184": {
            "year_quarter": 20184,
            "year": 2018,
            "quarter": 4,
            "eps": -0.14,
            "eps_growth_year": null,
            "eps_4q": -0.99,
            "eps_4q_growth_year": null,
            "roe": -6.35,
            "roe_4q": -37.84,
            "gross_profit": 5193,
            "gross_margin": 26.89,
            "gross_margin_4q_avg": 24.36,
            "net_income": -8811,
            "net_income_4q": null,
            "revenue": 19315,
            "revenue_4q": null,
            "common_shares": 611661,
            "book_valuer_per_share": 2.19,
            "book_valuer_per_share_4q_avg": 2.44,
            "equity": 134175,
            "current_ratio": 136.45,
            "debt_ratio": 60.51,
            "inventory_turnover_ratio": 105.78,
            "account_receivable_turnover_ratio": 1.43,
            "reinvestment_rate": null,
            "research_to_sale_ratio": 3.9,
            "price_fair": 0,
            "eps_avg_yearly": 0,
            "eps_latest_yearly": 0,
            "eps_growth_yearly": 0
        },
        "20191": {
            "year_quarter": 20191,
            "year": 2019,
            "quarter": 1,
            "eps": -0.06,
            "eps_growth_year": null,
            "eps_4q": -0.65,
            "eps_4q_growth_year": null,
            "roe": -2.85,
            "roe_4q": -26.979999999999997,
            "gross_profit": 15876,
            "gross_margin": 42.64,
            "gross_margin_4q_avg": 39.44,
            "net_income": -3772,
            "net_income_4q": null,
            "revenue": 37237,
            "revenue_4q": null,
            "common_shares": 611661,
            "book_valuer_per_share": 2.13,
            "book_valuer_per_share_4q_avg": 2.29,
            "equity": 130403,
            "current_ratio": 142.97,
            "debt_ratio": 64.23,
            "inventory_turnover_ratio": 164.32,
            "account_receivable_turnover_ratio": 1.9,
            "reinvestment_rate": null,
            "research_to_sale_ratio": 2.12,
            "price_fair": 0,
            "eps_avg_yearly": 0,
            "eps_latest_yearly": 0,
            "eps_growth_yearly": 0
        },
        "20192": {
            "year_quarter": 20192,
            "year": 2019,
            "quarter": 2,
            "eps": 0.17,
            "eps_growth_year": null,
            "eps_4q": -0.29,
            "eps_4q_growth_year": null,
            "roe": 7.53,
            "roe_4q": -12.1,
            "gross_profit": 28192,
            "gross_margin": 61.8,
            "gross_margin_4q_avg": 44.19,
            "net_income": 10201,
            "net_income_4q": null,
            "revenue": 45617,
            "revenue_4q": null,
            "common_shares": 611661,
            "book_valuer_per_share": 2.3,
            "book_valuer_per_share_4q_avg": 2.24,
            "equity": 140604,
            "current_ratio": 151.85,
            "debt_ratio": 59.87,
            "inventory_turnover_ratio": 134.04,
            "account_receivable_turnover_ratio": 1.99,
            "reinvestment_rate": null,
            "research_to_sale_ratio": 2.33,
            "price_fair": 0,
            "eps_avg_yearly": 0,
            "eps_latest_yearly": 0,
            "eps_growth_yearly": 0
        },
        "20193": {
            "year_quarter": 20193,
            "year": 2019,
            "quarter": 3,
            "eps": -0.1,
            "eps_growth_year": null,
            "eps_4q": -0.14,
            "eps_4q_growth_year": null,
            "roe": -4.34,
            "roe_4q": -6.01,
            "gross_profit": 11313,
            "gross_margin": 51.23,
            "gross_margin_4q_avg": 45.64,
            "net_income": -5976,
            "net_income_4q": null,
            "revenue": 22084,
            "revenue_4q": null,
            "common_shares": 611661,
            "book_valuer_per_share": 2.2,
            "book_valuer_per_share_4q_avg": 2.21,
            "equity": 134628,
            "current_ratio": 145.24,
            "debt_ratio": 58.8,
            "inventory_turnover_ratio": 82.85,
            "account_receivable_turnover_ratio": 1.33,
            "reinvestment_rate": null,
            "research_to_sale_ratio": 3.31,
            "price_fair": 0,
            "eps_avg_yearly": 0,
            "eps_latest_yearly": 0,
            "eps_growth_yearly": 0
        },
        "20194": {
            "year_quarter": 20194,
            "year": 2019,
            "quarter": 4,
            "eps": -1.01,
            "eps_growth_year": null,
            "eps_4q": -0.97,
            "eps_4q_growth_year": null,
            "roe": -10.56,
            "roe_4q": -10.22,
            "gross_profit": 8004,
            "gross_margin": 43.34,
            "gross_margin_4q_avg": 49.75,
            "net_income": -13509,
            "net_income_4q": null,
            "revenue": 18469,
            "revenue_4q": null,
            "common_shares": 134174,
            "book_valuer_per_share": 9.03,
            "book_valuer_per_share_4q_avg": 3.92,
            "equity": 121119,
            "current_ratio": 153.64,
            "debt_ratio": 59.74,
            "inventory_turnover_ratio": 80.5,
            "account_receivable_turnover_ratio": 1.77,
            "reinvestment_rate": null,
            "research_to_sale_ratio": 3.54,
            "price_fair": 0,
            "eps_avg_yearly": 0,
            "eps_latest_yearly": 0,
            "eps_growth_yearly": 0
        },
        "20201": {
            "year_quarter": 20201,
            "year": 2020,
            "quarter": 1,
            "eps": -0.09,
            "eps_growth_year": null,
            "eps_4q": -0.78,
            "eps_4q_growth_year": null,
            "roe": -1.03,
            "roe_4q": -8.399999999999999,
            "gross_profit": 13615,
            "gross_margin": 55.43,
            "gross_margin_4q_avg": 52.95,
            "net_income": -1244,
            "net_income_4q": null,
            "revenue": 24563,
            "revenue_4q": null,
            "common_shares": 134174,
            "book_valuer_per_share": 9.02,
            "book_valuer_per_share_4q_avg": 5.64,
            "equity": 121092,
            "current_ratio": 121.16,
            "debt_ratio": 59.07,
            "inventory_turnover_ratio": 84.22,
            "account_receivable_turnover_ratio": 2.74,
            "reinvestment_rate": null,
            "research_to_sale_ratio": 3.22,
            "price_fair": 0,
            "eps_avg_yearly": 0,
            "eps_latest_yearly": 0,
            "eps_growth_yearly": 0
        },
        "20202": {
            "year_quarter": 20202,
            "year": 2020,
            "quarter": 2,
            "eps": -0.51,
            "eps_growth_year": -400,
            "eps_4q": -2.06,
            "eps_4q_growth_year": null,
            "roe": -5.84,
            "roe_4q": -21.77,
            "gross_profit": 13342,
            "gross_margin": 58.07,
            "gross_margin_4q_avg": 52.02,
            "net_income": -6874,
            "net_income_4q": null,
            "revenue": 22974,
            "revenue_4q": null,
            "common_shares": 134174,
            "book_valuer_per_share": 8.51,
            "book_valuer_per_share_4q_avg": 7.19,
            "equity": 114218,
            "current_ratio": 116.97,
            "debt_ratio": 59.6,
            "inventory_turnover_ratio": 74.09,
            "account_receivable_turnover_ratio": 2.31,
            "reinvestment_rate": null,
            "research_to_sale_ratio": 4.13,
            "price_fair": 0,
            "eps_avg_yearly": 0,
            "eps_latest_yearly": 0,
            "eps_growth_yearly": 0
        },
        "20203": {
            "year_quarter": 20203,
            "year": 2020,
            "quarter": 3,
            "eps": 0.01,
            "eps_growth_year": null,
            "eps_4q": -1.61,
            "eps_4q_growth_year": null,
            "roe": 0.06,
            "roe_4q": -17.37,
            "gross_profit": 18916,
            "gross_margin": 68.81,
            "gross_margin_4q_avg": 56.41,
            "net_income": 71,
            "net_income_4q": null,
            "revenue": 27490,
            "revenue_4q": null,
            "common_shares": 134174,
            "book_valuer_per_share": 8.52,
            "book_valuer_per_share_4q_avg": 8.77,
            "equity": 114289,
            "current_ratio": 119.53,
            "debt_ratio": 59.11,
            "inventory_turnover_ratio": 65.95,
            "account_receivable_turnover_ratio": 2.3,
            "reinvestment_rate": null,
            "research_to_sale_ratio": 3.54,
            "price_fair": 0,
            "eps_avg_yearly": 0,
            "eps_latest_yearly": 0,
            "eps_growth_yearly": 0
        },
        "20204": {
            "year_quarter": 20204,
            "year": 2020,
            "quarter": 4,
            "eps": 0.44,
            "eps_growth_year": null,
            "eps_4q": 0.03,
            "eps_4q_growth_year": null,
            "roe": 5.11,
            "roe_4q": -1.7,
            "gross_profit": 28678,
            "gross_margin": 70.08,
            "gross_margin_4q_avg": 63.1,
            "net_income": 8611,
            "net_income_4q": null,
            "revenue": 40924,
            "revenue_4q": null,
            "common_shares": 193694,
            "book_valuer_per_share": 11.51,
            "book_valuer_per_share_4q_avg": 9.39,
            "equity": 222893,
            "current_ratio": 220.84,
            "debt_ratio": 28.31,
            "inventory_turnover_ratio": 94.2,
            "account_receivable_turnover_ratio": 1.95,
            "reinvestment_rate": null,
            "research_to_sale_ratio": 2.37,
            "price_fair": 61.6,
            "eps_avg_yearly": 1.76,
            "eps_latest_yearly": 1.76,
            "eps_growth_yearly": 17200
        },
        "20211": {
            "year_quarter": 20211,
            "year": 2021,
            "quarter": 1,
            "eps": 1.48,
            "eps_growth_year": null,
            "eps_4q": 1.58,
            "eps_4q_growth_year": null,
            "roe": 12.11,
            "roe_4q": 11.439999999999998,
            "gross_profit": 52820,
            "gross_margin": 80.39,
            "gross_margin_4q_avg": 69.34,
            "net_income": 28727,
            "net_income_4q": null,
            "revenue": 65702,
            "revenue_4q": null,
            "common_shares": 193694,
            "book_valuer_per_share": 12.99,
            "book_valuer_per_share_4q_avg": 10.38,
            "equity": 251620,
            "current_ratio": 280.17,
            "debt_ratio": 22.91,
            "inventory_turnover_ratio": 99.09,
            "account_receivable_turnover_ratio": 1.88,
            "reinvestment_rate": null,
            "research_to_sale_ratio": 1.48,
            "price_fair": 134.4,
            "eps_avg_yearly": 3.84,
            "eps_latest_yearly": 5.92,
            "eps_growth_yearly": 9072.73
        },
        "20212": {
            "year_quarter": 20212,
            "year": 2021,
            "quarter": 2,
            "eps": 1.81,
            "eps_growth_year": null,
            "eps_4q": 3.74,
            "eps_4q_growth_year": null,
            "roe": 13.03,
            "roe_4q": 30.31,
            "gross_profit": 55662,
            "gross_margin": 85.17,
            "gross_margin_4q_avg": 76.11,
            "net_income": 35078,
            "net_income_4q": null,
            "revenue": 65352,
            "revenue_4q": null,
            "common_shares": 193694,
            "book_valuer_per_share": 14.8,
            "book_valuer_per_share_4q_avg": 11.96,
            "equity": 286698,
            "current_ratio": 371.18,
            "debt_ratio": 19.64,
            "inventory_turnover_ratio": 74.54,
            "account_receivable_turnover_ratio": 1.57,
            "reinvestment_rate": null,
            "research_to_sale_ratio": 0.33,
            "price_fair": 174.07,
            "eps_avg_yearly": 4.97,
            "eps_latest_yearly": 7.24,
            "eps_growth_yearly": 6078.21
        },
        "20213": {
            "year_quarter": 20213,
            "year": 2021,
            "quarter": 3,
            "eps": 1.57,
            "eps_growth_year": 15600,
            "eps_4q": 5.3,
            "eps_4q_growth_year": null,
            "roe": 10.04,
            "roe_4q": 40.29,
            "gross_profit": 48898,
            "gross_margin": 82.83,
            "gross_margin_4q_avg": 79.62,
            "net_income": 30302,
            "net_income_4q": null,
            "revenue": 59034,
            "revenue_4q": null,
            "common_shares": 193694,
            "book_valuer_per_share": 16.37,
            "book_valuer_per_share_4q_avg": 13.92,
            "equity": 317000,
            "current_ratio": 606.32,
            "debt_ratio": 13.07,
            "inventory_turnover_ratio": 77.97,
            "account_receivable_turnover_ratio": 1.61,
            "reinvestment_rate": -293.02,
            "research_to_sale_ratio": 0.75,
            "price_fair": 185.5,
            "eps_avg_yearly": 5.3,
            "eps_latest_yearly": 6.28,
            "eps_growth_yearly": 4545.4
        },
        "20214": {
            "year_quarter": 20214,
            "year": 2021,
            "quarter": 4,
            "eps": -0.06,
            "eps_growth_year": -113.51,
            "eps_4q": 4.8,
            "eps_4q_growth_year": 16379.49,
            "roe": -0.37,
            "roe_4q": 34.81,
            "gross_profit": 30591,
            "gross_margin": 52.49,
            "gross_margin_4q_avg": 75.22,
            "net_income": -1163,
            "net_income_4q": null,
            "revenue": 58276,
            "revenue_4q": null,
            "common_shares": 193694,
            "book_valuer_per_share": 16.31,
            "book_valuer_per_share_4q_avg": 15.12,
            "equity": 315837,
            "current_ratio": 398.37,
            "debt_ratio": 18.78,
            "inventory_turnover_ratio": 212.96,
            "account_receivable_turnover_ratio": 1.58,
            "reinvestment_rate": -88.98,
            "research_to_sale_ratio": 0.95,
            "price_fair": 185.5,
            "eps_avg_yearly": 5.3,
            "eps_latest_yearly": 6.28,
            "eps_growth_yearly": 4545.4
        },
        "20221": {
            "year_quarter": 20221,
            "year": 2022,
            "quarter": 1,
            "eps": 0.39,
            "eps_growth_year": -73.65,
            "eps_4q": 3.7,
            "eps_4q_growth_year": 134.97,
            "roe": 2.51,
            "roe_4q": 25.21,
            "gross_profit": 26984,
            "gross_margin": 55.87,
            "gross_margin_4q_avg": 69.09,
            "net_income": 7531,
            "net_income_4q": null,
            "revenue": 48294,
            "revenue_4q": null,
            "common_shares": 193694,
            "book_valuer_per_share": 14.69,
            "book_valuer_per_share_4q_avg": 15.54,
            "equity": 284629,
            "current_ratio": 295.21,
            "debt_ratio": 24.23,
            "inventory_turnover_ratio": 163.92,
            "account_receivable_turnover_ratio": 1.46,
            "reinvestment_rate": -25.15,
            "research_to_sale_ratio": 0.46,
            "price_fair": 185.5,
            "eps_avg_yearly": 5.3,
            "eps_latest_yearly": 6.28,
            "eps_growth_yearly": 4545.4
        },
        "20222": {
            "year_quarter": 20222,
            "year": 2022,
            "quarter": 2,
            "eps": 0.71,
            "eps_growth_year": -60.77,
            "eps_4q": 2.27,
            "eps_4q_growth_year": -39.4,
            "roe": 4.75,
            "roe_4q": 16.93,
            "gross_profit": 24169,
            "gross_margin": 69.94,
            "gross_margin_4q_avg": 65.28,
            "net_income": 13845,
            "net_income_4q": null,
            "revenue": 34556,
            "revenue_4q": null,
            "common_shares": 193694,
            "book_valuer_per_share": 15.41,
            "book_valuer_per_share_4q_avg": 15.7,
            "equity": 298474,
            "current_ratio": 346.76,
            "debt_ratio": 20,
            "inventory_turnover_ratio": 79.9,
            "account_receivable_turnover_ratio": 1.57,
            "reinvestment_rate": -13.28,
            "research_to_sale_ratio": 0,
            "price_fair": 168.28,
            "eps_avg_yearly": 4.81,
            "eps_latest_yearly": 2.84,
            "eps_growth_yearly": 3701.96
        },
        "20223": {
            "year_quarter": 20223,
            "year": 2022,
            "quarter": 3,
            "eps": 0.74,
            "eps_growth_year": -52.87,
            "eps_4q": 1.65,
            "eps_4q_growth_year": -68.89,
            "roe": 5.39,
            "roe_4q": 12.280000000000001,
            "gross_profit": 23333,
            "gross_margin": 72.85,
            "gross_margin_4q_avg": 62.79,
            "net_income": 16539,
            "net_income_4q": null,
            "revenue": 32027,
            "revenue_4q": null,
            "common_shares": 222748,
            "book_valuer_per_share": 14.14,
            "book_valuer_per_share_4q_avg": 15.14,
            "equity": 315013,
            "current_ratio": 862.39,
            "debt_ratio": 9.07,
            "inventory_turnover_ratio": 66.88,
            "account_receivable_turnover_ratio": 1.67,
            "reinvestment_rate": -28.45,
            "research_to_sale_ratio": 0.01,
            "price_fair": 157.5,
            "eps_avg_yearly": 4.5,
            "eps_latest_yearly": 2.96,
            "eps_growth_yearly": 3087.79
        },
        "20224": {
            "year_quarter": 20224,
            "year": 2022,
            "quarter": 4,
            "eps": -0.06,
            "eps_growth_year": null,
            "eps_4q": 1.64,
            "eps_4q_growth_year": -65.72,
            "roe": -0.4,
            "roe_4q": 12.249999999999998,
            "gross_profit": 23259,
            "gross_margin": 71.81,
            "gross_margin_4q_avg": 67.62,
            "net_income": -1273,
            "net_income_4q": null,
            "revenue": 32389,
            "revenue_4q": null,
            "common_shares": 222748,
            "book_valuer_per_share": 14.08,
            "book_valuer_per_share_4q_avg": 14.58,
            "equity": 313740,
            "current_ratio": 772.41,
            "debt_ratio": 10.18,
            "inventory_turnover_ratio": 70.23,
            "account_receivable_turnover_ratio": 1.76,
            "reinvestment_rate": -23.64,
            "research_to_sale_ratio": 0,
            "price_fair": 157.5,
            "eps_avg_yearly": 4.5,
            "eps_latest_yearly": 2.96,
            "eps_growth_yearly": 3087.79
        },
        "20231": {
            "year_quarter": 20231,
            "year": 2023,
            "quarter": 1,
            "eps": -0.07,
            "eps_growth_year": -117.95,
            "eps_4q": 1.23,
            "eps_4q_growth_year": -66.71,
            "roe": -0.54,
            "roe_4q": 9.2,
            "gross_profit": 18466,
            "gross_margin": 60.37,
            "gross_margin_4q_avg": 68.74,
            "net_income": -1641,
            "net_income_4q": null,
            "revenue": 30588,
            "revenue_4q": null,
            "common_shares": 222748,
            "book_valuer_per_share": 13.41,
            "book_valuer_per_share_4q_avg": 14.26,
            "equity": 298734,
            "current_ratio": 555.67,
            "debt_ratio": 13.34,
            "inventory_turnover_ratio": 93.25,
            "account_receivable_turnover_ratio": 1.61,
            "reinvestment_rate": -37.66,
            "research_to_sale_ratio": 0,
            "price_fair": 157.5,
            "eps_avg_yearly": 4.5,
            "eps_latest_yearly": 2.96,
            "eps_growth_yearly": 3087.79
        },
        "20232": {
            "year_quarter": 20232,
            "year": 2023,
            "quarter": 2,
            "eps": 0.44,
            "eps_growth_year": -38.03,
            "eps_4q": 0.99,
            "eps_4q_growth_year": -56.32,
            "roe": 3.22,
            "roe_4q": 7.67,
            "gross_profit": 21925,
            "gross_margin": 67.32,
            "gross_margin_4q_avg": 68.09,
            "net_income": 9762,
            "net_income_4q": null,
            "revenue": 32570,
            "revenue_4q": null,
            "common_shares": 222748,
            "book_valuer_per_share": 13.85,
            "book_valuer_per_share_4q_avg": 13.87,
            "equity": 308496,
            "current_ratio": 620.98,
            "debt_ratio": 12.02,
            "inventory_turnover_ratio": 81.88,
            "account_receivable_turnover_ratio": 1.65,
            "reinvestment_rate": -36.45,
            "research_to_sale_ratio": 0,
            "price_fair": 157.5,
            "eps_avg_yearly": 4.5,
            "eps_latest_yearly": 2.96,
            "eps_growth_yearly": 3087.79
        },
        "20233": {
            "year_quarter": 20233,
            "year": 2023,
            "quarter": 3,
            "eps": 0.57,
            "eps_growth_year": -22.97,
            "eps_4q": 0.86,
            "eps_4q_growth_year": -48.07,
            "roe": 4.25,
            "roe_4q": 6.53,
            "gross_profit": 20940,
            "gross_margin": 68.83,
            "gross_margin_4q_avg": 67.08,
            "net_income": 13382,
            "net_income_4q": null,
            "revenue": 30424,
            "revenue_4q": null,
            "common_shares": 236113,
            "book_valuer_per_share": 13.63,
            "book_valuer_per_share_4q_avg": 13.74,
            "equity": 321878,
            "current_ratio": 1097.35,
            "debt_ratio": 7.2,
            "inventory_turnover_ratio": 72.95,
            "account_receivable_turnover_ratio": 1.51,
            "reinvestment_rate": -35.34,
            "research_to_sale_ratio": 0,
            "price_fair": 146.4,
            "eps_avg_yearly": 4.18,
            "eps_latest_yearly": 2.28,
            "eps_growth_yearly": 2663.56
        },
        "20234": {
            "year_quarter": 20234,
            "year": 2023,
            "quarter": 4,
            "eps": 0.5,
            "eps_growth_year": null,
            "eps_4q": 1.41,
            "eps_4q_growth_year": -14.54,
            "roe": 3.57,
            "roe_4q": 10.5,
            "gross_profit": 31596,
            "gross_margin": 66.04,
            "gross_margin_4q_avg": 65.64,
            "net_income": 11690,
            "net_income_4q": null,
            "revenue": 47846,
            "revenue_4q": null,
            "common_shares": 236113,
            "book_valuer_per_share": 14.13,
            "book_valuer_per_share_4q_avg": 13.76,
            "equity": 333568,
            "current_ratio": 969.78,
            "debt_ratio": 8.2,
            "inventory_turnover_ratio": 125,
            "account_receivable_turnover_ratio": 1.63,
            "reinvestment_rate": -28.73,
            "research_to_sale_ratio": 0,
            "price_fair": 136.85,
            "eps_avg_yearly": 3.91,
            "eps_latest_yearly": 2,
            "eps_growth_yearly": 2324.47
        }
    },
    "months": {
        "2003-09": {
            "month": "2003-09",
            "price": "30.25",
            "revenue": 60722
        },
        "2003-10": {
            "month": "2003-10",
            "price": "28.20",
            "revenue": 55785
        },
        "2003-11": {
            "month": "2003-11",
            "price": "30.95",
            "revenue": 44108
        },
        "2003-12": {
            "month": "2003-12",
            "price": "33.79",
            "revenue": 32047
        },
        "2004-01": {
            "month": "2004-01",
            "price": "36.59",
            "revenue": 44631
        },
        "2004-02": {
            "month": "2004-02",
            "price": "38.24",
            "revenue": 29755
        },
        "2004-03": {
            "month": "2004-03",
            "price": "37.87",
            "revenue": 52008
        },
        "2004-04": {
            "month": "2004-04",
            "price": "31.80",
            "revenue": 43323
        },
        "2004-05": {
            "month": "2004-05",
            "price": "24.30",
            "revenue": 46116
        },
        "2004-06": {
            "month": "2004-06",
            "price": "22.28",
            "revenue": 31231
        },
        "2004-07": {
            "month": "2004-07",
            "price": "17.95",
            "revenue": 36503
        },
        "2004-08": {
            "month": "2004-08",
            "price": "17.12",
            "revenue": 20021
        },
        "2004-09": {
            "month": "2004-09",
            "price": "15.25",
            "revenue": 22554
        },
        "2004-10": {
            "month": "2004-10",
            "price": "16.91",
            "revenue": 27345
        },
        "2004-11": {
            "month": "2004-11",
            "price": "16.35",
            "revenue": 13036
        },
        "2004-12": {
            "month": "2004-12",
            "price": "14.56",
            "revenue": 43065
        },
        "2005-01": {
            "month": "2005-01",
            "price": "12.67",
            "revenue": 15545
        },
        "2005-02": {
            "month": "2005-02",
            "price": "14.94",
            "revenue": 9311
        },
        "2005-03": {
            "month": "2005-03",
            "price": "13.60",
            "revenue": 19429
        },
        "2005-04": {
            "month": "2005-04",
            "price": "11.52",
            "revenue": 14341
        },
        "2005-05": {
            "month": "2005-05",
            "price": "9.46",
            "revenue": 14674
        },
        "2005-06": {
            "month": "2005-06",
            "price": "9.90",
            "revenue": 10785
        },
        "2005-07": {
            "month": "2005-07",
            "price": "10.67",
            "revenue": 14483
        },
        "2005-08": {
            "month": "2005-08",
            "price": "9.03",
            "revenue": 19594
        },
        "2005-09": {
            "month": "2005-09",
            "price": "8.70",
            "revenue": 30577
        },
        "2005-10": {
            "month": "2005-10",
            "price": "7.50",
            "revenue": 47533
        },
        "2005-11": {
            "month": "2005-11",
            "price": "7.85",
            "revenue": 46545
        },
        "2005-12": {
            "month": "2005-12",
            "price": "10.17",
            "revenue": 55382
        },
        "2006-01": {
            "month": "2006-01",
            "price": "10.06",
            "revenue": 38678
        },
        "2006-02": {
            "month": "2006-02",
            "price": "10.33",
            "revenue": 43599
        },
        "2006-03": {
            "month": "2006-03",
            "price": "9.73",
            "revenue": 45006
        },
        "2006-04": {
            "month": "2006-04",
            "price": "10.77",
            "revenue": 43711
        },
        "2006-05": {
            "month": "2006-05",
            "price": "12.40",
            "revenue": 44421
        },
        "2006-06": {
            "month": "2006-06",
            "price": "12.14",
            "revenue": 41031
        },
        "2006-07": {
            "month": "2006-07",
            "price": "11.80",
            "revenue": 35411
        },
        "2006-08": {
            "month": "2006-08",
            "price": "11.09",
            "revenue": 33996
        },
        "2006-09": {
            "month": "2006-09",
            "price": "14.65",
            "revenue": 31471
        },
        "2006-10": {
            "month": "2006-10",
            "price": "21.60",
            "revenue": 33450
        },
        "2006-11": {
            "month": "2006-11",
            "price": "21.66",
            "revenue": 26808
        },
        "2006-12": {
            "month": "2006-12",
            "price": "19.89",
            "revenue": 30389
        },
        "2007-01": {
            "month": "2007-01",
            "price": "21.25",
            "revenue": 16258
        },
        "2007-02": {
            "month": "2007-02",
            "price": "20.57",
            "revenue": 14650
        },
        "2007-03": {
            "month": "2007-03",
            "price": "18.44",
            "revenue": 16513
        },
        "2007-04": {
            "month": "2007-04",
            "price": "18.16",
            "revenue": 19893
        },
        "2007-05": {
            "month": "2007-05",
            "price": "15.80",
            "revenue": 21570
        },
        "2007-06": {
            "month": "2007-06",
            "price": "18.02",
            "revenue": 20462
        },
        "2007-07": {
            "month": "2007-07",
            "price": "19.82",
            "revenue": 28928
        },
        "2007-08": {
            "month": "2007-08",
            "price": "17.13",
            "revenue": 34184
        },
        "2007-09": {
            "month": "2007-09",
            "price": "17.75",
            "revenue": 37122
        },
        "2007-10": {
            "month": "2007-10",
            "price": "17.35",
            "revenue": 31332
        },
        "2007-11": {
            "month": "2007-11",
            "price": "15.68",
            "revenue": 21809
        },
        "2007-12": {
            "month": "2007-12",
            "price": "12.16",
            "revenue": 26416
        },
        "2008-01": {
            "month": "2008-01",
            "price": "10.28",
            "revenue": 42197
        },
        "2008-02": {
            "month": "2008-02",
            "price": "10.19",
            "revenue": 56872
        },
        "2008-03": {
            "month": "2008-03",
            "price": "12.17",
            "revenue": 65867
        },
        "2008-04": {
            "month": "2008-04",
            "price": "18.26",
            "revenue": 48389
        },
        "2008-05": {
            "month": "2008-05",
            "price": "24.62",
            "revenue": 50336
        },
        "2008-06": {
            "month": "2008-06",
            "price": "24.44",
            "revenue": 52114
        },
        "2008-07": {
            "month": "2008-07",
            "price": "17.95",
            "revenue": 50090
        },
        "2008-08": {
            "month": "2008-08",
            "price": "15.62",
            "revenue": 50497
        },
        "2008-09": {
            "month": "2008-09",
            "price": "13.25",
            "revenue": 42950
        },
        "2008-10": {
            "month": "2008-10",
            "price": "11.21",
            "revenue": 33896
        },
        "2008-11": {
            "month": "2008-11",
            "price": "10.51",
            "revenue": 47840
        },
        "2008-12": {
            "month": "2008-12",
            "price": "13.37",
            "revenue": 45991
        },
        "2009-01": {
            "month": "2009-01",
            "price": "14.75",
            "revenue": 49847
        },
        "2009-02": {
            "month": "2009-02",
            "price": "15.78",
            "revenue": 54712
        },
        "2009-03": {
            "month": "2009-03",
            "price": "15.78",
            "revenue": 66453
        },
        "2009-04": {
            "month": "2009-04",
            "price": "16.55",
            "revenue": 51044
        },
        "2009-05": {
            "month": "2009-05",
            "price": "17.33",
            "revenue": 50460
        },
        "2009-06": {
            "month": "2009-06",
            "price": "19.14",
            "revenue": 47552
        },
        "2009-07": {
            "month": "2009-07",
            "price": "21.14",
            "revenue": 58799
        },
        "2009-08": {
            "month": "2009-08",
            "price": "18.62",
            "revenue": 51456
        },
        "2009-09": {
            "month": "2009-09",
            "price": "16.99",
            "revenue": 36686
        },
        "2009-10": {
            "month": "2009-10",
            "price": "16.69",
            "revenue": 35559
        },
        "2009-11": {
            "month": "2009-11",
            "price": "15.03",
            "revenue": 39529
        },
        "2009-12": {
            "month": "2009-12",
            "price": "16.47",
            "revenue": 46264
        },
        "2010-01": {
            "month": "2010-01",
            "price": "24.42",
            "revenue": 40339
        },
        "2010-02": {
            "month": "2010-02",
            "price": "22.37",
            "revenue": 54019
        },
        "2010-03": {
            "month": "2010-03",
            "price": "22.99",
            "revenue": 48803
        },
        "2010-04": {
            "month": "2010-04",
            "price": "22.46",
            "revenue": 49372
        },
        "2010-05": {
            "month": "2010-05",
            "price": "28.94",
            "revenue": 73220
        },
        "2010-06": {
            "month": "2010-06",
            "price": "35.80",
            "revenue": 67323
        },
        "2010-07": {
            "month": "2010-07",
            "price": "34.29",
            "revenue": 75934
        },
        "2010-08": {
            "month": "2010-08",
            "price": "30.36",
            "revenue": 78942
        },
        "2010-09": {
            "month": "2010-09",
            "price": "32.23",
            "revenue": 66390
        },
        "2010-10": {
            "month": "2010-10",
            "price": "28.97",
            "revenue": 61053
        },
        "2010-11": {
            "month": "2010-11",
            "price": "29.21",
            "revenue": 57949
        },
        "2010-12": {
            "month": "2010-12",
            "price": "31.73",
            "revenue": 70568
        },
        "2011-01": {
            "month": "2011-01",
            "price": "32.81",
            "revenue": 68170
        },
        "2011-02": {
            "month": "2011-02",
            "price": "27.63",
            "revenue": 79734
        },
        "2011-03": {
            "month": "2011-03",
            "price": "26.39",
            "revenue": 86543
        },
        "2011-04": {
            "month": "2011-04",
            "price": "28.39",
            "revenue": 80489
        },
        "2011-05": {
            "month": "2011-05",
            "price": "31.15",
            "revenue": 76438
        },
        "2011-06": {
            "month": "2011-06",
            "price": "30.28",
            "revenue": 80345
        },
        "2011-07": {
            "month": "2011-07",
            "price": "27.45",
            "revenue": 71936
        },
        "2011-08": {
            "month": "2011-08",
            "price": "20.35",
            "revenue": 74768
        },
        "2011-09": {
            "month": "2011-09",
            "price": "19.41",
            "revenue": 63440
        },
        "2011-10": {
            "month": "2011-10",
            "price": "19.56",
            "revenue": 74200
        },
        "2011-11": {
            "month": "2011-11",
            "price": "20.90",
            "revenue": 70891
        },
        "2011-12": {
            "month": "2011-12",
            "price": "18.81",
            "revenue": 94517
        },
        "2012-01": {
            "month": "2012-01",
            "price": "19.87",
            "revenue": 93266
        },
        "2012-02": {
            "month": "2012-02",
            "price": "23.60",
            "revenue": 78528
        },
        "2012-03": {
            "month": "2012-03",
            "price": "22.82",
            "revenue": 78748
        },
        "2012-04": {
            "month": "2012-04",
            "price": "21.06",
            "revenue": 66064
        },
        "2012-05": {
            "month": "2012-05",
            "price": "20.83",
            "revenue": 62268
        },
        "2012-06": {
            "month": "2012-06",
            "price": "19.93",
            "revenue": 55676
        },
        "2012-07": {
            "month": "2012-07",
            "price": "18.91",
            "revenue": 51570
        },
        "2012-08": {
            "month": "2012-08",
            "price": "16.93",
            "revenue": 57002
        },
        "2012-09": {
            "month": "2012-09",
            "price": "15.46",
            "revenue": 49624
        },
        "2012-10": {
            "month": "2012-10",
            "price": "13.90",
            "revenue": 52618
        },
        "2012-11": {
            "month": "2012-11",
            "price": "12.02",
            "revenue": 53371
        },
        "2012-12": {
            "month": "2012-12",
            "price": "13.89",
            "revenue": 51375
        },
        "2013-01": {
            "month": "2013-01",
            "price": "14.31",
            "revenue": 59589
        },
        "2013-02": {
            "month": "2013-02",
            "price": "13.06",
            "revenue": 66115
        },
        "2013-03": {
            "month": "2013-03",
            "price": "12.82",
            "revenue": 62231
        },
        "2013-04": {
            "month": "2013-04",
            "price": "12.61",
            "revenue": 57118
        },
        "2013-05": {
            "month": "2013-05",
            "price": "13.10",
            "revenue": 55790
        },
        "2013-06": {
            "month": "2013-06",
            "price": "13.22",
            "revenue": 48634
        },
        "2013-07": {
            "month": "2013-07",
            "price": "11.89",
            "revenue": 50562
        },
        "2013-08": {
            "month": "2013-08",
            "price": "10.61",
            "revenue": 56743
        },
        "2013-09": {
            "month": "2013-09",
            "price": "10.70",
            "revenue": 50056
        },
        "2013-10": {
            "month": "2013-10",
            "price": "10.43",
            "revenue": 43585
        },
        "2013-11": {
            "month": "2013-11",
            "price": "10.19",
            "revenue": 41704
        },
        "2013-12": {
            "month": "2013-12",
            "price": "11.85",
            "revenue": 36523
        },
        "2014-01": {
            "month": "2014-01",
            "price": "13.83",
            "revenue": 42858
        },
        "2014-02": {
            "month": "2014-02",
            "price": "12.67",
            "revenue": 34953
        },
        "2014-03": {
            "month": "2014-03",
            "price": "12.47",
            "revenue": 28002
        },
        "2014-04": {
            "month": "2014-04",
            "price": "12.35",
            "revenue": 50546
        },
        "2014-05": {
            "month": "2014-05",
            "price": "13.86",
            "revenue": 66731
        },
        "2014-06": {
            "month": "2014-06",
            "price": "17.30",
            "revenue": 52705
        },
        "2014-07": {
            "month": "2014-07",
            "price": "15.79",
            "revenue": 37866
        },
        "2014-08": {
            "month": "2014-08",
            "price": "12.65",
            "revenue": 41489
        },
        "2014-09": {
            "month": "2014-09",
            "price": "12.24",
            "revenue": 27803
        },
        "2014-10": {
            "month": "2014-10",
            "price": "10.33",
            "revenue": 26920
        },
        "2014-11": {
            "month": "2014-11",
            "price": "10.51",
            "revenue": 27041
        },
        "2014-12": {
            "month": "2014-12",
            "price": "12.31",
            "revenue": 23842
        },
        "2015-01": {
            "month": "2015-01",
            "price": "15.53",
            "revenue": 23480
        },
        "2015-02": {
            "month": "2015-02",
            "price": "14.77",
            "revenue": 35907
        },
        "2015-03": {
            "month": "2015-03",
            "price": "15.96",
            "revenue": 51892
        },
        "2015-04": {
            "month": "2015-04",
            "price": "17.84",
            "revenue": 48264
        },
        "2015-05": {
            "month": "2015-05",
            "price": "16.46",
            "revenue": 40501
        },
        "2015-06": {
            "month": "2015-06",
            "price": "14.77",
            "revenue": 33685
        },
        "2015-07": {
            "month": "2015-07",
            "price": "12.64",
            "revenue": 30060
        },
        "2015-08": {
            "month": "2015-08",
            "price": "9.55",
            "revenue": 35159
        },
        "2015-09": {
            "month": "2015-09",
            "price": "10.71",
            "revenue": 29035
        },
        "2015-10": {
            "month": "2015-10",
            "price": "12.19",
            "revenue": 37274
        },
        "2015-11": {
            "month": "2015-11",
            "price": "12.55",
            "revenue": 29804
        },
        "2015-12": {
            "month": "2015-12",
            "price": "12.58",
            "revenue": 29726
        },
        "2016-01": {
            "month": "2016-01",
            "price": "12.17",
            "revenue": 23878
        },
        "2016-02": {
            "month": "2016-02",
            "price": "12.32",
            "revenue": 57357
        },
        "2016-03": {
            "month": "2016-03",
            "price": "13.99",
            "revenue": 14415
        },
        "2016-04": {
            "month": "2016-04",
            "price": "16.21",
            "revenue": 13811
        },
        "2016-05": {
            "month": "2016-05",
            "price": "13.40",
            "revenue": 11505
        },
        "2016-06": {
            "month": "2016-06",
            "price": "13.65",
            "revenue": 12029
        },
        "2016-07": {
            "month": "2016-07",
            "price": "13.16",
            "revenue": 13599
        },
        "2016-08": {
            "month": "2016-08",
            "price": "10.86",
            "revenue": 12065
        },
        "2016-09": {
            "month": "2016-09",
            "price": "6.66",
            "revenue": 11237
        },
        "2016-10": {
            "month": "2016-10",
            "price": "6.33",
            "revenue": 10937
        },
        "2016-11": {
            "month": "2016-11",
            "price": "6.74",
            "revenue": 9603
        },
        "2016-12": {
            "month": "2016-12",
            "price": "8.11",
            "revenue": 8936
        },
        "2017-01": {
            "month": "2017-01",
            "price": "8.11",
            "revenue": 12226
        },
        "2017-02": {
            "month": "2017-02",
            "price": "7.93",
            "revenue": 10888
        },
        "2017-03": {
            "month": "2017-03",
            "price": "7.42",
            "revenue": 9131
        },
        "2017-04": {
            "month": "2017-04",
            "price": "8.94",
            "revenue": 8655
        },
        "2017-05": {
            "month": "2017-05",
            "price": "9.62",
            "revenue": 8258
        },
        "2017-06": {
            "month": "2017-06",
            "price": "16.20",
            "revenue": 7712
        },
        "2017-07": {
            "month": "2017-07",
            "price": "16.28",
            "revenue": 8471
        },
        "2017-08": {
            "month": "2017-08",
            "price": "14.68",
            "revenue": 6576
        },
        "2017-09": {
            "month": "2017-09",
            "price": "15.26",
            "revenue": 7121
        },
        "2017-10": {
            "month": "2017-10",
            "price": "14.42",
            "revenue": 6247
        },
        "2017-11": {
            "month": "2017-11",
            "price": "16.49",
            "revenue": 4177
        },
        "2017-12": {
            "month": "2017-12",
            "price": "16.60",
            "revenue": 5594
        },
        "2018-01": {
            "month": "2018-01",
            "price": "18.13",
            "revenue": 4335
        },
        "2018-02": {
            "month": "2018-02",
            "price": "16.72",
            "revenue": 4164
        },
        "2018-03": {
            "month": "2018-03",
            "price": "14.17",
            "revenue": 4302
        },
        "2018-04": {
            "month": "2018-04",
            "price": "13.34",
            "revenue": 4560
        },
        "2018-05": {
            "month": "2018-05",
            "price": "16.25",
            "revenue": 9284
        },
        "2018-06": {
            "month": "2018-06",
            "price": "14.97",
            "revenue": 9433
        },
        "2018-07": {
            "month": "2018-07",
            "price": "13.83",
            "revenue": 7873
        },
        "2018-08": {
            "month": "2018-08",
            "price": "15.31",
            "revenue": 7837
        },
        "2018-09": {
            "month": "2018-09",
            "price": "15.25",
            "revenue": 7023
        },
        "2018-10": {
            "month": "2018-10",
            "price": "15.59",
            "revenue": 5321
        },
        "2018-11": {
            "month": "2018-11",
            "price": "15.48",
            "revenue": 5746
        },
        "2018-12": {
            "month": "2018-12",
            "price": "16.22",
            "revenue": 8246
        },
        "2019-01": {
            "month": "2019-01",
            "price": "15.90",
            "revenue": 10036
        },
        "2019-02": {
            "month": "2019-02",
            "price": "14.33",
            "revenue": 10808
        },
        "2019-03": {
            "month": "2019-03",
            "price": "14.21",
            "revenue": 16393
        },
        "2019-04": {
            "month": "2019-04",
            "price": "10.04",
            "revenue": 18082
        },
        "2019-05": {
            "month": "2019-05",
            "price": "8.98",
            "revenue": 14913
        },
        "2019-06": {
            "month": "2019-06",
            "price": "7.82",
            "revenue": 12622
        },
        "2019-07": {
            "month": "2019-07",
            "price": "7.66",
            "revenue": 7169
        },
        "2019-08": {
            "month": "2019-08",
            "price": "7.31",
            "revenue": 6964
        },
        "2019-09": {
            "month": "2019-09",
            "price": "6.94",
            "revenue": 7951
        },
        "2019-10": {
            "month": "2019-10",
            "price": "6.60",
            "revenue": 5719
        },
        "2019-11": {
            "month": "2019-11",
            "price": "7.05",
            "revenue": 4937
        },
        "2019-12": {
            "month": "2019-12",
            "price": "7.14",
            "revenue": 7813
        },
        "2020-01": {
            "month": "2020-01",
            "price": "25.58",
            "revenue": 8382
        },
        "2020-02": {
            "month": "2020-02",
            "price": "21.19",
            "revenue": 7747
        },
        "2020-03": {
            "month": "2020-03",
            "price": "16.66",
            "revenue": 8434
        },
        "2020-04": {
            "month": "2020-04",
            "price": "15.46",
            "revenue": 7338
        },
        "2020-05": {
            "month": "2020-05",
            "price": "17.18",
            "revenue": 6323
        },
        "2020-06": {
            "month": "2020-06",
            "price": "18.35",
            "revenue": 9313
        },
        "2020-07": {
            "month": "2020-07",
            "price": "18.08",
            "revenue": 8489
        },
        "2020-08": {
            "month": "2020-08",
            "price": "18.24",
            "revenue": 9639
        },
        "2020-09": {
            "month": "2020-09",
            "price": "19.20",
            "revenue": 9361
        },
        "2020-10": {
            "month": "2020-10",
            "price": "20.80",
            "revenue": 7660
        },
        "2020-11": {
            "month": "2020-11",
            "price": "25.96",
            "revenue": 10637
        },
        "2020-12": {
            "month": "2020-12",
            "price": "35.69",
            "revenue": 22628
        },
        "2021-01": {
            "month": "2021-01",
            "price": "85.30",
            "revenue": 22096
        },
        "2021-02": {
            "month": "2021-02",
            "price": "173.62",
            "revenue": 21962
        },
        "2021-03": {
            "month": "2021-03",
            "price": "143.60",
            "revenue": 21644
        },
        "2021-04": {
            "month": "2021-04",
            "price": "123.89",
            "revenue": 21205
        },
        "2021-05": {
            "month": "2021-05",
            "price": "118.23",
            "revenue": 22474
        },
        "2021-06": {
            "month": "2021-06",
            "price": "119.17",
            "revenue": 21672
        },
        "2021-07": {
            "month": "2021-07",
            "price": "106.72",
            "revenue": 23819
        },
        "2021-08": {
            "month": "2021-08",
            "price": "100.90",
            "revenue": 18508
        },
        "2021-09": {
            "month": "2021-09",
            "price": "94.08",
            "revenue": 16708
        },
        "2021-10": {
            "month": "2021-10",
            "price": "86.39",
            "revenue": 16156
        },
        "2021-11": {
            "month": "2021-11",
            "price": "86.01",
            "revenue": 12442
        },
        "2021-12": {
            "month": "2021-12",
            "price": "104.15",
            "revenue": 29678
        },
        "2022-01": {
            "month": "2022-01",
            "price": "130.94",
            "revenue": 19659
        },
        "2022-02": {
            "month": "2022-02",
            "price": "141.17",
            "revenue": 15037
        },
        "2022-03": {
            "month": "2022-03",
            "price": "126.04",
            "revenue": 13597
        },
        "2022-04": {
            "month": "2022-04",
            "price": "118.32",
            "revenue": 11642
        },
        "2022-05": {
            "month": "2022-05",
            "price": "106.10",
            "revenue": 12194
        },
        "2022-06": {
            "month": "2022-06",
            "price": "107.86",
            "revenue": 10720
        },
        "2022-07": {
            "month": "2022-07",
            "price": "90.37",
            "revenue": 10299
        },
        "2022-08": {
            "month": "2022-08",
            "price": "84.57",
            "revenue": 10901
        },
        "2022-09": {
            "month": "2022-09",
            "price": "77.39",
            "revenue": 10827
        },
        "2022-10": {
            "month": "2022-10",
            "price": "71.30",
            "revenue": 10894
        },
        "2022-11": {
            "month": "2022-11",
            "price": "76.01",
            "revenue": 11670
        },
        "2022-12": {
            "month": "2022-12",
            "price": "82.06",
            "revenue": 9825
        },
        "2023-01": {
            "month": "2023-01",
            "price": "81.16",
            "revenue": 9792
        },
        "2023-02": {
            "month": "2023-02",
            "price": "79.98",
            "revenue": 9074
        },
        "2023-03": {
            "month": "2023-03",
            "price": "76.60",
            "revenue": 11723
        },
        "2023-04": {
            "month": "2023-04",
            "price": "73.67",
            "revenue": 11715
        },
        "2023-05": {
            "month": "2023-05",
            "price": "72.74",
            "revenue": 10996
        },
        "2023-06": {
            "month": "2023-06",
            "price": "78.24",
            "revenue": 9859
        },
        "2023-07": {
            "month": "2023-07",
            "price": "77.96",
            "revenue": 9402
        },
        "2023-08": {
            "month": "2023-08",
            "price": "67.54",
            "revenue": 10266
        },
        "2023-09": {
            "month": "2023-09",
            "price": "63.47",
            "revenue": 10756
        },
        "2023-10": {
            "month": "2023-10",
            "price": "62.68",
            "revenue": 10200
        },
        "2023-11": {
            "month": "2023-11",
            "price": "74.10",
            "revenue": 19675
        },
        "2023-12": {
            "month": "2023-12",
            "price": "114.47",
            "revenue": 17971
        },
        "2024-01": {
            "month": "2024-01",
            "price": "154.25",
            "revenue": 17276
        },
        "2024-02": {
            "month": "2024-02",
            "price": "119.77",
            "revenue": 14083
        }
    }
}
