{
    "summary": {
        "stock_name": "艾訊",
        "stock_id": "3088",
        "category": "電腦及週邊設備",
        "main_business": "智能物聯網產品<br>智能設計服務產品<br>博奕產品",
        "website_url": "http://www.axiomtek.com.tw",
        "ceo": "黃瑞南",
        "pe_ratio": 13,
        "report_year_from": 2001,
        "report_year_to": 2023,
        "age": 23,
        "eps_negative_percentage": 0,
        "eps_growth_avg": {
            "last_all": 14.33,
            "last_2y": 27.46,
            "last_4y": 11.7,
            "last_8y": 11.14,
            "last_12y": 14.14,
            "last_16y": 8.97,
            "last_20y": null,
            "at_2006_last_3y": null,
            "at_2007_last_3y": 28.35,
            "at_2008_last_3y": -3.89,
            "at_2009_last_3y": -10.68,
            "at_2010_last_3y": -7.86,
            "at_2011_last_3y": -9.46,
            "at_2012_last_3y": 4.84,
            "at_2013_last_3y": 28.76,
            "at_2014_last_3y": 20.89,
            "at_2015_last_3y": 31.01,
            "at_2016_last_3y": 21.46,
            "at_2017_last_3y": 33.63,
            "at_2018_last_3y": 10.45,
            "at_2019_last_3y": 9.96,
            "at_2020_last_3y": 4.97,
            "at_2021_last_3y": -14.69,
            "at_2022_last_3y": 11.22,
            "at_2023_last_3y": 11.8,
            "at_2024_last_3y": 11.8,
            "at_2006_last_all": 44.74,
            "at_2007_last_all": 28.35,
            "at_2008_last_all": 15.83,
            "at_2009_last_all": 5.8,
            "at_2010_last_all": 14.68,
            "at_2011_last_all": 9.44,
            "at_2012_last_all": 10.95,
            "at_2013_last_all": 14.98,
            "at_2014_last_all": 16.94,
            "at_2015_last_all": 16.63,
            "at_2016_last_all": 14.18,
            "at_2017_last_all": 20.31,
            "at_2018_last_all": 15.21,
            "at_2019_last_all": 14.96,
            "at_2020_last_all": 12.01,
            "at_2021_last_all": 12.53,
            "at_2022_last_all": 14.37,
            "at_2023_last_all": 14.33,
            "at_2024_last_all": 14.33
        },
        "latest_eps": 7.14,
        "latest_price": 90.1,
        "latest_roe": 18.76,
        "latest_gross_margin": 36.6,
        "latest_equity": 4203534,
        "latest_revenue": 1621733,
        "latest_gross_profit": 593489,
        "latest_net_income": 155570,
        "latest_debt_ratio": 38.71,
        "latest_current_ratio": 282.82,
        "latest_account_receivable_turnover_ratio": 1.98,
        "latest_inventory_turnover_ratio": 0.56,
        "latest_reinvestment_rate": 53.79,
        "latest_research_to_sale_ratio": 7.83
    },
    "eps_dividends": {
        "2001": {
            "cash": 0,
            "stock": 0,
            "eps": 0
        },
        "2002": {
            "cash": 0,
            "stock": 0,
            "eps": 0
        },
        "2003": {
            "cash": 1,
            "stock": 0.8,
            "eps": 2.09
        },
        "2004": {
            "cash": 1.4,
            "stock": 1.4,
            "eps": 4.07
        },
        "2005": {
            "cash": 2,
            "stock": 0.5,
            "eps": 3.37
        },
        "2006": {
            "cash": 2.32,
            "stock": 0.31,
            "eps": 5.28
        },
        "2007": {
            "cash": 3.58,
            "stock": 0.41,
            "eps": 4.18
        },
        "2008": {
            "cash": 3.08,
            "stock": 0.2,
            "eps": 2.75
        },
        "2009": {
            "cash": 1.8,
            "stock": 0.2,
            "eps": 1.53
        },
        "2010": {
            "cash": 1.3,
            "stock": 0,
            "eps": 2.57
        },
        "2011": {
            "cash": 2.2,
            "stock": 0,
            "eps": 1.87
        },
        "2012": {
            "cash": 1.5,
            "stock": 0,
            "eps": 2.3
        },
        "2013": {
            "cash": 1.96,
            "stock": 0,
            "eps": 3.48
        },
        "2014": {
            "cash": 2.67,
            "stock": 0,
            "eps": 4.75
        },
        "2015": {
            "cash": 4,
            "stock": 0,
            "eps": 5.38
        },
        "2016": {
            "cash": 4.3,
            "stock": 0,
            "eps": 4.56
        },
        "2017": {
            "cash": 3.65,
            "stock": 0,
            "eps": 11.72
        },
        "2018": {
            "cash": 5.53,
            "stock": 0,
            "eps": 5.13
        },
        "2019": {
            "cash": 3.75,
            "stock": 0,
            "eps": 5.71
        },
        "2020": {
            "cash": 4,
            "stock": 0,
            "eps": 3.7
        },
        "2021": {
            "cash": 2.6,
            "stock": 0,
            "eps": 4.49
        },
        "2022": {
            "cash": 3.05,
            "stock": 0,
            "eps": 6.62
        },
        "2023": {
            "cash": 2.5,
            "stock": 1,
            "eps": 7.52
        },
        "2024": {
            "cash": 4.3,
            "stock": 0,
            "eps": 0
        }
    },
    "dividends": {
        "2003-06-30": {
            "cash": 1,
            "stock": 0.8
        },
        "2004-03-04": {
            "cash": 1.4,
            "stock": 1.4
        },
        "2005-04-29": {
            "cash": 2,
            "stock": 0.5
        },
        "2006-03-15": {
            "cash": 2.32,
            "stock": 0.31
        },
        "2007-04-09": {
            "cash": 3.58,
            "stock": 0.41
        },
        "2008-03-17": {
            "cash": 3.08,
            "stock": 0.2
        },
        "2009-04-07": {
            "cash": 1.8,
            "stock": 0.2
        },
        "2010-03-25": {
            "cash": 1.3,
            "stock": 0
        },
        "2011-03-28": {
            "cash": 2.2,
            "stock": 0
        },
        "2012-03-19": {
            "cash": 1.5,
            "stock": 0
        },
        "2013-06-13": {
            "cash": 1.96,
            "stock": 0
        },
        "2014-08-22": {
            "cash": 2.67,
            "stock": 0
        },
        "2015-08-28": {
            "cash": 4,
            "stock": 0
        },
        "2016-09-02": {
            "cash": 4.3,
            "stock": 0
        },
        "2017-08-25": {
            "cash": 3.65,
            "stock": 0
        },
        "2018-08-24": {
            "cash": 5.53,
            "stock": 0
        },
        "2019-08-09": {
            "cash": 3.75,
            "stock": 0
        },
        "2020-08-21": {
            "cash": 4,
            "stock": 0
        },
        "2021-08-20": {
            "cash": 2.6,
            "stock": 0
        },
        "2022-09-16": {
            "cash": 3.05,
            "stock": 0
        },
        "2023-09-28": {
            "cash": 2.5,
            "stock": 1
        },
        "2024-02-22": {
            "cash": 4.3,
            "stock": 0
        }
    },
    "prices": {
        "200101": "無",
        "200102": "無",
        "200103": "無",
        "200104": "無",
        "200105": "無",
        "200106": "無",
        "200107": "無",
        "200108": "無",
        "200109": "無",
        "200110": "無",
        "200111": "無",
        "200112": "無",
        "200201": "無",
        "200202": "無",
        "200203": "無",
        "200204": "無",
        "200205": "無",
        "200206": "無",
        "200207": "無",
        "200208": "無",
        "200209": "無",
        "200210": "無",
        "200211": "無",
        "200212": "無",
        "200301": "無",
        "200302": "無",
        "200303": "無",
        "200304": "無",
        "200305": "無",
        "200306": "無",
        "200307": "無",
        "200308": "無",
        "200309": "無",
        "200310": "33.31",
        "200311": "32.78",
        "200312": "31.18",
        "200401": "33.07",
        "200402": "35.52",
        "200403": "38.33",
        "200404": "42.52",
        "200405": "43.35",
        "200406": "42.96",
        "200407": "41.74",
        "200408": "41.07",
        "200409": "40.29",
        "200410": "33.00",
        "200411": "33.06",
        "200412": "31.22",
        "200501": "32.26",
        "200502": "31.78",
        "200503": "32.99",
        "200504": "27.65",
        "200505": "25.89",
        "200506": "26.23",
        "200507": "28.86",
        "200508": "26.08",
        "200509": "24.78",
        "200510": "24.29",
        "200511": "25.13",
        "200512": "40.82",
        "200601": "45.04",
        "200602": "42.34",
        "200603": "45.02",
        "200604": "47.22",
        "200605": "45.30",
        "200606": "41.27",
        "200607": "43.56",
        "200608": "42.63",
        "200609": "43.80",
        "200610": "50.26",
        "200611": "48.39",
        "200612": "50.97",
        "200701": "56.00",
        "200702": "58.06",
        "200703": "56.17",
        "200704": "56.73",
        "200705": "55.03",
        "200706": "59.41",
        "200707": "74.07",
        "200708": "76.33",
        "200709": "71.12",
        "200710": "64.14",
        "200711": "50.24",
        "200712": "46.19",
        "200801": "41.83",
        "200802": "39.62",
        "200803": "44.62",
        "200804": "49.20",
        "200805": "47.42",
        "200806": "39.50",
        "200807": "35.20",
        "200808": "31.57",
        "200809": "23.02",
        "200810": "19.21",
        "200811": "16.49",
        "200812": "15.98",
        "200901": "17.47",
        "200902": "18.24",
        "200903": "20.70",
        "200904": "24.16",
        "200905": "26.15",
        "200906": "23.71",
        "200907": "24.80",
        "200908": "23.98",
        "200909": "23.93",
        "200910": "23.93",
        "200911": "26.00",
        "200912": "28.35",
        "201001": "28.58",
        "201002": "25.36",
        "201003": "27.05",
        "201004": "28.55",
        "201005": "25.77",
        "201006": "25.21",
        "201007": "26.25",
        "201008": "25.96",
        "201009": "27.09",
        "201010": "27.68",
        "201011": "27.81",
        "201012": "31.96",
        "201101": "33.71",
        "201102": "35.84",
        "201103": "36.16",
        "201104": "35.16",
        "201105": "32.53",
        "201106": "31.79",
        "201107": "29.05",
        "201108": "22.88",
        "201109": "22.50",
        "201110": "22.20",
        "201111": "20.63",
        "201112": "19.19",
        "201201": "19.85",
        "201202": "22.85",
        "201203": "23.40",
        "201204": "22.02",
        "201205": "20.89",
        "201206": "20.03",
        "201207": "19.51",
        "201208": "19.69",
        "201209": "23.72",
        "201210": "24.19",
        "201211": "24.30",
        "201212": "25.05",
        "201301": "26.01",
        "201302": "28.80",
        "201303": "31.52",
        "201304": "34.25",
        "201305": "34.34",
        "201306": "32.37",
        "201307": "36.41",
        "201308": "39.14",
        "201309": "39.08",
        "201310": "40.70",
        "201311": "41.17",
        "201312": "50.60",
        "201401": "56.48",
        "201402": "60.22",
        "201403": "67.14",
        "201404": "62.54",
        "201405": "60.37",
        "201406": "72.22",
        "201407": "70.70",
        "201408": "72.42",
        "201409": "77.85",
        "201410": "72.83",
        "201411": "69.85",
        "201412": "71.63",
        "201501": "73.61",
        "201502": "71.47",
        "201503": "73.11",
        "201504": "76.14",
        "201505": "75.84",
        "201506": "72.06",
        "201507": "57.95",
        "201508": "51.76",
        "201509": "59.06",
        "201510": "66.60",
        "201511": "68.44",
        "201512": "65.28",
        "201601": "62.53",
        "201602": "68.62",
        "201603": "76.00",
        "201604": "72.09",
        "201605": "66.65",
        "201606": "64.85",
        "201607": "67.18",
        "201608": "68.33",
        "201609": "62.83",
        "201610": "57.09",
        "201611": "56.40",
        "201612": "59.48",
        "201701": "56.68",
        "201702": "56.56",
        "201703": "57.89",
        "201704": "59.04",
        "201705": "57.38",
        "201706": "56.70",
        "201707": "57.43",
        "201708": "52.93",
        "201709": "51.85",
        "201710": "51.85",
        "201711": "52.29",
        "201712": "53.59",
        "201801": "52.74",
        "201802": "51.84",
        "201803": "57.45",
        "201804": "57.26",
        "201805": "58.42",
        "201806": "63.51",
        "201807": "63.77",
        "201808": "58.35",
        "201809": "57.21",
        "201810": "51.75",
        "201811": "51.32",
        "201812": "51.16",
        "201901": "52.09",
        "201902": "56.32",
        "201903": "58.26",
        "201904": "57.12",
        "201905": "56.95",
        "201906": "57.16",
        "201907": "56.46",
        "201908": "55.91",
        "201909": "57.03",
        "201910": "57.40",
        "201911": "58.25",
        "201912": "57.35",
        "202001": "57.59",
        "202002": "56.48",
        "202003": "52.64",
        "202004": "52.76",
        "202005": "53.96",
        "202006": "56.00",
        "202007": "57.16",
        "202008": "53.07",
        "202009": "52.03",
        "202010": "51.30",
        "202011": "51.15",
        "202012": "51.37",
        "202101": "51.08",
        "202102": "51.86",
        "202103": "53.06",
        "202104": "55.89",
        "202105": "54.62",
        "202106": "55.29",
        "202107": "55.07",
        "202108": "50.51",
        "202109": "49.89",
        "202110": "51.36",
        "202111": "53.43",
        "202112": "53.57",
        "202201": "56.56",
        "202202": "65.14",
        "202203": "58.67",
        "202204": "60.49",
        "202205": "59.19",
        "202206": "59.50",
        "202207": "63.22",
        "202208": "57.77",
        "202209": "56.20",
        "202210": "51.08",
        "202211": "55.70",
        "202212": "58.38",
        "202301": "59.95",
        "202302": "62.89",
        "202303": "75.83",
        "202304": "77.08",
        "202305": "77.38",
        "202306": "81.28",
        "202307": "92.64",
        "202308": "100.15",
        "202309": "92.70",
        "202310": "82.72",
        "202311": "85.12",
        "202312": "88.26"
    },
    "quarters": {
        "20011": {
            "year_quarter": 20011,
            "year": 2001,
            "quarter": 1,
            "eps": null,
            "eps_growth_year": null,
            "eps_4q": null,
            "eps_4q_growth_year": null,
            "roe": null,
            "roe_4q": 0,
            "gross_profit": null,
            "gross_margin": null,
            "gross_margin_4q_avg": 0,
            "net_income": null,
            "net_income_4q": null,
            "revenue": null,
            "revenue_4q": null,
            "common_shares": null,
            "book_valuer_per_share": null,
            "book_valuer_per_share_4q_avg": 0,
            "equity": null,
            "current_ratio": null,
            "debt_ratio": null,
            "inventory_turnover_ratio": null,
            "account_receivable_turnover_ratio": null,
            "reinvestment_rate": null,
            "research_to_sale_ratio": null,
            "price_fair": 0,
            "eps_avg_yearly": 0,
            "eps_latest_yearly": 0,
            "eps_growth_yearly": 0
        },
        "20012": {
            "year_quarter": 20012,
            "year": 2001,
            "quarter": 2,
            "eps": null,
            "eps_growth_year": null,
            "eps_4q": null,
            "eps_4q_growth_year": null,
            "roe": null,
            "roe_4q": 0,
            "gross_profit": null,
            "gross_margin": null,
            "gross_margin_4q_avg": 0,
            "net_income": null,
            "net_income_4q": null,
            "revenue": null,
            "revenue_4q": null,
            "common_shares": null,
            "book_valuer_per_share": null,
            "book_valuer_per_share_4q_avg": 0,
            "equity": null,
            "current_ratio": null,
            "debt_ratio": null,
            "inventory_turnover_ratio": null,
            "account_receivable_turnover_ratio": null,
            "reinvestment_rate": null,
            "research_to_sale_ratio": null,
            "price_fair": 0,
            "eps_avg_yearly": 0,
            "eps_latest_yearly": 0,
            "eps_growth_yearly": 0
        },
        "20013": {
            "year_quarter": 20013,
            "year": 2001,
            "quarter": 3,
            "eps": null,
            "eps_growth_year": null,
            "eps_4q": null,
            "eps_4q_growth_year": null,
            "roe": null,
            "roe_4q": 0,
            "gross_profit": null,
            "gross_margin": null,
            "gross_margin_4q_avg": 0,
            "net_income": null,
            "net_income_4q": null,
            "revenue": null,
            "revenue_4q": null,
            "common_shares": null,
            "book_valuer_per_share": null,
            "book_valuer_per_share_4q_avg": 0,
            "equity": null,
            "current_ratio": null,
            "debt_ratio": null,
            "inventory_turnover_ratio": null,
            "account_receivable_turnover_ratio": null,
            "reinvestment_rate": null,
            "research_to_sale_ratio": null,
            "price_fair": 0,
            "eps_avg_yearly": 0,
            "eps_latest_yearly": 0,
            "eps_growth_yearly": 0
        },
        "20014": {
            "year_quarter": 20014,
            "year": 2001,
            "quarter": 4,
            "eps": null,
            "eps_growth_year": null,
            "eps_4q": null,
            "eps_4q_growth_year": null,
            "roe": null,
            "roe_4q": 0,
            "gross_profit": null,
            "gross_margin": null,
            "gross_margin_4q_avg": 0,
            "net_income": null,
            "net_income_4q": null,
            "revenue": null,
            "revenue_4q": null,
            "common_shares": 372569,
            "book_valuer_per_share": 13.16,
            "book_valuer_per_share_4q_avg": 3.29,
            "equity": 535173,
            "current_ratio": 383.54,
            "debt_ratio": 21.69,
            "inventory_turnover_ratio": null,
            "account_receivable_turnover_ratio": null,
            "reinvestment_rate": null,
            "research_to_sale_ratio": null,
            "price_fair": 0,
            "eps_avg_yearly": 0,
            "eps_latest_yearly": 0,
            "eps_growth_yearly": 0
        },
        "20021": {
            "year_quarter": 20021,
            "year": 2002,
            "quarter": 1,
            "eps": null,
            "eps_growth_year": null,
            "eps_4q": null,
            "eps_4q_growth_year": null,
            "roe": null,
            "roe_4q": 0,
            "gross_profit": null,
            "gross_margin": null,
            "gross_margin_4q_avg": 0,
            "net_income": null,
            "net_income_4q": null,
            "revenue": null,
            "revenue_4q": null,
            "common_shares": null,
            "book_valuer_per_share": null,
            "book_valuer_per_share_4q_avg": 3.29,
            "equity": null,
            "current_ratio": null,
            "debt_ratio": null,
            "inventory_turnover_ratio": null,
            "account_receivable_turnover_ratio": null,
            "reinvestment_rate": null,
            "research_to_sale_ratio": null,
            "price_fair": 0,
            "eps_avg_yearly": 0,
            "eps_latest_yearly": 0,
            "eps_growth_yearly": 0
        },
        "20022": {
            "year_quarter": 20022,
            "year": 2002,
            "quarter": 2,
            "eps": null,
            "eps_growth_year": null,
            "eps_4q": null,
            "eps_4q_growth_year": null,
            "roe": null,
            "roe_4q": 0,
            "gross_profit": null,
            "gross_margin": null,
            "gross_margin_4q_avg": 0,
            "net_income": null,
            "net_income_4q": null,
            "revenue": null,
            "revenue_4q": null,
            "common_shares": null,
            "book_valuer_per_share": null,
            "book_valuer_per_share_4q_avg": 3.29,
            "equity": null,
            "current_ratio": null,
            "debt_ratio": null,
            "inventory_turnover_ratio": null,
            "account_receivable_turnover_ratio": null,
            "reinvestment_rate": null,
            "research_to_sale_ratio": null,
            "price_fair": 0,
            "eps_avg_yearly": 0,
            "eps_latest_yearly": 0,
            "eps_growth_yearly": 0
        },
        "20023": {
            "year_quarter": 20023,
            "year": 2002,
            "quarter": 3,
            "eps": null,
            "eps_growth_year": null,
            "eps_4q": null,
            "eps_4q_growth_year": null,
            "roe": null,
            "roe_4q": 0,
            "gross_profit": null,
            "gross_margin": null,
            "gross_margin_4q_avg": 0,
            "net_income": null,
            "net_income_4q": null,
            "revenue": null,
            "revenue_4q": null,
            "common_shares": null,
            "book_valuer_per_share": null,
            "book_valuer_per_share_4q_avg": 3.29,
            "equity": null,
            "current_ratio": null,
            "debt_ratio": null,
            "inventory_turnover_ratio": null,
            "account_receivable_turnover_ratio": null,
            "reinvestment_rate": null,
            "research_to_sale_ratio": null,
            "price_fair": 0,
            "eps_avg_yearly": 0,
            "eps_latest_yearly": 0,
            "eps_growth_yearly": 0
        },
        "20024": {
            "year_quarter": 20024,
            "year": 2002,
            "quarter": 4,
            "eps": null,
            "eps_growth_year": null,
            "eps_4q": null,
            "eps_4q_growth_year": null,
            "roe": null,
            "roe_4q": 0,
            "gross_profit": null,
            "gross_margin": null,
            "gross_margin_4q_avg": 0,
            "net_income": null,
            "net_income_4q": null,
            "revenue": null,
            "revenue_4q": null,
            "common_shares": 378506,
            "book_valuer_per_share": 14.7,
            "book_valuer_per_share_4q_avg": 3.68,
            "equity": 556554,
            "current_ratio": 270.52,
            "debt_ratio": 27.54,
            "inventory_turnover_ratio": null,
            "account_receivable_turnover_ratio": null,
            "reinvestment_rate": null,
            "research_to_sale_ratio": null,
            "price_fair": 0,
            "eps_avg_yearly": 0,
            "eps_latest_yearly": 0,
            "eps_growth_yearly": 0
        },
        "20031": {
            "year_quarter": 20031,
            "year": 2003,
            "quarter": 1,
            "eps": null,
            "eps_growth_year": null,
            "eps_4q": null,
            "eps_4q_growth_year": null,
            "roe": null,
            "roe_4q": 0,
            "gross_profit": null,
            "gross_margin": null,
            "gross_margin_4q_avg": 0,
            "net_income": null,
            "net_income_4q": null,
            "revenue": null,
            "revenue_4q": null,
            "common_shares": null,
            "book_valuer_per_share": null,
            "book_valuer_per_share_4q_avg": 3.68,
            "equity": null,
            "current_ratio": null,
            "debt_ratio": null,
            "inventory_turnover_ratio": null,
            "account_receivable_turnover_ratio": null,
            "reinvestment_rate": null,
            "research_to_sale_ratio": null,
            "price_fair": 0,
            "eps_avg_yearly": 0,
            "eps_latest_yearly": 0,
            "eps_growth_yearly": 0
        },
        "20032": {
            "year_quarter": 20032,
            "year": 2003,
            "quarter": 2,
            "eps": null,
            "eps_growth_year": null,
            "eps_4q": null,
            "eps_4q_growth_year": null,
            "roe": null,
            "roe_4q": 0,
            "gross_profit": null,
            "gross_margin": null,
            "gross_margin_4q_avg": 0,
            "net_income": null,
            "net_income_4q": null,
            "revenue": null,
            "revenue_4q": null,
            "common_shares": null,
            "book_valuer_per_share": null,
            "book_valuer_per_share_4q_avg": 3.68,
            "equity": null,
            "current_ratio": null,
            "debt_ratio": null,
            "inventory_turnover_ratio": null,
            "account_receivable_turnover_ratio": null,
            "reinvestment_rate": null,
            "research_to_sale_ratio": null,
            "price_fair": 0,
            "eps_avg_yearly": 0,
            "eps_latest_yearly": 0,
            "eps_growth_yearly": 0
        },
        "20033": {
            "year_quarter": 20033,
            "year": 2003,
            "quarter": 3,
            "eps": 1.11,
            "eps_growth_year": null,
            "eps_4q": null,
            "eps_4q_growth_year": null,
            "roe": 7.36,
            "roe_4q": 7.36,
            "gross_profit": 100475,
            "gross_margin": 32.53,
            "gross_margin_4q_avg": 8.13,
            "net_income": 46682,
            "net_income_4q": null,
            "revenue": 308906,
            "revenue_4q": null,
            "common_shares": 419667,
            "book_valuer_per_share": 15.12,
            "book_valuer_per_share_4q_avg": 7.46,
            "equity": 634461,
            "current_ratio": 235.32,
            "debt_ratio": 29.62,
            "inventory_turnover_ratio": 1.32,
            "account_receivable_turnover_ratio": null,
            "reinvestment_rate": null,
            "research_to_sale_ratio": null,
            "price_fair": 0,
            "eps_avg_yearly": 0,
            "eps_latest_yearly": 0,
            "eps_growth_yearly": 0
        },
        "20034": {
            "year_quarter": 20034,
            "year": 2003,
            "quarter": 4,
            "eps": 0.98,
            "eps_growth_year": null,
            "eps_4q": null,
            "eps_4q_growth_year": null,
            "roe": 6.29,
            "roe_4q": 13.65,
            "gross_profit": 98990,
            "gross_margin": 33.67,
            "gross_margin_4q_avg": 16.55,
            "net_income": 41068,
            "net_income_4q": null,
            "revenue": 294041,
            "revenue_4q": null,
            "common_shares": 419667,
            "book_valuer_per_share": 16.02,
            "book_valuer_per_share_4q_avg": 7.79,
            "equity": 672117,
            "current_ratio": 340.3,
            "debt_ratio": 25.57,
            "inventory_turnover_ratio": 1.15,
            "account_receivable_turnover_ratio": null,
            "reinvestment_rate": null,
            "research_to_sale_ratio": null,
            "price_fair": 11.76,
            "eps_avg_yearly": 3.92,
            "eps_latest_yearly": 3.92,
            "eps_growth_yearly": -46.85
        },
        "20041": {
            "year_quarter": 20041,
            "year": 2004,
            "quarter": 1,
            "eps": 1.05,
            "eps_growth_year": null,
            "eps_4q": null,
            "eps_4q_growth_year": null,
            "roe": 6.4,
            "roe_4q": 20.05,
            "gross_profit": 109784,
            "gross_margin": 34.02,
            "gross_margin_4q_avg": 25.06,
            "net_income": 44256,
            "net_income_4q": null,
            "revenue": 322680,
            "revenue_4q": null,
            "common_shares": 419667,
            "book_valuer_per_share": 16.95,
            "book_valuer_per_share_4q_avg": 12.02,
            "equity": 711239,
            "current_ratio": 239.38,
            "debt_ratio": 28.44,
            "inventory_turnover_ratio": 1.16,
            "account_receivable_turnover_ratio": null,
            "reinvestment_rate": null,
            "research_to_sale_ratio": null,
            "price_fair": 12.18,
            "eps_avg_yearly": 4.06,
            "eps_latest_yearly": 4.2,
            "eps_growth_yearly": -9.14
        },
        "20042": {
            "year_quarter": 20042,
            "year": 2004,
            "quarter": 2,
            "eps": 1.08,
            "eps_growth_year": null,
            "eps_4q": 4.24,
            "eps_4q_growth_year": null,
            "roe": 6.4,
            "roe_4q": 26.45,
            "gross_profit": 119995,
            "gross_margin": 33.65,
            "gross_margin_4q_avg": 33.47,
            "net_income": 45123,
            "net_income_4q": null,
            "revenue": 356609,
            "revenue_4q": null,
            "common_shares": 419667,
            "book_valuer_per_share": 16.65,
            "book_valuer_per_share_4q_avg": 16.19,
            "equity": 698835,
            "current_ratio": 238.65,
            "debt_ratio": 28.92,
            "inventory_turnover_ratio": 1.32,
            "account_receivable_turnover_ratio": null,
            "reinvestment_rate": null,
            "research_to_sale_ratio": null,
            "price_fair": 12.44,
            "eps_avg_yearly": 4.15,
            "eps_latest_yearly": 4.32,
            "eps_growth_yearly": -2.28
        },
        "20043": {
            "year_quarter": 20043,
            "year": 2004,
            "quarter": 3,
            "eps": 1.21,
            "eps_growth_year": 9.01,
            "eps_4q": 3.84,
            "eps_4q_growth_year": null,
            "roe": 8.23,
            "roe_4q": 27.32,
            "gross_profit": 121629,
            "gross_margin": 34.74,
            "gross_margin_4q_avg": 34.02,
            "net_income": 60033,
            "net_income_4q": null,
            "revenue": 350081,
            "revenue_4q": null,
            "common_shares": 498000,
            "book_valuer_per_share": 15.27,
            "book_valuer_per_share_4q_avg": 16.22,
            "equity": 760360,
            "current_ratio": 244.41,
            "debt_ratio": 29.13,
            "inventory_turnover_ratio": 1.54,
            "account_receivable_turnover_ratio": null,
            "reinvestment_rate": null,
            "research_to_sale_ratio": null,
            "price_fair": 87.81,
            "eps_avg_yearly": 4.32,
            "eps_latest_yearly": 4.84,
            "eps_growth_yearly": 10.33
        },
        "20044": {
            "year_quarter": 20044,
            "year": 2004,
            "quarter": 4,
            "eps": 0.73,
            "eps_growth_year": -25.51,
            "eps_4q": 3.72,
            "eps_4q_growth_year": null,
            "roe": 4.68,
            "roe_4q": 25.71,
            "gross_profit": 130355,
            "gross_margin": 35.8,
            "gross_margin_4q_avg": 34.55,
            "net_income": 36425,
            "net_income_4q": null,
            "revenue": 364094,
            "revenue_4q": null,
            "common_shares": 498000,
            "book_valuer_per_share": 16,
            "book_valuer_per_share_4q_avg": 16.22,
            "equity": 797013,
            "current_ratio": 231.51,
            "debt_ratio": 32.17,
            "inventory_turnover_ratio": 1.42,
            "account_receivable_turnover_ratio": null,
            "reinvestment_rate": null,
            "research_to_sale_ratio": null,
            "price_fair": 12.12,
            "eps_avg_yearly": 4.04,
            "eps_latest_yearly": 2.92,
            "eps_growth_yearly": -23.48
        },
        "20051": {
            "year_quarter": 20051,
            "year": 2005,
            "quarter": 1,
            "eps": 0.58,
            "eps_growth_year": -44.76,
            "eps_4q": 3.39,
            "eps_4q_growth_year": null,
            "roe": 3.59,
            "roe_4q": 22.9,
            "gross_profit": 81368,
            "gross_margin": 31.35,
            "gross_margin_4q_avg": 33.89,
            "net_income": 29273,
            "net_income_4q": null,
            "revenue": 259577,
            "revenue_4q": null,
            "common_shares": 513000,
            "book_valuer_per_share": 16.26,
            "book_valuer_per_share_4q_avg": 16.05,
            "equity": 833947,
            "current_ratio": 228.8,
            "debt_ratio": 25.66,
            "inventory_turnover_ratio": 0.93,
            "account_receivable_turnover_ratio": null,
            "reinvestment_rate": null,
            "research_to_sale_ratio": null,
            "price_fair": 11.26,
            "eps_avg_yearly": 3.75,
            "eps_latest_yearly": 2.32,
            "eps_growth_yearly": -33.26
        },
        "20052": {
            "year_quarter": 20052,
            "year": 2005,
            "quarter": 2,
            "eps": 0.27,
            "eps_growth_year": -75,
            "eps_4q": 2.7,
            "eps_4q_growth_year": -36.35,
            "roe": 1.79,
            "roe_4q": 18.29,
            "gross_profit": 103239,
            "gross_margin": 30.45,
            "gross_margin_4q_avg": 33.09,
            "net_income": 13978,
            "net_income_4q": null,
            "revenue": 339080,
            "revenue_4q": null,
            "common_shares": 513000,
            "book_valuer_per_share": 14.24,
            "book_valuer_per_share_4q_avg": 15.44,
            "equity": 730528,
            "current_ratio": 163.97,
            "debt_ratio": 35.12,
            "inventory_turnover_ratio": 1.4,
            "account_receivable_turnover_ratio": null,
            "reinvestment_rate": null,
            "research_to_sale_ratio": null,
            "price_fair": 10.11,
            "eps_avg_yearly": 3.37,
            "eps_latest_yearly": 1.08,
            "eps_growth_yearly": -59.05
        },
        "20053": {
            "year_quarter": 20053,
            "year": 2005,
            "quarter": 3,
            "eps": 0.86,
            "eps_growth_year": -28.93,
            "eps_4q": 2.41,
            "eps_4q_growth_year": -37.29,
            "roe": 5.43,
            "roe_4q": 15.489999999999998,
            "gross_profit": 102384,
            "gross_margin": 30.65,
            "gross_margin_4q_avg": 32.06,
            "net_income": 44276,
            "net_income_4q": null,
            "revenue": 334077,
            "revenue_4q": null,
            "common_shares": 554700,
            "book_valuer_per_share": 16.25,
            "book_valuer_per_share_4q_avg": 15.69,
            "equity": 901494,
            "current_ratio": 177.57,
            "debt_ratio": 31.66,
            "inventory_turnover_ratio": 1.35,
            "account_receivable_turnover_ratio": null,
            "reinvestment_rate": null,
            "research_to_sale_ratio": null,
            "price_fair": 118.3,
            "eps_avg_yearly": 3.38,
            "eps_latest_yearly": 3.44,
            "eps_growth_yearly": 57.59
        },
        "20054": {
            "year_quarter": 20054,
            "year": 2005,
            "quarter": 4,
            "eps": 1.66,
            "eps_growth_year": 127.4,
            "eps_4q": 3.2,
            "eps_4q_growth_year": -14.01,
            "roe": 9.93,
            "roe_4q": 20.74,
            "gross_profit": 165174,
            "gross_margin": 33.63,
            "gross_margin_4q_avg": 31.52,
            "net_income": 94180,
            "net_income_4q": null,
            "revenue": 491222,
            "revenue_4q": null,
            "common_shares": 600748,
            "book_valuer_per_share": 16.54,
            "book_valuer_per_share_4q_avg": 15.82,
            "equity": 996086,
            "current_ratio": 263.11,
            "debt_ratio": 31.94,
            "inventory_turnover_ratio": 1.36,
            "account_receivable_turnover_ratio": null,
            "reinvestment_rate": null,
            "research_to_sale_ratio": null,
            "price_fair": 130.98,
            "eps_avg_yearly": 3.74,
            "eps_latest_yearly": 6.64,
            "eps_growth_yearly": 92.53
        },
        "20061": {
            "year_quarter": 20061,
            "year": 2006,
            "quarter": 1,
            "eps": 1.34,
            "eps_growth_year": 131.03,
            "eps_4q": 3.87,
            "eps_4q_growth_year": 14.38,
            "roe": 7.79,
            "roe_4q": 24.939999999999998,
            "gross_profit": 140895,
            "gross_margin": 31.68,
            "gross_margin_4q_avg": 31.6,
            "net_income": 80673,
            "net_income_4q": null,
            "revenue": 444749,
            "revenue_4q": null,
            "common_shares": 602698,
            "book_valuer_per_share": 17.84,
            "book_valuer_per_share_4q_avg": 16.22,
            "equity": 1074945,
            "current_ratio": 259.62,
            "debt_ratio": 24.97,
            "inventory_turnover_ratio": 1.14,
            "account_receivable_turnover_ratio": null,
            "reinvestment_rate": null,
            "research_to_sale_ratio": null,
            "price_fair": 136.64,
            "eps_avg_yearly": 3.9,
            "eps_latest_yearly": 5.36,
            "eps_growth_yearly": 75.57
        },
        "20062": {
            "year_quarter": 20062,
            "year": 2006,
            "quarter": 2,
            "eps": 1.34,
            "eps_growth_year": 396.3,
            "eps_4q": 4.77,
            "eps_4q_growth_year": 76.66,
            "roe": 8.1,
            "roe_4q": 31.25,
            "gross_profit": 155413,
            "gross_margin": 32.86,
            "gross_margin_4q_avg": 32.21,
            "net_income": 85674,
            "net_income_4q": null,
            "revenue": 472956,
            "revenue_4q": null,
            "common_shares": 614823,
            "book_valuer_per_share": 16.93,
            "book_valuer_per_share_4q_avg": 16.89,
            "equity": 1040905,
            "current_ratio": 199.54,
            "debt_ratio": 31.47,
            "inventory_turnover_ratio": 1.24,
            "account_receivable_turnover_ratio": null,
            "reinvestment_rate": null,
            "research_to_sale_ratio": null,
            "price_fair": 141.27,
            "eps_avg_yearly": 4.04,
            "eps_latest_yearly": 5.36,
            "eps_growth_yearly": 68.7
        },
        "20063": {
            "year_quarter": 20063,
            "year": 2006,
            "quarter": 3,
            "eps": 1.59,
            "eps_growth_year": 84.88,
            "eps_4q": 5.62,
            "eps_4q_growth_year": 133.62,
            "roe": 9.3,
            "roe_4q": 35.12,
            "gross_profit": 154052,
            "gross_margin": 32.59,
            "gross_margin_4q_avg": 32.69,
            "net_income": 102672,
            "net_income_4q": null,
            "revenue": 472735,
            "revenue_4q": null,
            "common_shares": 663478,
            "book_valuer_per_share": 17.58,
            "book_valuer_per_share_4q_avg": 17.22,
            "equity": 1166532,
            "current_ratio": 233.11,
            "debt_ratio": 27.38,
            "inventory_turnover_ratio": 1.14,
            "account_receivable_turnover_ratio": null,
            "reinvestment_rate": null,
            "research_to_sale_ratio": null,
            "price_fair": 148.05,
            "eps_avg_yearly": 4.23,
            "eps_latest_yearly": 6.36,
            "eps_growth_yearly": 69.19
        },
        "20064": {
            "year_quarter": 20064,
            "year": 2006,
            "quarter": 4,
            "eps": 1.01,
            "eps_growth_year": -39.16,
            "eps_4q": 5.15,
            "eps_4q_growth_year": 60.91,
            "roe": 5.46,
            "roe_4q": 30.65,
            "gross_profit": 122127,
            "gross_margin": 32.76,
            "gross_margin_4q_avg": 32.47,
            "net_income": 65576,
            "net_income_4q": null,
            "revenue": 372783,
            "revenue_4q": null,
            "common_shares": 668191,
            "book_valuer_per_share": 18.47,
            "book_valuer_per_share_4q_avg": 17.71,
            "equity": 1234305,
            "current_ratio": 308.82,
            "debt_ratio": 27.38,
            "inventory_turnover_ratio": 0.74,
            "account_receivable_turnover_ratio": null,
            "reinvestment_rate": null,
            "research_to_sale_ratio": null,
            "price_fair": 147.54,
            "eps_avg_yearly": 4.22,
            "eps_latest_yearly": 4.04,
            "eps_growth_yearly": 52.65
        },
        "20071": {
            "year_quarter": 20071,
            "year": 2007,
            "quarter": 1,
            "eps": 0.95,
            "eps_growth_year": -29.1,
            "eps_4q": 4.75,
            "eps_4q_growth_year": 22.76,
            "roe": 5,
            "roe_4q": 27.86,
            "gross_profit": 118534,
            "gross_margin": 31.54,
            "gross_margin_4q_avg": 32.44,
            "net_income": 63429,
            "net_income_4q": null,
            "revenue": 375805,
            "revenue_4q": null,
            "common_shares": 668791,
            "book_valuer_per_share": 19.49,
            "book_valuer_per_share_4q_avg": 18.12,
            "equity": 1303178,
            "current_ratio": 263.68,
            "debt_ratio": 24.56,
            "inventory_turnover_ratio": 0.7,
            "account_receivable_turnover_ratio": null,
            "reinvestment_rate": null,
            "research_to_sale_ratio": null,
            "price_fair": 146.5,
            "eps_avg_yearly": 4.19,
            "eps_latest_yearly": 3.8,
            "eps_growth_yearly": 47.19
        },
        "20072": {
            "year_quarter": 20072,
            "year": 2007,
            "quarter": 2,
            "eps": 1.11,
            "eps_growth_year": -17.16,
            "eps_4q": 4.34,
            "eps_4q_growth_year": -8.97,
            "roe": 6.55,
            "roe_4q": 26.310000000000002,
            "gross_profit": 145376,
            "gross_margin": 33.94,
            "gross_margin_4q_avg": 32.71,
            "net_income": 79626,
            "net_income_4q": null,
            "revenue": 428364,
            "revenue_4q": null,
            "common_shares": 668791,
            "book_valuer_per_share": 16.85,
            "book_valuer_per_share_4q_avg": 18.1,
            "equity": 1126596,
            "current_ratio": 174.91,
            "debt_ratio": 35.95,
            "inventory_turnover_ratio": 0.83,
            "account_receivable_turnover_ratio": null,
            "reinvestment_rate": 27.84,
            "research_to_sale_ratio": null,
            "price_fair": 147.09,
            "eps_avg_yearly": 4.2,
            "eps_latest_yearly": 4.44,
            "eps_growth_yearly": 48.53
        },
        "20073": {
            "year_quarter": 20073,
            "year": 2007,
            "quarter": 3,
            "eps": 1.3,
            "eps_growth_year": -18.24,
            "eps_4q": 4.22,
            "eps_4q_growth_year": -24.96,
            "roe": 7.89,
            "roe_4q": 24.9,
            "gross_profit": 160400,
            "gross_margin": 32.44,
            "gross_margin_4q_avg": 32.67,
            "net_income": 92857,
            "net_income_4q": null,
            "revenue": 494398,
            "revenue_4q": null,
            "common_shares": 721980,
            "book_valuer_per_share": 16.98,
            "book_valuer_per_share_4q_avg": 17.95,
            "equity": 1226218,
            "current_ratio": 227.57,
            "debt_ratio": 26.41,
            "inventory_turnover_ratio": 1.1,
            "account_receivable_turnover_ratio": null,
            "reinvestment_rate": 17.88,
            "research_to_sale_ratio": null,
            "price_fair": 149.28,
            "eps_avg_yearly": 4.27,
            "eps_latest_yearly": 5.2,
            "eps_growth_yearly": 49.78
        },
        "20074": {
            "year_quarter": 20074,
            "year": 2007,
            "quarter": 4,
            "eps": 0.82,
            "eps_growth_year": -18.81,
            "eps_4q": 4.11,
            "eps_4q_growth_year": -20.26,
            "roe": 4.84,
            "roe_4q": 24.28,
            "gross_profit": 150152,
            "gross_margin": 34.32,
            "gross_margin_4q_avg": 33.06,
            "net_income": 58814,
            "net_income_4q": null,
            "revenue": 437500,
            "revenue_4q": null,
            "common_shares": 721980,
            "book_valuer_per_share": 16.57,
            "book_valuer_per_share_4q_avg": 17.47,
            "equity": 1202510,
            "current_ratio": 317.71,
            "debt_ratio": 26.25,
            "inventory_turnover_ratio": 0.86,
            "account_receivable_turnover_ratio": null,
            "reinvestment_rate": 21.04,
            "research_to_sale_ratio": null,
            "price_fair": 147.88,
            "eps_avg_yearly": 4.23,
            "eps_latest_yearly": 3.28,
            "eps_growth_yearly": 43.48
        },
        "20081": {
            "year_quarter": 20081,
            "year": 2008,
            "quarter": 1,
            "eps": 0.86,
            "eps_growth_year": -9.47,
            "eps_4q": 4.33,
            "eps_4q_growth_year": -8.95,
            "roe": 4.85,
            "roe_4q": 24.13,
            "gross_profit": 279406,
            "gross_margin": 40.5,
            "gross_margin_4q_avg": 35.3,
            "net_income": 57736,
            "net_income_4q": null,
            "revenue": 689950,
            "revenue_4q": null,
            "common_shares": 727925,
            "book_valuer_per_share": 16.11,
            "book_valuer_per_share_4q_avg": 16.63,
            "equity": 1177512,
            "current_ratio": 277.63,
            "debt_ratio": 29.59,
            "inventory_turnover_ratio": 1.03,
            "account_receivable_turnover_ratio": null,
            "reinvestment_rate": 21.54,
            "research_to_sale_ratio": null,
            "price_fair": 146.21,
            "eps_avg_yearly": 4.18,
            "eps_latest_yearly": 3.44,
            "eps_growth_yearly": 42.91
        },
        "20082": {
            "year_quarter": 20082,
            "year": 2008,
            "quarter": 2,
            "eps": 0.71,
            "eps_growth_year": -36.04,
            "eps_4q": 3.51,
            "eps_4q_growth_year": -19.11,
            "roe": 4.68,
            "roe_4q": 22.259999999999998,
            "gross_profit": 261076,
            "gross_margin": 38.13,
            "gross_margin_4q_avg": 36.35,
            "net_income": 53165,
            "net_income_4q": null,
            "revenue": 684731,
            "revenue_4q": null,
            "common_shares": 728300,
            "book_valuer_per_share": 14.93,
            "book_valuer_per_share_4q_avg": 16.15,
            "equity": 1092290,
            "current_ratio": 218,
            "debt_ratio": 37.96,
            "inventory_turnover_ratio": 1.08,
            "account_receivable_turnover_ratio": null,
            "reinvestment_rate": 20.58,
            "research_to_sale_ratio": null,
            "price_fair": 142.98,
            "eps_avg_yearly": 4.09,
            "eps_latest_yearly": 2.84,
            "eps_growth_yearly": 37.84
        },
        "20083": {
            "year_quarter": 20083,
            "year": 2008,
            "quarter": 3,
            "eps": 0.73,
            "eps_growth_year": -43.85,
            "eps_4q": 3.06,
            "eps_4q_growth_year": -27.54,
            "roe": 4.74,
            "roe_4q": 19.11,
            "gross_profit": 235987,
            "gross_margin": 38.79,
            "gross_margin_4q_avg": 37.94,
            "net_income": 53406,
            "net_income_4q": null,
            "revenue": 608326,
            "revenue_4q": null,
            "common_shares": 763608,
            "book_valuer_per_share": 15.07,
            "book_valuer_per_share_4q_avg": 15.67,
            "equity": 1161744,
            "current_ratio": 320.74,
            "debt_ratio": 26.3,
            "inventory_turnover_ratio": 1.01,
            "account_receivable_turnover_ratio": null,
            "reinvestment_rate": 20.05,
            "research_to_sale_ratio": null,
            "price_fair": 138.78,
            "eps_avg_yearly": 3.97,
            "eps_latest_yearly": 2.92,
            "eps_growth_yearly": 35.53
        },
        "20084": {
            "year_quarter": 20084,
            "year": 2008,
            "quarter": 4,
            "eps": 0.45,
            "eps_growth_year": -45.12,
            "eps_4q": 2.77,
            "eps_4q_growth_year": -32.59,
            "roe": 2.73,
            "roe_4q": 17,
            "gross_profit": 205500,
            "gross_margin": 36.71,
            "gross_margin_4q_avg": 38.53,
            "net_income": 32240,
            "net_income_4q": null,
            "revenue": 559748,
            "revenue_4q": null,
            "common_shares": 763608,
            "book_valuer_per_share": 15.59,
            "book_valuer_per_share_4q_avg": 15.43,
            "equity": 1202351,
            "current_ratio": 316.48,
            "debt_ratio": 26.13,
            "inventory_turnover_ratio": 1,
            "account_receivable_turnover_ratio": 3.33,
            "reinvestment_rate": 13.33,
            "research_to_sale_ratio": null,
            "price_fair": 136.33,
            "eps_avg_yearly": 3.9,
            "eps_latest_yearly": 1.8,
            "eps_growth_yearly": 35.86
        },
        "20091": {
            "year_quarter": 20091,
            "year": 2009,
            "quarter": 1,
            "eps": 0.74,
            "eps_growth_year": -13.95,
            "eps_4q": 2.59,
            "eps_4q_growth_year": -40.25,
            "roe": 4.52,
            "roe_4q": 16.67,
            "gross_profit": 256292,
            "gross_margin": 39.04,
            "gross_margin_4q_avg": 38.17,
            "net_income": 55783,
            "net_income_4q": null,
            "revenue": 656509,
            "revenue_4q": null,
            "common_shares": 763608,
            "book_valuer_per_share": 16.42,
            "book_valuer_per_share_4q_avg": 15.5,
            "equity": 1265199,
            "current_ratio": 383.1,
            "debt_ratio": 20.86,
            "inventory_turnover_ratio": 1.13,
            "account_receivable_turnover_ratio": 2.08,
            "reinvestment_rate": 12.78,
            "research_to_sale_ratio": null,
            "price_fair": 137.73,
            "eps_avg_yearly": 3.94,
            "eps_latest_yearly": 2.96,
            "eps_growth_yearly": 57.11
        },
        "20092": {
            "year_quarter": 20092,
            "year": 2009,
            "quarter": 2,
            "eps": 0.15,
            "eps_growth_year": -78.87,
            "eps_4q": 2.22,
            "eps_4q_growth_year": -36.84,
            "roe": 0.87,
            "roe_4q": 12.86,
            "gross_profit": 163798,
            "gross_margin": 36.84,
            "gross_margin_4q_avg": 37.85,
            "net_income": 10465,
            "net_income_4q": null,
            "revenue": 444568,
            "revenue_4q": null,
            "common_shares": 763608,
            "book_valuer_per_share": 14.88,
            "book_valuer_per_share_4q_avg": 15.49,
            "equity": 1146909,
            "current_ratio": 252.41,
            "debt_ratio": 31.73,
            "inventory_turnover_ratio": 0.84,
            "account_receivable_turnover_ratio": 1.67,
            "reinvestment_rate": 12.25,
            "research_to_sale_ratio": null,
            "price_fair": 136.68,
            "eps_avg_yearly": 3.91,
            "eps_latest_yearly": 0.6,
            "eps_growth_yearly": 50.54
        },
        "20093": {
            "year_quarter": 20093,
            "year": 2009,
            "quarter": 3,
            "eps": 0.26,
            "eps_growth_year": -64.38,
            "eps_4q": 1.68,
            "eps_4q_growth_year": -45.07,
            "roe": 1.62,
            "roe_4q": 9.74,
            "gross_profit": 180288,
            "gross_margin": 36.04,
            "gross_margin_4q_avg": 37.16,
            "net_income": 18717,
            "net_income_4q": null,
            "revenue": 500257,
            "revenue_4q": null,
            "common_shares": 788320,
            "book_valuer_per_share": 14.61,
            "book_valuer_per_share_4q_avg": 15.38,
            "equity": 1158941,
            "current_ratio": 319.27,
            "debt_ratio": 24.93,
            "inventory_turnover_ratio": 1,
            "account_receivable_turnover_ratio": 1.96,
            "reinvestment_rate": 11.83,
            "research_to_sale_ratio": null,
            "price_fair": 91.03,
            "eps_avg_yearly": 3.76,
            "eps_latest_yearly": 1.04,
            "eps_growth_yearly": 14.24
        },
        "20094": {
            "year_quarter": 20094,
            "year": 2009,
            "quarter": 4,
            "eps": 0.38,
            "eps_growth_year": -15.56,
            "eps_4q": 1.51,
            "eps_4q_growth_year": -45.48,
            "roe": 2.51,
            "roe_4q": 9.52,
            "gross_profit": 186347,
            "gross_margin": 35.07,
            "gross_margin_4q_avg": 36.75,
            "net_income": 29474,
            "net_income_4q": null,
            "revenue": 531286,
            "revenue_4q": null,
            "common_shares": 788320,
            "book_valuer_per_share": 15.22,
            "book_valuer_per_share_4q_avg": 15.28,
            "equity": 1185166,
            "current_ratio": 310.15,
            "debt_ratio": 25.77,
            "inventory_turnover_ratio": 1.08,
            "account_receivable_turnover_ratio": 2.53,
            "reinvestment_rate": 69.67,
            "research_to_sale_ratio": null,
            "price_fair": 43.02,
            "eps_avg_yearly": 3.44,
            "eps_latest_yearly": 1.52,
            "eps_growth_yearly": 2.52
        },
        "20101": {
            "year_quarter": 20101,
            "year": 2010,
            "quarter": 1,
            "eps": 0.41,
            "eps_growth_year": -44.59,
            "eps_4q": 1.2,
            "eps_4q_growth_year": -53.7,
            "roe": 2.67,
            "roe_4q": 7.67,
            "gross_profit": 207143,
            "gross_margin": 36.52,
            "gross_margin_4q_avg": 36.12,
            "net_income": 32000,
            "net_income_4q": null,
            "revenue": 567126,
            "revenue_4q": null,
            "common_shares": 788320,
            "book_valuer_per_share": 15.48,
            "book_valuer_per_share_4q_avg": 15.05,
            "equity": 1208747,
            "current_ratio": 300.43,
            "debt_ratio": 26.68,
            "inventory_turnover_ratio": 1.05,
            "account_receivable_turnover_ratio": 1.53,
            "reinvestment_rate": 74.05,
            "research_to_sale_ratio": 9.19,
            "price_fair": 61.86,
            "eps_avg_yearly": 3.2,
            "eps_latest_yearly": 1.64,
            "eps_growth_yearly": 9.32
        },
        "20102": {
            "year_quarter": 20102,
            "year": 2010,
            "quarter": 2,
            "eps": 0.82,
            "eps_growth_year": 444.73,
            "eps_4q": 1.86,
            "eps_4q_growth_year": -15.97,
            "roe": 5.45,
            "roe_4q": 12.25,
            "gross_profit": 282613,
            "gross_margin": 37.92,
            "gross_margin_4q_avg": 36.39,
            "net_income": 64896,
            "net_income_4q": null,
            "revenue": 745352,
            "revenue_4q": null,
            "common_shares": 788320,
            "book_valuer_per_share": 14.97,
            "book_valuer_per_share_4q_avg": 15.07,
            "equity": 1170645,
            "current_ratio": 241.11,
            "debt_ratio": 33.58,
            "inventory_turnover_ratio": 1.19,
            "account_receivable_turnover_ratio": 1.63,
            "reinvestment_rate": 80.03,
            "research_to_sale_ratio": 7.49,
            "price_fair": 107.54,
            "eps_avg_yearly": 3.07,
            "eps_latest_yearly": 3.28,
            "eps_growth_yearly": 34.32
        },
        "20103": {
            "year_quarter": 20103,
            "year": 2010,
            "quarter": 3,
            "eps": 1.13,
            "eps_growth_year": 332.76,
            "eps_4q": 2.73,
            "eps_4q_growth_year": 62.49,
            "roe": 7.33,
            "roe_4q": 17.96,
            "gross_profit": 313075,
            "gross_margin": 38.77,
            "gross_margin_4q_avg": 37.07,
            "net_income": 88913,
            "net_income_4q": null,
            "revenue": 807454,
            "revenue_4q": null,
            "common_shares": 788320,
            "book_valuer_per_share": 16.07,
            "book_valuer_per_share_4q_avg": 15.44,
            "equity": 1255445,
            "current_ratio": 246.57,
            "debt_ratio": 33.37,
            "inventory_turnover_ratio": 1.11,
            "account_receivable_turnover_ratio": 1.33,
            "reinvestment_rate": 81.3,
            "research_to_sale_ratio": 7.48,
            "price_fair": 103.51,
            "eps_avg_yearly": 2.96,
            "eps_latest_yearly": 4.52,
            "eps_growth_yearly": 39.1
        },
        "20104": {
            "year_quarter": 20104,
            "year": 2010,
            "quarter": 4,
            "eps": 0.21,
            "eps_growth_year": -45.81,
            "eps_4q": 2.56,
            "eps_4q_growth_year": 69.24,
            "roe": 1.36,
            "roe_4q": 16.810000000000002,
            "gross_profit": 271337,
            "gross_margin": 37.21,
            "gross_margin_4q_avg": 37.61,
            "net_income": 17059,
            "net_income_4q": null,
            "revenue": 729172,
            "revenue_4q": null,
            "common_shares": 788320,
            "book_valuer_per_share": 15.92,
            "book_valuer_per_share_4q_avg": 15.61,
            "equity": 1248430,
            "current_ratio": 265.35,
            "debt_ratio": 31.39,
            "inventory_turnover_ratio": 0.92,
            "account_receivable_turnover_ratio": 1.34,
            "reinvestment_rate": 72.6,
            "research_to_sale_ratio": 9.15,
            "price_fair": 96.51,
            "eps_avg_yearly": 2.76,
            "eps_latest_yearly": 0.84,
            "eps_growth_yearly": 27.87
        },
        "20111": {
            "year_quarter": 20111,
            "year": 2011,
            "quarter": 1,
            "eps": 0.67,
            "eps_growth_year": 63.41,
            "eps_4q": 2.82,
            "eps_4q_growth_year": 135.38,
            "roe": 4.17,
            "roe_4q": 18.31,
            "gross_profit": 247046,
            "gross_margin": 34.97,
            "gross_margin_4q_avg": 37.22,
            "net_income": 53337,
            "net_income_4q": null,
            "revenue": 706472,
            "revenue_4q": null,
            "common_shares": 773430,
            "book_valuer_per_share": 16.7,
            "book_valuer_per_share_4q_avg": 15.92,
            "equity": 1310133,
            "current_ratio": 276.14,
            "debt_ratio": 30.67,
            "inventory_turnover_ratio": 0.87,
            "account_receivable_turnover_ratio": 1.76,
            "reinvestment_rate": 78.92,
            "research_to_sale_ratio": 9.71,
            "price_fair": 94.06,
            "eps_avg_yearly": 2.69,
            "eps_latest_yearly": 2.68,
            "eps_growth_yearly": 84.12
        },
        "20112": {
            "year_quarter": 20112,
            "year": 2011,
            "quarter": 2,
            "eps": 0.33,
            "eps_growth_year": -59.71,
            "eps_4q": 2.33,
            "eps_4q_growth_year": 25.08,
            "roe": 2.08,
            "roe_4q": 14.940000000000001,
            "gross_profit": 242428,
            "gross_margin": 33.03,
            "gross_margin_4q_avg": 36,
            "net_income": 25770,
            "net_income_4q": null,
            "revenue": 733957,
            "revenue_4q": null,
            "common_shares": 773430,
            "book_valuer_per_share": 14.69,
            "book_valuer_per_share_4q_avg": 15.85,
            "equity": 1167678,
            "current_ratio": 214.23,
            "debt_ratio": 39.27,
            "inventory_turnover_ratio": 0.88,
            "account_receivable_turnover_ratio": 1.76,
            "reinvestment_rate": 83.64,
            "research_to_sale_ratio": 10.02,
            "price_fair": 87.24,
            "eps_avg_yearly": 2.49,
            "eps_latest_yearly": 1.32,
            "eps_growth_yearly": 67.22
        },
        "20113": {
            "year_quarter": 20113,
            "year": 2011,
            "quarter": 3,
            "eps": 0.59,
            "eps_growth_year": -47.68,
            "eps_4q": 1.81,
            "eps_4q_growth_year": -33.85,
            "roe": 3.84,
            "roe_4q": 11.45,
            "gross_profit": 238105,
            "gross_margin": 34.11,
            "gross_margin_4q_avg": 34.83,
            "net_income": 45445,
            "net_income_4q": null,
            "revenue": 698017,
            "revenue_4q": null,
            "common_shares": 773430,
            "book_valuer_per_share": 15.35,
            "book_valuer_per_share_4q_avg": 15.67,
            "equity": 1196572,
            "current_ratio": 256.74,
            "debt_ratio": 32.65,
            "inventory_turnover_ratio": 0.81,
            "account_receivable_turnover_ratio": 1.38,
            "reinvestment_rate": 84.89,
            "research_to_sale_ratio": 10.35,
            "price_fair": 81.03,
            "eps_avg_yearly": 2.32,
            "eps_latest_yearly": 2.36,
            "eps_growth_yearly": 82.64
        },
        "20114": {
            "year_quarter": 20114,
            "year": 2011,
            "quarter": 4,
            "eps": 0.28,
            "eps_growth_year": 34.77,
            "eps_4q": 1.88,
            "eps_4q_growth_year": -26.58,
            "roe": 1.71,
            "roe_4q": 11.8,
            "gross_profit": 219963,
            "gross_margin": 35.28,
            "gross_margin_4q_avg": 34.35,
            "net_income": 20551,
            "net_income_4q": null,
            "revenue": 623453,
            "revenue_4q": null,
            "common_shares": 773430,
            "book_valuer_per_share": 15.57,
            "book_valuer_per_share_4q_avg": 15.58,
            "equity": 1211234,
            "current_ratio": 280.84,
            "debt_ratio": 32.13,
            "inventory_turnover_ratio": 0.77,
            "account_receivable_turnover_ratio": 1.22,
            "reinvestment_rate": 95.8,
            "research_to_sale_ratio": 10.57,
            "price_fair": 76.3,
            "eps_avg_yearly": 2.18,
            "eps_latest_yearly": 1.12,
            "eps_growth_yearly": 78.73
        },
        "20121": {
            "year_quarter": 20121,
            "year": 2012,
            "quarter": 1,
            "eps": 0.21,
            "eps_growth_year": -68.66,
            "eps_4q": 1.39,
            "eps_4q_growth_year": -50.52,
            "roe": 1.31,
            "roe_4q": 8.94,
            "gross_profit": 213042,
            "gross_margin": 36.78,
            "gross_margin_4q_avg": 34.8,
            "net_income": 16033,
            "net_income_4q": null,
            "revenue": 579260,
            "revenue_4q": null,
            "common_shares": 773430,
            "book_valuer_per_share": 15.84,
            "book_valuer_per_share_4q_avg": 15.36,
            "equity": 1244380,
            "current_ratio": 266.2,
            "debt_ratio": 33.34,
            "inventory_turnover_ratio": 0.75,
            "account_receivable_turnover_ratio": 1.38,
            "reinvestment_rate": 101.29,
            "research_to_sale_ratio": 12,
            "price_fair": 70.61,
            "eps_avg_yearly": 2.02,
            "eps_latest_yearly": 0.84,
            "eps_growth_yearly": 71.26
        },
        "20122": {
            "year_quarter": 20122,
            "year": 2012,
            "quarter": 2,
            "eps": 0.81,
            "eps_growth_year": 146.4,
            "eps_4q": 1.88,
            "eps_4q_growth_year": -19.48,
            "roe": 5.28,
            "roe_4q": 12.14,
            "gross_profit": 288393,
            "gross_margin": 37.77,
            "gross_margin_4q_avg": 35.99,
            "net_income": 64435,
            "net_income_4q": null,
            "revenue": 763623,
            "revenue_4q": null,
            "common_shares": 773430,
            "book_valuer_per_share": 15.18,
            "book_valuer_per_share_4q_avg": 15.49,
            "equity": 1197180,
            "current_ratio": 218.14,
            "debt_ratio": 39.9,
            "inventory_turnover_ratio": 1.01,
            "account_receivable_turnover_ratio": 1.81,
            "reinvestment_rate": 105.36,
            "research_to_sale_ratio": 9.49,
            "price_fair": 71.49,
            "eps_avg_yearly": 2.04,
            "eps_latest_yearly": 3.24,
            "eps_growth_yearly": 147.05
        },
        "20123": {
            "year_quarter": 20123,
            "year": 2012,
            "quarter": 3,
            "eps": 0.65,
            "eps_growth_year": 10.66,
            "eps_4q": 1.94,
            "eps_4q_growth_year": 7.71,
            "roe": 4.33,
            "roe_4q": 12.629999999999999,
            "gross_profit": 274182,
            "gross_margin": 39.24,
            "gross_margin_4q_avg": 37.27,
            "net_income": 52772,
            "net_income_4q": null,
            "revenue": 698706,
            "revenue_4q": null,
            "common_shares": 773430,
            "book_valuer_per_share": 15.78,
            "book_valuer_per_share_4q_avg": 15.59,
            "equity": 1242133,
            "current_ratio": 227.74,
            "debt_ratio": 38.49,
            "inventory_turnover_ratio": 0.82,
            "account_receivable_turnover_ratio": 1.53,
            "reinvestment_rate": 103.61,
            "research_to_sale_ratio": 9.42,
            "price_fair": 70.79,
            "eps_avg_yearly": 2.02,
            "eps_latest_yearly": 2.6,
            "eps_growth_yearly": 141.41
        },
        "20124": {
            "year_quarter": 20124,
            "year": 2012,
            "quarter": 4,
            "eps": 0.63,
            "eps_growth_year": 126.88,
            "eps_4q": 2.3,
            "eps_4q_growth_year": 22.58,
            "roe": 4.04,
            "roe_4q": 14.960000000000003,
            "gross_profit": 296888,
            "gross_margin": 39.03,
            "gross_margin_4q_avg": 38.21,
            "net_income": 51229,
            "net_income_4q": null,
            "revenue": 760674,
            "revenue_4q": null,
            "common_shares": 773430,
            "book_valuer_per_share": 16.42,
            "book_valuer_per_share_4q_avg": 15.81,
            "equity": 1294572,
            "current_ratio": 262.06,
            "debt_ratio": 33.51,
            "inventory_turnover_ratio": 0.82,
            "account_receivable_turnover_ratio": 1.62,
            "reinvestment_rate": 119.26,
            "research_to_sale_ratio": 8.62,
            "price_fair": 72.36,
            "eps_avg_yearly": 2.07,
            "eps_latest_yearly": 2.52,
            "eps_growth_yearly": 150.23
        },
        "20131": {
            "year_quarter": 20131,
            "year": 2013,
            "quarter": 1,
            "eps": 0.88,
            "eps_growth_year": 319.05,
            "eps_4q": 2.97,
            "eps_4q_growth_year": 112.81,
            "roe": 5.36,
            "roe_4q": 19.01,
            "gross_profit": 301192,
            "gross_margin": 37.18,
            "gross_margin_4q_avg": 38.31,
            "net_income": 70450,
            "net_income_4q": null,
            "revenue": 809989,
            "revenue_4q": null,
            "common_shares": 773430,
            "book_valuer_per_share": 16.89,
            "book_valuer_per_share_4q_avg": 16.07,
            "equity": 1332627,
            "current_ratio": 252.28,
            "debt_ratio": 36.57,
            "inventory_turnover_ratio": 0.88,
            "account_receivable_turnover_ratio": 1.61,
            "reinvestment_rate": 7.65,
            "research_to_sale_ratio": 9.15,
            "price_fair": 73.59,
            "eps_avg_yearly": 2.1,
            "eps_latest_yearly": 3.52,
            "eps_growth_yearly": 144.04
        },
        "20132": {
            "year_quarter": 20132,
            "year": 2013,
            "quarter": 2,
            "eps": 0.93,
            "eps_growth_year": 14.64,
            "eps_4q": 3.08,
            "eps_4q_growth_year": 64.28,
            "roe": 5.81,
            "roe_4q": 19.54,
            "gross_profit": 321630,
            "gross_margin": 37.57,
            "gross_margin_4q_avg": 38.26,
            "net_income": 75381,
            "net_income_4q": null,
            "revenue": 856039,
            "revenue_4q": null,
            "common_shares": 773430,
            "book_valuer_per_share": 15.92,
            "book_valuer_per_share_4q_avg": 16.25,
            "equity": 1261283,
            "current_ratio": 194.39,
            "debt_ratio": 45.87,
            "inventory_turnover_ratio": 0.76,
            "account_receivable_turnover_ratio": 1.85,
            "reinvestment_rate": 7.03,
            "research_to_sale_ratio": 8.62,
            "price_fair": 80.41,
            "eps_avg_yearly": 2.3,
            "eps_latest_yearly": 3.72,
            "eps_growth_yearly": 165.39
        },
        "20133": {
            "year_quarter": 20133,
            "year": 2013,
            "quarter": 3,
            "eps": 0.99,
            "eps_growth_year": 51.96,
            "eps_4q": 3.41,
            "eps_4q_growth_year": 75.44,
            "roe": 6.13,
            "roe_4q": 21.34,
            "gross_profit": 338551,
            "gross_margin": 32.72,
            "gross_margin_4q_avg": 36.63,
            "net_income": 79584,
            "net_income_4q": null,
            "revenue": 1034753,
            "revenue_4q": null,
            "common_shares": 773430,
            "book_valuer_per_share": 16.87,
            "book_valuer_per_share_4q_avg": 16.53,
            "equity": 1333801,
            "current_ratio": 237.06,
            "debt_ratio": 38.18,
            "inventory_turnover_ratio": 0.93,
            "account_receivable_turnover_ratio": 2.13,
            "reinvestment_rate": 7.97,
            "research_to_sale_ratio": 7.41,
            "price_fair": 86.8,
            "eps_avg_yearly": 2.48,
            "eps_latest_yearly": 3.96,
            "eps_growth_yearly": 148.67
        },
        "20134": {
            "year_quarter": 20134,
            "year": 2013,
            "quarter": 4,
            "eps": 0.68,
            "eps_growth_year": 8.27,
            "eps_4q": 3.46,
            "eps_4q_growth_year": 50.52,
            "roe": 4.13,
            "roe_4q": 21.43,
            "gross_profit": 331735,
            "gross_margin": 33.5,
            "gross_margin_4q_avg": 35.24,
            "net_income": 56473,
            "net_income_4q": null,
            "revenue": 990130,
            "revenue_4q": null,
            "common_shares": 776540,
            "book_valuer_per_share": 17.58,
            "book_valuer_per_share_4q_avg": 16.82,
            "equity": 1400511,
            "current_ratio": 260.27,
            "debt_ratio": 35.94,
            "inventory_turnover_ratio": 0.96,
            "account_receivable_turnover_ratio": 2.03,
            "reinvestment_rate": -62.23,
            "research_to_sale_ratio": 8.53,
            "price_fair": 89.43,
            "eps_avg_yearly": 2.56,
            "eps_latest_yearly": 2.72,
            "eps_growth_yearly": 129.3
        },
        "20141": {
            "year_quarter": 20141,
            "year": 2014,
            "quarter": 1,
            "eps": 1.35,
            "eps_growth_year": 53.41,
            "eps_4q": 3.92,
            "eps_4q_growth_year": 32.02,
            "roe": 7.43,
            "roe_4q": 23.499999999999996,
            "gross_profit": 387277,
            "gross_margin": 35.38,
            "gross_margin_4q_avg": 34.79,
            "net_income": 108855,
            "net_income_4q": null,
            "revenue": 1094581,
            "revenue_4q": null,
            "common_shares": 780740,
            "book_valuer_per_share": 19.07,
            "book_valuer_per_share_4q_avg": 17.36,
            "equity": 1528569,
            "current_ratio": 245.23,
            "debt_ratio": 38.18,
            "inventory_turnover_ratio": 0.95,
            "account_receivable_turnover_ratio": 2.19,
            "reinvestment_rate": -55.07,
            "research_to_sale_ratio": 8.02,
            "price_fair": 97.65,
            "eps_avg_yearly": 2.79,
            "eps_latest_yearly": 5.4,
            "eps_growth_yearly": 151.96
        },
        "20142": {
            "year_quarter": 20142,
            "year": 2014,
            "quarter": 2,
            "eps": 1.21,
            "eps_growth_year": 30.11,
            "eps_4q": 4.21,
            "eps_4q_growth_year": 36.62,
            "roe": 6.66,
            "roe_4q": 24.349999999999998,
            "gross_profit": 408873,
            "gross_margin": 36.13,
            "gross_margin_4q_avg": 34.43,
            "net_income": 97738,
            "net_income_4q": null,
            "revenue": 1131754,
            "revenue_4q": null,
            "common_shares": 780930,
            "book_valuer_per_share": 17.48,
            "book_valuer_per_share_4q_avg": 17.75,
            "equity": 1408087,
            "current_ratio": 209.82,
            "debt_ratio": 43.62,
            "inventory_turnover_ratio": 0.89,
            "account_receivable_turnover_ratio": 2.11,
            "reinvestment_rate": -58.39,
            "research_to_sale_ratio": 8.45,
            "price_fair": 101.06,
            "eps_avg_yearly": 2.89,
            "eps_latest_yearly": 4.84,
            "eps_growth_yearly": 124.37
        },
        "20143": {
            "year_quarter": 20143,
            "year": 2014,
            "quarter": 3,
            "eps": 1.27,
            "eps_growth_year": 28.28,
            "eps_4q": 4.5,
            "eps_4q_growth_year": 32.02,
            "roe": 7.12,
            "roe_4q": 25.34,
            "gross_profit": 366023,
            "gross_margin": 33.99,
            "gross_margin_4q_avg": 34.75,
            "net_income": 103566,
            "net_income_4q": null,
            "revenue": 1076888,
            "revenue_4q": null,
            "common_shares": 780930,
            "book_valuer_per_share": 18.8,
            "book_valuer_per_share_4q_avg": 18.23,
            "equity": 1502007,
            "current_ratio": 249.07,
            "debt_ratio": 37.66,
            "inventory_turnover_ratio": 0.9,
            "account_receivable_turnover_ratio": 1.99,
            "reinvestment_rate": -59.69,
            "research_to_sale_ratio": 8.56,
            "price_fair": 102.29,
            "eps_avg_yearly": 2.92,
            "eps_latest_yearly": 5.08,
            "eps_growth_yearly": 116.16
        },
        "20144": {
            "year_quarter": 20144,
            "year": 2014,
            "quarter": 4,
            "eps": 0.92,
            "eps_growth_year": 34.27,
            "eps_4q": 4.73,
            "eps_4q_growth_year": 36.61,
            "roe": 4.87,
            "roe_4q": 26.08,
            "gross_profit": 365256,
            "gross_margin": 34.27,
            "gross_margin_4q_avg": 34.94,
            "net_income": 75537,
            "net_income_4q": null,
            "revenue": 1065698,
            "revenue_4q": null,
            "common_shares": 783450,
            "book_valuer_per_share": 19.93,
            "book_valuer_per_share_4q_avg": 18.82,
            "equity": 1600042,
            "current_ratio": 251.42,
            "debt_ratio": 38.35,
            "inventory_turnover_ratio": 0.89,
            "account_receivable_turnover_ratio": 1.93,
            "reinvestment_rate": -53.59,
            "research_to_sale_ratio": 9.35,
            "price_fair": 108.5,
            "eps_avg_yearly": 3.1,
            "eps_latest_yearly": 3.68,
            "eps_growth_yearly": 129.62
        },
        "20151": {
            "year_quarter": 20151,
            "year": 2015,
            "quarter": 1,
            "eps": 1.13,
            "eps_growth_year": -16.3,
            "eps_4q": 4.47,
            "eps_4q_growth_year": 14.13,
            "roe": 5.63,
            "roe_4q": 24.28,
            "gross_profit": 399601,
            "gross_margin": 34.93,
            "gross_margin_4q_avg": 34.83,
            "net_income": 92462,
            "net_income_4q": null,
            "revenue": 1144162,
            "revenue_4q": null,
            "common_shares": 783450,
            "book_valuer_per_share": 20.87,
            "book_valuer_per_share_4q_avg": 19.27,
            "equity": 1686092,
            "current_ratio": 257.02,
            "debt_ratio": 37.36,
            "inventory_turnover_ratio": 0.93,
            "account_receivable_turnover_ratio": 1.99,
            "reinvestment_rate": -51.5,
            "research_to_sale_ratio": 8.2,
            "price_fair": 112.53,
            "eps_avg_yearly": 3.22,
            "eps_latest_yearly": 4.52,
            "eps_growth_yearly": 80.57
        },
        "20152": {
            "year_quarter": 20152,
            "year": 2015,
            "quarter": 2,
            "eps": 0.97,
            "eps_growth_year": -19.83,
            "eps_4q": 4.27,
            "eps_4q_growth_year": 1.45,
            "roe": 5.06,
            "roe_4q": 22.68,
            "gross_profit": 387759,
            "gross_margin": 37.72,
            "gross_margin_4q_avg": 35.23,
            "net_income": 79210,
            "net_income_4q": null,
            "revenue": 1027970,
            "revenue_4q": null,
            "common_shares": 788070,
            "book_valuer_per_share": 17.8,
            "book_valuer_per_share_4q_avg": 19.35,
            "equity": 1447362,
            "current_ratio": 189.95,
            "debt_ratio": 47.77,
            "inventory_turnover_ratio": 0.77,
            "account_receivable_turnover_ratio": 1.88,
            "reinvestment_rate": -37.1,
            "research_to_sale_ratio": 9.37,
            "price_fair": 118.13,
            "eps_avg_yearly": 3.38,
            "eps_latest_yearly": 3.88,
            "eps_growth_yearly": 89.71
        },
        "20153": {
            "year_quarter": 20153,
            "year": 2015,
            "quarter": 3,
            "eps": 1.9,
            "eps_growth_year": 49.61,
            "eps_4q": 4.88,
            "eps_4q_growth_year": 8.36,
            "roe": 10.08,
            "roe_4q": 25.64,
            "gross_profit": 448298,
            "gross_margin": 36.43,
            "gross_margin_4q_avg": 35.84,
            "net_income": 155247,
            "net_income_4q": null,
            "revenue": 1230720,
            "revenue_4q": null,
            "common_shares": 788070,
            "book_valuer_per_share": 20.16,
            "book_valuer_per_share_4q_avg": 19.69,
            "equity": 1633807,
            "current_ratio": 228.6,
            "debt_ratio": 41.41,
            "inventory_turnover_ratio": 0.85,
            "account_receivable_turnover_ratio": 2.16,
            "reinvestment_rate": -29.94,
            "research_to_sale_ratio": 8.92,
            "price_fair": 129.59,
            "eps_avg_yearly": 3.7,
            "eps_latest_yearly": 7.6,
            "eps_growth_yearly": 93.99
        },
        "20154": {
            "year_quarter": 20154,
            "year": 2015,
            "quarter": 4,
            "eps": 1.38,
            "eps_growth_year": 50.53,
            "eps_4q": 5.37,
            "eps_4q_growth_year": 13.48,
            "roe": 6.74,
            "roe_4q": 27.509999999999998,
            "gross_profit": 471057,
            "gross_margin": 33.94,
            "gross_margin_4q_avg": 35.76,
            "net_income": 113587,
            "net_income_4q": null,
            "revenue": 1388047,
            "revenue_4q": null,
            "common_shares": 790310,
            "book_valuer_per_share": 21.42,
            "book_valuer_per_share_4q_avg": 20.06,
            "equity": 1738214,
            "current_ratio": 228.87,
            "debt_ratio": 41.88,
            "inventory_turnover_ratio": 0.94,
            "account_receivable_turnover_ratio": 2.23,
            "reinvestment_rate": -34.45,
            "research_to_sale_ratio": 8.33,
            "price_fair": 139.21,
            "eps_avg_yearly": 3.98,
            "eps_latest_yearly": 5.52,
            "eps_growth_yearly": 100.28
        },
        "20161": {
            "year_quarter": 20161,
            "year": 2016,
            "quarter": 1,
            "eps": 1.35,
            "eps_growth_year": 19.47,
            "eps_4q": 5.59,
            "eps_4q_growth_year": 25.05,
            "roe": 6.17,
            "roe_4q": 28.05,
            "gross_profit": 464753,
            "gross_margin": 36.17,
            "gross_margin_4q_avg": 36.07,
            "net_income": 110602,
            "net_income_4q": null,
            "revenue": 1285046,
            "revenue_4q": null,
            "common_shares": 790310,
            "book_valuer_per_share": 22.73,
            "book_valuer_per_share_4q_avg": 20.53,
            "equity": 1845327,
            "current_ratio": 286.63,
            "debt_ratio": 34.97,
            "inventory_turnover_ratio": 0.9,
            "account_receivable_turnover_ratio": 2.32,
            "reinvestment_rate": -31.93,
            "research_to_sale_ratio": 9.01,
            "price_fair": 149.19,
            "eps_avg_yearly": 4.26,
            "eps_latest_yearly": 5.4,
            "eps_growth_yearly": 105.99
        },
        "20162": {
            "year_quarter": 20162,
            "year": 2016,
            "quarter": 2,
            "eps": 0.97,
            "eps_growth_year": 0,
            "eps_4q": 5.59,
            "eps_4q_growth_year": 30.77,
            "roe": 4.67,
            "roe_4q": 27.659999999999997,
            "gross_profit": 403300,
            "gross_margin": 37.96,
            "gross_margin_4q_avg": 36.13,
            "net_income": 80188,
            "net_income_4q": null,
            "revenue": 1062546,
            "revenue_4q": null,
            "common_shares": 790310,
            "book_valuer_per_share": 19.44,
            "book_valuer_per_share_4q_avg": 20.94,
            "equity": 1588585,
            "current_ratio": 205.48,
            "debt_ratio": 45.44,
            "inventory_turnover_ratio": 0.8,
            "account_receivable_turnover_ratio": 2.09,
            "reinvestment_rate": -33.69,
            "research_to_sale_ratio": 11.11,
            "price_fair": 150.59,
            "eps_avg_yearly": 4.3,
            "eps_latest_yearly": 3.88,
            "eps_growth_yearly": 27.52
        },
        "20163": {
            "year_quarter": 20163,
            "year": 2016,
            "quarter": 3,
            "eps": 1.15,
            "eps_growth_year": -39.47,
            "eps_4q": 4.85,
            "eps_4q_growth_year": -0.7,
            "roe": 5.87,
            "roe_4q": 23.450000000000003,
            "gross_profit": 448252,
            "gross_margin": 37.52,
            "gross_margin_4q_avg": 36.4,
            "net_income": 95002,
            "net_income_4q": null,
            "revenue": 1194704,
            "revenue_4q": null,
            "common_shares": 790310,
            "book_valuer_per_share": 20.44,
            "book_valuer_per_share_4q_avg": 21.01,
            "equity": 1650633,
            "current_ratio": 242.13,
            "debt_ratio": 39.7,
            "inventory_turnover_ratio": 0.96,
            "account_receivable_turnover_ratio": 2.13,
            "reinvestment_rate": -32.25,
            "research_to_sale_ratio": 10.1,
            "price_fair": 154.96,
            "eps_avg_yearly": 4.43,
            "eps_latest_yearly": 4.6,
            "eps_growth_yearly": 37.1
        },
        "20164": {
            "year_quarter": 20164,
            "year": 2016,
            "quarter": 4,
            "eps": 1.09,
            "eps_growth_year": -21.16,
            "eps_4q": 4.56,
            "eps_4q_growth_year": -15.11,
            "roe": 5.18,
            "roe_4q": 21.89,
            "gross_profit": 429141,
            "gross_margin": 36.84,
            "gross_margin_4q_avg": 37.12,
            "net_income": 89016,
            "net_income_4q": null,
            "revenue": 1164813,
            "revenue_4q": null,
            "common_shares": 790310,
            "book_valuer_per_share": 22.08,
            "book_valuer_per_share_4q_avg": 21.17,
            "equity": 1783608,
            "current_ratio": 286.12,
            "debt_ratio": 46.69,
            "inventory_turnover_ratio": 0.97,
            "account_receivable_turnover_ratio": 1.9,
            "reinvestment_rate": -39.72,
            "research_to_sale_ratio": 10.86,
            "price_fair": 158.99,
            "eps_avg_yearly": 4.54,
            "eps_latest_yearly": 4.36,
            "eps_growth_yearly": 36.56
        },
        "20171": {
            "year_quarter": 20171,
            "year": 2017,
            "quarter": 1,
            "eps": 0.35,
            "eps_growth_year": -74.07,
            "eps_4q": 3.56,
            "eps_4q_growth_year": -36.35,
            "roe": 1.7,
            "roe_4q": 17.42,
            "gross_profit": 381345,
            "gross_margin": 36.43,
            "gross_margin_4q_avg": 37.19,
            "net_income": 30257,
            "net_income_4q": null,
            "revenue": 1046832,
            "revenue_4q": null,
            "common_shares": 790310,
            "book_valuer_per_share": 22.08,
            "book_valuer_per_share_4q_avg": 21.01,
            "equity": 1784793,
            "current_ratio": 332.95,
            "debt_ratio": 43.33,
            "inventory_turnover_ratio": 0.82,
            "account_receivable_turnover_ratio": 1.76,
            "reinvestment_rate": 9.22,
            "research_to_sale_ratio": 11.53,
            "price_fair": 86.75,
            "eps_avg_yearly": 4.41,
            "eps_latest_yearly": 1.4,
            "eps_growth_yearly": 9.67
        },
        "20172": {
            "year_quarter": 20172,
            "year": 2017,
            "quarter": 2,
            "eps": 9.66,
            "eps_growth_year": 895.88,
            "eps_4q": 12.25,
            "eps_4q_growth_year": 119.29,
            "roe": 38.03,
            "roe_4q": 50.78,
            "gross_profit": 316644,
            "gross_margin": 33.13,
            "gross_margin_4q_avg": 35.98,
            "net_income": 763800,
            "net_income_4q": null,
            "revenue": 955825,
            "revenue_4q": null,
            "common_shares": 790310,
            "book_valuer_per_share": 28.24,
            "book_valuer_per_share_4q_avg": 23.21,
            "equity": 2231576,
            "current_ratio": 242.55,
            "debt_ratio": 39.41,
            "inventory_turnover_ratio": 0.81,
            "account_receivable_turnover_ratio": 1.79,
            "reinvestment_rate": 45.55,
            "research_to_sale_ratio": 10.34,
            "price_fair": 230.74,
            "eps_avg_yearly": 6.59,
            "eps_latest_yearly": 38.64,
            "eps_growth_yearly": 673.25
        },
        "20173": {
            "year_quarter": 20173,
            "year": 2017,
            "quarter": 3,
            "eps": 1.16,
            "eps_growth_year": 0.87,
            "eps_4q": 12.18,
            "eps_4q_growth_year": 151.28,
            "roe": 4,
            "roe_4q": 48.910000000000004,
            "gross_profit": 338387,
            "gross_margin": 32.73,
            "gross_margin_4q_avg": 34.78,
            "net_income": 91380,
            "net_income_4q": null,
            "revenue": 1033935,
            "revenue_4q": null,
            "common_shares": 790310,
            "book_valuer_per_share": 29.44,
            "book_valuer_per_share_4q_avg": 25.46,
            "equity": 2332626,
            "current_ratio": 308.26,
            "debt_ratio": 34.18,
            "inventory_turnover_ratio": 0.99,
            "account_receivable_turnover_ratio": 1.86,
            "reinvestment_rate": 44.84,
            "research_to_sale_ratio": 8.45,
            "price_fair": 232.23,
            "eps_avg_yearly": 6.64,
            "eps_latest_yearly": 4.64,
            "eps_growth_yearly": 649.64
        },
        "20174": {
            "year_quarter": 20174,
            "year": 2017,
            "quarter": 4,
            "eps": 0.55,
            "eps_growth_year": -49.62,
            "eps_4q": 11.66,
            "eps_4q_growth_year": 155.91,
            "roe": 1.85,
            "roe_4q": 45.580000000000005,
            "gross_profit": 323626,
            "gross_margin": 33.79,
            "gross_margin_4q_avg": 34.02,
            "net_income": 43477,
            "net_income_4q": null,
            "revenue": 957637,
            "revenue_4q": null,
            "common_shares": 793130,
            "book_valuer_per_share": 29.86,
            "book_valuer_per_share_4q_avg": 27.41,
            "equity": 2370197,
            "current_ratio": 182.26,
            "debt_ratio": 37.14,
            "inventory_turnover_ratio": 0.9,
            "account_receivable_turnover_ratio": 1.77,
            "reinvestment_rate": 47.68,
            "research_to_sale_ratio": 10.05,
            "price_fair": 231.09,
            "eps_avg_yearly": 6.6,
            "eps_latest_yearly": 2.2,
            "eps_growth_yearly": 644.32
        },
        "20181": {
            "year_quarter": 20181,
            "year": 2018,
            "quarter": 1,
            "eps": 1.05,
            "eps_growth_year": 200,
            "eps_4q": 12.35,
            "eps_4q_growth_year": 247,
            "roe": 3.44,
            "roe_4q": 47.32,
            "gross_profit": 372456,
            "gross_margin": 32.64,
            "gross_margin_4q_avg": 33.07,
            "net_income": 82961,
            "net_income_4q": null,
            "revenue": 1141235,
            "revenue_4q": null,
            "common_shares": 793860,
            "book_valuer_per_share": 30.88,
            "book_valuer_per_share_4q_avg": 29.61,
            "equity": 2452711,
            "current_ratio": 188.4,
            "debt_ratio": 36.83,
            "inventory_turnover_ratio": 0.95,
            "account_receivable_turnover_ratio": 2.24,
            "reinvestment_rate": 41.88,
            "research_to_sale_ratio": 7.95,
            "price_fair": 228.46,
            "eps_avg_yearly": 6.53,
            "eps_latest_yearly": 4.2,
            "eps_growth_yearly": 642.42
        },
        "20182": {
            "year_quarter": 20182,
            "year": 2018,
            "quarter": 2,
            "eps": 1.39,
            "eps_growth_year": -85.61,
            "eps_4q": 4.13,
            "eps_4q_growth_year": -66.3,
            "roe": 4.79,
            "roe_4q": 14.08,
            "gross_profit": 440423,
            "gross_margin": 31.73,
            "gross_margin_4q_avg": 32.72,
            "net_income": 110078,
            "net_income_4q": null,
            "revenue": 1387877,
            "revenue_4q": null,
            "common_shares": 794180,
            "book_valuer_per_share": 26.94,
            "book_valuer_per_share_4q_avg": 29.28,
            "equity": 2139524,
            "current_ratio": 142.56,
            "debt_ratio": 49.14,
            "inventory_turnover_ratio": 1.11,
            "account_receivable_turnover_ratio": 2.14,
            "reinvestment_rate": 41.7,
            "research_to_sale_ratio": 7.43,
            "price_fair": 230.04,
            "eps_avg_yearly": 6.57,
            "eps_latest_yearly": 5.56,
            "eps_growth_yearly": 653.1
        },
        "20183": {
            "year_quarter": 20183,
            "year": 2018,
            "quarter": 3,
            "eps": 1.23,
            "eps_growth_year": 6.03,
            "eps_4q": 4.19,
            "eps_4q_growth_year": -65.63,
            "roe": 4.46,
            "roe_4q": 14.54,
            "gross_profit": 407576,
            "gross_margin": 33.65,
            "gross_margin_4q_avg": 32.95,
            "net_income": 97873,
            "net_income_4q": null,
            "revenue": 1211077,
            "revenue_4q": null,
            "common_shares": 794180,
            "book_valuer_per_share": 28.21,
            "book_valuer_per_share_4q_avg": 28.97,
            "equity": 2245131,
            "current_ratio": 158.41,
            "debt_ratio": 43.56,
            "inventory_turnover_ratio": 1.01,
            "account_receivable_turnover_ratio": 1.6,
            "reinvestment_rate": 41.82,
            "research_to_sale_ratio": 8.78,
            "price_fair": 229.69,
            "eps_avg_yearly": 6.56,
            "eps_latest_yearly": 4.92,
            "eps_growth_yearly": 648.99
        },
        "20184": {
            "year_quarter": 20184,
            "year": 2018,
            "quarter": 4,
            "eps": 1.46,
            "eps_growth_year": 165.92,
            "eps_4q": 5.1,
            "eps_4q_growth_year": -56.22,
            "roe": 5.04,
            "roe_4q": 17.73,
            "gross_profit": 445695,
            "gross_margin": 35.08,
            "gross_margin_4q_avg": 33.28,
            "net_income": 116012,
            "net_income_4q": null,
            "revenue": 1270455,
            "revenue_4q": null,
            "common_shares": 796206,
            "book_valuer_per_share": 29.66,
            "book_valuer_per_share_4q_avg": 28.92,
            "equity": 2362989,
            "current_ratio": 163.6,
            "debt_ratio": 42.92,
            "inventory_turnover_ratio": 0.99,
            "account_receivable_turnover_ratio": 1.8,
            "reinvestment_rate": 41.72,
            "research_to_sale_ratio": 9.31,
            "price_fair": 234.41,
            "eps_avg_yearly": 6.7,
            "eps_latest_yearly": 5.84,
            "eps_growth_yearly": 660.55
        },
        "20191": {
            "year_quarter": 20191,
            "year": 2019,
            "quarter": 1,
            "eps": 1.46,
            "eps_growth_year": 39.05,
            "eps_4q": 5.53,
            "eps_4q_growth_year": -55.23,
            "roe": 4.81,
            "roe_4q": 19.099999999999998,
            "gross_profit": 374147,
            "gross_margin": 33.73,
            "gross_margin_4q_avg": 33.55,
            "net_income": 116505,
            "net_income_4q": null,
            "revenue": 1109217,
            "revenue_4q": null,
            "common_shares": 796836,
            "book_valuer_per_share": 31.15,
            "book_valuer_per_share_4q_avg": 28.99,
            "equity": 2481759,
            "current_ratio": 173.24,
            "debt_ratio": 41.7,
            "inventory_turnover_ratio": 0.77,
            "account_receivable_turnover_ratio": 1.75,
            "reinvestment_rate": 39.59,
            "research_to_sale_ratio": 9.74,
            "price_fair": 237.3,
            "eps_avg_yearly": 6.78,
            "eps_latest_yearly": 5.84,
            "eps_growth_yearly": 654.84
        },
        "20192": {
            "year_quarter": 20192,
            "year": 2019,
            "quarter": 2,
            "eps": 2.14,
            "eps_growth_year": 53.96,
            "eps_4q": 6.28,
            "eps_4q_growth_year": 52.17,
            "roe": 7.03,
            "roe_4q": 21.34,
            "gross_profit": 449366,
            "gross_margin": 37.57,
            "gross_margin_4q_avg": 35.01,
            "net_income": 170406,
            "net_income_4q": null,
            "revenue": 1196194,
            "revenue_4q": null,
            "common_shares": 796836,
            "book_valuer_per_share": 29.65,
            "book_valuer_per_share_4q_avg": 29.67,
            "equity": 2362913,
            "current_ratio": 163.92,
            "debt_ratio": 44.03,
            "inventory_turnover_ratio": 0.76,
            "account_receivable_turnover_ratio": 2.02,
            "reinvestment_rate": 32.3,
            "research_to_sale_ratio": 9.74,
            "price_fair": 247.54,
            "eps_avg_yearly": 7.07,
            "eps_latest_yearly": 8.56,
            "eps_growth_yearly": 670.03
        },
        "20193": {
            "year_quarter": 20193,
            "year": 2019,
            "quarter": 3,
            "eps": 1.27,
            "eps_growth_year": 3.25,
            "eps_4q": 6.25,
            "eps_4q_growth_year": 49.22,
            "roe": 4.2,
            "roe_4q": 21.08,
            "gross_profit": 434564,
            "gross_margin": 37.04,
            "gross_margin_4q_avg": 35.86,
            "net_income": 101283,
            "net_income_4q": null,
            "revenue": 1173219,
            "revenue_4q": null,
            "common_shares": 796836,
            "book_valuer_per_share": 30.83,
            "book_valuer_per_share_4q_avg": 30.32,
            "equity": 2464699,
            "current_ratio": 175.67,
            "debt_ratio": 41.4,
            "inventory_turnover_ratio": 0.74,
            "account_receivable_turnover_ratio": 1.84,
            "reinvestment_rate": 32.34,
            "research_to_sale_ratio": 9.95,
            "price_fair": 242.03,
            "eps_avg_yearly": 6.92,
            "eps_latest_yearly": 5.08,
            "eps_growth_yearly": 635.9
        },
        "20194": {
            "year_quarter": 20194,
            "year": 2019,
            "quarter": 4,
            "eps": 0.84,
            "eps_growth_year": -42.59,
            "eps_4q": 5.32,
            "eps_4q_growth_year": 4.3,
            "roe": 2.86,
            "roe_4q": 18.9,
            "gross_profit": 435407,
            "gross_margin": 34.55,
            "gross_margin_4q_avg": 35.72,
            "net_income": 72261,
            "net_income_4q": null,
            "revenue": 1260281,
            "revenue_4q": null,
            "common_shares": 803954,
            "book_valuer_per_share": 31.81,
            "book_valuer_per_share_4q_avg": 30.86,
            "equity": 2597399,
            "current_ratio": 268.64,
            "debt_ratio": 36.91,
            "inventory_turnover_ratio": 0.84,
            "account_receivable_turnover_ratio": 1.8,
            "reinvestment_rate": 32.53,
            "research_to_sale_ratio": 8.94,
            "price_fair": 237.3,
            "eps_avg_yearly": 6.78,
            "eps_latest_yearly": 3.36,
            "eps_growth_yearly": 634.27
        },
        "20201": {
            "year_quarter": 20201,
            "year": 2020,
            "quarter": 1,
            "eps": 0.82,
            "eps_growth_year": -43.84,
            "eps_4q": 4.99,
            "eps_4q_growth_year": -9.81,
            "roe": 2.55,
            "roe_4q": 16.64,
            "gross_profit": 356758,
            "gross_margin": 31.73,
            "gross_margin_4q_avg": 35.22,
            "net_income": 67384,
            "net_income_4q": null,
            "revenue": 1124237,
            "revenue_4q": null,
            "common_shares": 819001,
            "book_valuer_per_share": 32.73,
            "book_valuer_per_share_4q_avg": 31.26,
            "equity": 2684833,
            "current_ratio": 269.29,
            "debt_ratio": 36.95,
            "inventory_turnover_ratio": 0.78,
            "account_receivable_turnover_ratio": 1.61,
            "reinvestment_rate": 33.46,
            "research_to_sale_ratio": 9.38,
            "price_fair": 232.66,
            "eps_avg_yearly": 6.65,
            "eps_latest_yearly": 3.28,
            "eps_growth_yearly": 634.22
        },
        "20202": {
            "year_quarter": 20202,
            "year": 2020,
            "quarter": 2,
            "eps": 1.34,
            "eps_growth_year": -37.38,
            "eps_4q": 4.18,
            "eps_4q_growth_year": -33.53,
            "roe": 4.28,
            "roe_4q": 13.89,
            "gross_profit": 406183,
            "gross_margin": 36.1,
            "gross_margin_4q_avg": 34.86,
            "net_income": 110414,
            "net_income_4q": null,
            "revenue": 1125266,
            "revenue_4q": null,
            "common_shares": 819001,
            "book_valuer_per_share": 30.05,
            "book_valuer_per_share_4q_avg": 31.36,
            "equity": 2475417,
            "current_ratio": 219.82,
            "debt_ratio": 42.48,
            "inventory_turnover_ratio": 0.67,
            "account_receivable_turnover_ratio": 1.59,
            "reinvestment_rate": 32.21,
            "research_to_sale_ratio": 9.27,
            "price_fair": 235.9,
            "eps_avg_yearly": 6.74,
            "eps_latest_yearly": 5.36,
            "eps_growth_yearly": 657.11
        },
        "20203": {
            "year_quarter": 20203,
            "year": 2020,
            "quarter": 3,
            "eps": 0.74,
            "eps_growth_year": -41.73,
            "eps_4q": 3.75,
            "eps_4q_growth_year": -39.96,
            "roe": 2.43,
            "roe_4q": 12.120000000000001,
            "gross_profit": 382356,
            "gross_margin": 33.27,
            "gross_margin_4q_avg": 33.91,
            "net_income": 60878,
            "net_income_4q": null,
            "revenue": 1149209,
            "revenue_4q": null,
            "common_shares": 824033,
            "book_valuer_per_share": 30.78,
            "book_valuer_per_share_4q_avg": 31.34,
            "equity": 2542198,
            "current_ratio": 231.53,
            "debt_ratio": 41.04,
            "inventory_turnover_ratio": 0.71,
            "account_receivable_turnover_ratio": 1.62,
            "reinvestment_rate": 32.74,
            "research_to_sale_ratio": 9.11,
            "price_fair": 232.31,
            "eps_avg_yearly": 6.64,
            "eps_latest_yearly": 2.96,
            "eps_growth_yearly": 641.28
        },
        "20204": {
            "year_quarter": 20204,
            "year": 2020,
            "quarter": 4,
            "eps": 0.8,
            "eps_growth_year": -4.34,
            "eps_4q": 3.61,
            "eps_4q_growth_year": -32.23,
            "roe": 2.62,
            "roe_4q": 11.880000000000003,
            "gross_profit": 405458,
            "gross_margin": 33.67,
            "gross_margin_4q_avg": 33.69,
            "net_income": 67922,
            "net_income_4q": null,
            "revenue": 1204067,
            "revenue_4q": null,
            "common_shares": 825953,
            "book_valuer_per_share": 31.68,
            "book_valuer_per_share_4q_avg": 31.31,
            "equity": 2633778,
            "current_ratio": 227.38,
            "debt_ratio": 34.86,
            "inventory_turnover_ratio": 0.85,
            "account_receivable_turnover_ratio": 1.67,
            "reinvestment_rate": 32.6,
            "research_to_sale_ratio": 8.99,
            "price_fair": 229.78,
            "eps_avg_yearly": 6.57,
            "eps_latest_yearly": 3.2,
            "eps_growth_yearly": 644.61
        },
        "20211": {
            "year_quarter": 20211,
            "year": 2021,
            "quarter": 1,
            "eps": 1.43,
            "eps_growth_year": 74.39,
            "eps_4q": 4.19,
            "eps_4q_growth_year": -15.87,
            "roe": 4.6,
            "roe_4q": 13.93,
            "gross_profit": 355094,
            "gross_margin": 36.66,
            "gross_margin_4q_avg": 34.93,
            "net_income": 119505,
            "net_income_4q": null,
            "revenue": 968706,
            "revenue_4q": null,
            "common_shares": 834499,
            "book_valuer_per_share": 30.54,
            "book_valuer_per_share_4q_avg": 30.76,
            "equity": 2562737,
            "current_ratio": 202.36,
            "debt_ratio": 39.18,
            "inventory_turnover_ratio": 0.68,
            "account_receivable_turnover_ratio": 1.36,
            "reinvestment_rate": 31.38,
            "research_to_sale_ratio": 11.18,
            "price_fair": 239.23,
            "eps_avg_yearly": 6.84,
            "eps_latest_yearly": 5.72,
            "eps_growth_yearly": 681.27
        },
        "20212": {
            "year_quarter": 20212,
            "year": 2021,
            "quarter": 2,
            "eps": 0.55,
            "eps_growth_year": -58.96,
            "eps_4q": 3.42,
            "eps_4q_growth_year": -18.19,
            "roe": 1.78,
            "roe_4q": 11.43,
            "gross_profit": 375879,
            "gross_margin": 34.13,
            "gross_margin_4q_avg": 34.43,
            "net_income": 45883,
            "net_income_4q": null,
            "revenue": 1101379,
            "revenue_4q": null,
            "common_shares": 834499,
            "book_valuer_per_share": 30.98,
            "book_valuer_per_share_4q_avg": 31,
            "equity": 2604138,
            "current_ratio": 189.25,
            "debt_ratio": 43.02,
            "inventory_turnover_ratio": 0.59,
            "account_receivable_turnover_ratio": 1.59,
            "reinvestment_rate": -9.05,
            "research_to_sale_ratio": 11,
            "price_fair": 45.58,
            "eps_avg_yearly": 4.56,
            "eps_latest_yearly": 2.2,
            "eps_growth_yearly": 0.89
        },
        "20213": {
            "year_quarter": 20213,
            "year": 2021,
            "quarter": 3,
            "eps": 1.58,
            "eps_growth_year": 113.51,
            "eps_4q": 3.82,
            "eps_4q_growth_year": 1.87,
            "roe": 4.96,
            "roe_4q": 13.96,
            "gross_profit": 510450,
            "gross_margin": 32.99,
            "gross_margin_4q_avg": 34.36,
            "net_income": 135785,
            "net_income_4q": null,
            "revenue": 1547069,
            "revenue_4q": null,
            "common_shares": 844136,
            "book_valuer_per_share": 32.92,
            "book_valuer_per_share_4q_avg": 31.53,
            "equity": 2868400,
            "current_ratio": 214.22,
            "debt_ratio": 39.12,
            "inventory_turnover_ratio": 0.71,
            "account_receivable_turnover_ratio": 1.93,
            "reinvestment_rate": -8.8,
            "research_to_sale_ratio": 7.73,
            "price_fair": 163.19,
            "eps_avg_yearly": 4.66,
            "eps_latest_yearly": 6.32,
            "eps_growth_yearly": 69.7
        },
        "20214": {
            "year_quarter": 20214,
            "year": 2021,
            "quarter": 4,
            "eps": 0.93,
            "eps_growth_year": 16.97,
            "eps_4q": 4.07,
            "eps_4q_growth_year": 12.88,
            "roe": 3.02,
            "roe_4q": 14.36,
            "gross_profit": 459572,
            "gross_margin": 31.64,
            "gross_margin_4q_avg": 33.86,
            "net_income": 89742,
            "net_income_4q": null,
            "revenue": 1452452,
            "revenue_4q": null,
            "common_shares": 884829,
            "book_valuer_per_share": 34.15,
            "book_valuer_per_share_4q_avg": 32.15,
            "equity": 3078273,
            "current_ratio": 175.75,
            "debt_ratio": 42.31,
            "inventory_turnover_ratio": 0.67,
            "account_receivable_turnover_ratio": 1.72,
            "reinvestment_rate": 22.69,
            "research_to_sale_ratio": 9.58,
            "price_fair": 166.51,
            "eps_avg_yearly": 4.76,
            "eps_latest_yearly": 3.72,
            "eps_growth_yearly": 72.56
        },
        "20221": {
            "year_quarter": 20221,
            "year": 2022,
            "quarter": 1,
            "eps": 1.48,
            "eps_growth_year": 3.5,
            "eps_4q": 4.48,
            "eps_4q_growth_year": 6.75,
            "roe": 4.42,
            "roe_4q": 14.179999999999998,
            "gross_profit": 491805,
            "gross_margin": 33.12,
            "gross_margin_4q_avg": 32.97,
            "net_income": 133652,
            "net_income_4q": null,
            "revenue": 1484823,
            "revenue_4q": null,
            "common_shares": 902025,
            "book_valuer_per_share": 32.92,
            "book_valuer_per_share_4q_avg": 32.74,
            "equity": 2971333,
            "current_ratio": 167.11,
            "debt_ratio": 44,
            "inventory_turnover_ratio": 0.6,
            "account_receivable_turnover_ratio": 1.83,
            "reinvestment_rate": 29.69,
            "research_to_sale_ratio": 8.41,
            "price_fair": 170.28,
            "eps_avg_yearly": 4.87,
            "eps_latest_yearly": 5.92,
            "eps_growth_yearly": 64.62
        },
        "20222": {
            "year_quarter": 20222,
            "year": 2022,
            "quarter": 2,
            "eps": 0.89,
            "eps_growth_year": 61.82,
            "eps_4q": 4.84,
            "eps_4q_growth_year": 41.8,
            "roe": 2.66,
            "roe_4q": 15.059999999999999,
            "gross_profit": 482543,
            "gross_margin": 30.24,
            "gross_margin_4q_avg": 32,
            "net_income": 80321,
            "net_income_4q": null,
            "revenue": 1595521,
            "revenue_4q": null,
            "common_shares": 902025,
            "book_valuer_per_share": 34.02,
            "book_valuer_per_share_4q_avg": 33.5,
            "equity": 3072905,
            "current_ratio": 164.94,
            "debt_ratio": 45.23,
            "inventory_turnover_ratio": 0.58,
            "account_receivable_turnover_ratio": 1.95,
            "reinvestment_rate": 30.16,
            "research_to_sale_ratio": 9.74,
            "price_fair": 165.9,
            "eps_avg_yearly": 4.74,
            "eps_latest_yearly": 3.56,
            "eps_growth_yearly": 46.56
        },
        "20223": {
            "year_quarter": 20223,
            "year": 2022,
            "quarter": 3,
            "eps": 2.13,
            "eps_growth_year": 34.81,
            "eps_4q": 5.48,
            "eps_4q_growth_year": 43.32,
            "roe": 6.04,
            "roe_4q": 16.14,
            "gross_profit": 587996,
            "gross_margin": 34.13,
            "gross_margin_4q_avg": 32.28,
            "net_income": 192973,
            "net_income_4q": null,
            "revenue": 1723050,
            "revenue_4q": null,
            "common_shares": 904015,
            "book_valuer_per_share": 36.71,
            "book_valuer_per_share_4q_avg": 34.45,
            "equity": 3321119,
            "current_ratio": 177.42,
            "debt_ratio": 42.94,
            "inventory_turnover_ratio": 0.55,
            "account_receivable_turnover_ratio": 2.25,
            "reinvestment_rate": 29.7,
            "research_to_sale_ratio": 8.28,
            "price_fair": 173.78,
            "eps_avg_yearly": 4.97,
            "eps_latest_yearly": 8.52,
            "eps_growth_yearly": 84.27
        },
        "20224": {
            "year_quarter": 20224,
            "year": 2022,
            "quarter": 4,
            "eps": 2.12,
            "eps_growth_year": 126.71,
            "eps_4q": 6.53,
            "eps_4q_growth_year": 60.27,
            "roe": 5.69,
            "roe_4q": 18.810000000000002,
            "gross_profit": 668468,
            "gross_margin": 36.82,
            "gross_margin_4q_avg": 33.58,
            "net_income": 195691,
            "net_income_4q": null,
            "revenue": 1815433,
            "revenue_4q": null,
            "common_shares": 910235,
            "book_valuer_per_share": 38.92,
            "book_valuer_per_share_4q_avg": 35.64,
            "equity": 3553852,
            "current_ratio": 182.47,
            "debt_ratio": 40.88,
            "inventory_turnover_ratio": 0.57,
            "account_receivable_turnover_ratio": 2.39,
            "reinvestment_rate": 31.88,
            "research_to_sale_ratio": 8.14,
            "price_fair": 179.55,
            "eps_avg_yearly": 5.13,
            "eps_latest_yearly": 8.48,
            "eps_growth_yearly": 79.48
        },
        "20231": {
            "year_quarter": 20231,
            "year": 2023,
            "quarter": 1,
            "eps": 1.35,
            "eps_growth_year": -8.78,
            "eps_4q": 6.45,
            "eps_4q_growth_year": 43.97,
            "roe": 3.52,
            "roe_4q": 17.91,
            "gross_profit": 515583,
            "gross_margin": 32.68,
            "gross_margin_4q_avg": 33.47,
            "net_income": 123820,
            "net_income_4q": null,
            "revenue": 1577525,
            "revenue_4q": null,
            "common_shares": 919605,
            "book_valuer_per_share": 37.8,
            "book_valuer_per_share_4q_avg": 36.86,
            "equity": 3476351,
            "current_ratio": 165.98,
            "debt_ratio": 44.63,
            "inventory_turnover_ratio": 0.52,
            "account_receivable_turnover_ratio": 2.06,
            "reinvestment_rate": 36.08,
            "research_to_sale_ratio": 8.73,
            "price_fair": 178.59,
            "eps_avg_yearly": 5.1,
            "eps_latest_yearly": 5.4,
            "eps_growth_yearly": 70.4
        },
        "20232": {
            "year_quarter": 20232,
            "year": 2023,
            "quarter": 2,
            "eps": 2.4,
            "eps_growth_year": 169.66,
            "eps_4q": 7.22,
            "eps_4q_growth_year": 49.06,
            "roe": 6.14,
            "roe_4q": 21.39,
            "gross_profit": 668941,
            "gross_margin": 36.14,
            "gross_margin_4q_avg": 34.94,
            "net_income": 221145,
            "net_income_4q": null,
            "revenue": 1850852,
            "revenue_4q": null,
            "common_shares": 919605,
            "book_valuer_per_share": 40.43,
            "book_valuer_per_share_4q_avg": 38.47,
            "equity": 3722353,
            "current_ratio": 177.48,
            "debt_ratio": 41.98,
            "inventory_turnover_ratio": 0.56,
            "account_receivable_turnover_ratio": 2.24,
            "reinvestment_rate": 38.08,
            "research_to_sale_ratio": 8.48,
            "price_fair": 180.86,
            "eps_avg_yearly": 5.17,
            "eps_latest_yearly": 9.6,
            "eps_growth_yearly": 78.2
        },
        "20233": {
            "year_quarter": 20233,
            "year": 2023,
            "quarter": 3,
            "eps": 2.24,
            "eps_growth_year": 5.16,
            "eps_4q": 7.57,
            "eps_4q_growth_year": 38.26,
            "roe": 5.82,
            "roe_4q": 21.17,
            "gross_profit": 624884,
            "gross_margin": 37.86,
            "gross_margin_4q_avg": 35.88,
            "net_income": 227089,
            "net_income_4q": null,
            "revenue": 1650369,
            "revenue_4q": null,
            "common_shares": 1014234,
            "book_valuer_per_share": 40.21,
            "book_valuer_per_share_4q_avg": 39.34,
            "equity": 4078616,
            "current_ratio": 298.26,
            "debt_ratio": 39.08,
            "inventory_turnover_ratio": 0.51,
            "account_receivable_turnover_ratio": 1.96,
            "reinvestment_rate": 37.5,
            "research_to_sale_ratio": 9.67,
            "price_fair": 189.35,
            "eps_avg_yearly": 5.41,
            "eps_latest_yearly": 8.96,
            "eps_growth_yearly": 86.69
        },
        "20234": {
            "year_quarter": 20234,
            "year": 2023,
            "quarter": 4,
            "eps": 1.53,
            "eps_growth_year": -27.95,
            "eps_4q": 7.14,
            "eps_4q_growth_year": 9.43,
            "roe": 3.76,
            "roe_4q": 19.24,
            "gross_profit": 593489,
            "gross_margin": 36.6,
            "gross_margin_4q_avg": 35.82,
            "net_income": 155570,
            "net_income_4q": null,
            "revenue": 1621733,
            "revenue_4q": null,
            "common_shares": 1015374,
            "book_valuer_per_share": 41.37,
            "book_valuer_per_share_4q_avg": 39.95,
            "equity": 4203534,
            "current_ratio": 282.82,
            "debt_ratio": 38.71,
            "inventory_turnover_ratio": 0.56,
            "account_receivable_turnover_ratio": 1.98,
            "reinvestment_rate": 53.79,
            "research_to_sale_ratio": 7.83,
            "price_fair": 195.39,
            "eps_avg_yearly": 5.58,
            "eps_latest_yearly": 6.12,
            "eps_growth_yearly": 87.23
        }
    },
    "months": {
        "2003-10": {
            "month": "2003-10",
            "price": "33.31",
            "revenue": 89172
        },
        "2003-11": {
            "month": "2003-11",
            "price": "32.78",
            "revenue": 95232
        },
        "2003-12": {
            "month": "2003-12",
            "price": "31.18",
            "revenue": 109662
        },
        "2004-01": {
            "month": "2004-01",
            "price": "33.07",
            "revenue": 79078
        },
        "2004-02": {
            "month": "2004-02",
            "price": "35.52",
            "revenue": 106825
        },
        "2004-03": {
            "month": "2004-03",
            "price": "38.33",
            "revenue": 136778
        },
        "2004-04": {
            "month": "2004-04",
            "price": "42.52",
            "revenue": 137614
        },
        "2004-05": {
            "month": "2004-05",
            "price": "43.35",
            "revenue": 120915
        },
        "2004-06": {
            "month": "2004-06",
            "price": "42.96",
            "revenue": 98079
        },
        "2004-07": {
            "month": "2004-07",
            "price": "41.74",
            "revenue": 122747
        },
        "2004-08": {
            "month": "2004-08",
            "price": "41.07",
            "revenue": 107852
        },
        "2004-09": {
            "month": "2004-09",
            "price": "40.29",
            "revenue": 129053
        },
        "2004-10": {
            "month": "2004-10",
            "price": "33.00",
            "revenue": 114535
        },
        "2004-11": {
            "month": "2004-11",
            "price": "33.06",
            "revenue": 123319
        },
        "2004-12": {
            "month": "2004-12",
            "price": "31.22",
            "revenue": 116668
        },
        "2005-01": {
            "month": "2005-01",
            "price": "32.26",
            "revenue": 70181
        },
        "2005-02": {
            "month": "2005-02",
            "price": "31.78",
            "revenue": 81826
        },
        "2005-03": {
            "month": "2005-03",
            "price": "32.99",
            "revenue": 107570
        },
        "2005-04": {
            "month": "2005-04",
            "price": "27.65",
            "revenue": 93629
        },
        "2005-05": {
            "month": "2005-05",
            "price": "25.89",
            "revenue": 94750
        },
        "2005-06": {
            "month": "2005-06",
            "price": "26.23",
            "revenue": 150701
        },
        "2005-07": {
            "month": "2005-07",
            "price": "28.86",
            "revenue": 103196
        },
        "2005-08": {
            "month": "2005-08",
            "price": "26.08",
            "revenue": 114591
        },
        "2005-09": {
            "month": "2005-09",
            "price": "24.78",
            "revenue": 116291
        },
        "2005-10": {
            "month": "2005-10",
            "price": "24.29",
            "revenue": 159928
        },
        "2005-11": {
            "month": "2005-11",
            "price": "25.13",
            "revenue": 161068
        },
        "2005-12": {
            "month": "2005-12",
            "price": "40.82",
            "revenue": 170225
        },
        "2006-01": {
            "month": "2006-01",
            "price": "45.04",
            "revenue": 130328
        },
        "2006-02": {
            "month": "2006-02",
            "price": "42.34",
            "revenue": 146465
        },
        "2006-03": {
            "month": "2006-03",
            "price": "45.02",
            "revenue": 167955
        },
        "2006-04": {
            "month": "2006-04",
            "price": "47.22",
            "revenue": 162020
        },
        "2006-05": {
            "month": "2006-05",
            "price": "45.30",
            "revenue": 147194
        },
        "2006-06": {
            "month": "2006-06",
            "price": "41.27",
            "revenue": 163742
        },
        "2006-07": {
            "month": "2006-07",
            "price": "43.56",
            "revenue": 147880
        },
        "2006-08": {
            "month": "2006-08",
            "price": "42.63",
            "revenue": 150467
        },
        "2006-09": {
            "month": "2006-09",
            "price": "43.80",
            "revenue": 174388
        },
        "2006-10": {
            "month": "2006-10",
            "price": "50.26",
            "revenue": 126035
        },
        "2006-11": {
            "month": "2006-11",
            "price": "48.39",
            "revenue": 130983
        },
        "2006-12": {
            "month": "2006-12",
            "price": "50.97",
            "revenue": 115765
        },
        "2007-01": {
            "month": "2007-01",
            "price": "56.00",
            "revenue": 126427
        },
        "2007-02": {
            "month": "2007-02",
            "price": "58.06",
            "revenue": 107335
        },
        "2007-03": {
            "month": "2007-03",
            "price": "56.17",
            "revenue": 142042
        },
        "2007-04": {
            "month": "2007-04",
            "price": "56.73",
            "revenue": 119725
        },
        "2007-05": {
            "month": "2007-05",
            "price": "55.03",
            "revenue": 161120
        },
        "2007-06": {
            "month": "2007-06",
            "price": "59.41",
            "revenue": 147520
        },
        "2007-07": {
            "month": "2007-07",
            "price": "74.07",
            "revenue": 185251
        },
        "2007-08": {
            "month": "2007-08",
            "price": "76.33",
            "revenue": 156104
        },
        "2007-09": {
            "month": "2007-09",
            "price": "71.12",
            "revenue": 153044
        },
        "2007-10": {
            "month": "2007-10",
            "price": "64.14",
            "revenue": 146730
        },
        "2007-11": {
            "month": "2007-11",
            "price": "50.24",
            "revenue": 153721
        },
        "2007-12": {
            "month": "2007-12",
            "price": "46.19",
            "revenue": 137048
        },
        "2008-01": {
            "month": "2008-01",
            "price": "41.83",
            "revenue": 158838
        },
        "2008-02": {
            "month": "2008-02",
            "price": "39.62",
            "revenue": 149789
        },
        "2008-03": {
            "month": "2008-03",
            "price": "44.62",
            "revenue": 197463
        },
        "2008-04": {
            "month": "2008-04",
            "price": "49.20",
            "revenue": 147989
        },
        "2008-05": {
            "month": "2008-05",
            "price": "47.42",
            "revenue": 142827
        },
        "2008-06": {
            "month": "2008-06",
            "price": "39.50",
            "revenue": 189022
        },
        "2008-07": {
            "month": "2008-07",
            "price": "35.20",
            "revenue": 124031
        },
        "2008-08": {
            "month": "2008-08",
            "price": "31.57",
            "revenue": 121701
        },
        "2008-09": {
            "month": "2008-09",
            "price": "23.02",
            "revenue": 155525
        },
        "2008-10": {
            "month": "2008-10",
            "price": "19.21",
            "revenue": 112235
        },
        "2008-11": {
            "month": "2008-11",
            "price": "16.49",
            "revenue": 119115
        },
        "2008-12": {
            "month": "2008-12",
            "price": "15.98",
            "revenue": 131119
        },
        "2009-01": {
            "month": "2009-01",
            "price": "17.47",
            "revenue": 141020
        },
        "2009-02": {
            "month": "2009-02",
            "price": "18.24",
            "revenue": 141812
        },
        "2009-03": {
            "month": "2009-03",
            "price": "20.70",
            "revenue": 134927
        },
        "2009-04": {
            "month": "2009-04",
            "price": "24.16",
            "revenue": 103280
        },
        "2009-05": {
            "month": "2009-05",
            "price": "26.15",
            "revenue": 78068
        },
        "2009-06": {
            "month": "2009-06",
            "price": "23.71",
            "revenue": 106732
        },
        "2009-07": {
            "month": "2009-07",
            "price": "24.80",
            "revenue": 115887
        },
        "2009-08": {
            "month": "2009-08",
            "price": "23.98",
            "revenue": 155796
        },
        "2009-09": {
            "month": "2009-09",
            "price": "23.93",
            "revenue": 170476
        },
        "2009-10": {
            "month": "2009-10",
            "price": "23.93",
            "revenue": 136940
        },
        "2009-11": {
            "month": "2009-11",
            "price": "26.00",
            "revenue": 201932
        },
        "2009-12": {
            "month": "2009-12",
            "price": "28.35",
            "revenue": 209263
        },
        "2010-01": {
            "month": "2010-01",
            "price": "28.58",
            "revenue": 167290
        },
        "2010-02": {
            "month": "2010-02",
            "price": "25.36",
            "revenue": 172177
        },
        "2010-03": {
            "month": "2010-03",
            "price": "27.05",
            "revenue": 212722
        },
        "2010-04": {
            "month": "2010-04",
            "price": "28.55",
            "revenue": 239279
        },
        "2010-05": {
            "month": "2010-05",
            "price": "25.77",
            "revenue": 263417
        },
        "2010-06": {
            "month": "2010-06",
            "price": "25.21",
            "revenue": 254513
        },
        "2010-07": {
            "month": "2010-07",
            "price": "26.25",
            "revenue": 142141
        },
        "2010-08": {
            "month": "2010-08",
            "price": "25.96",
            "revenue": 284124
        },
        "2010-09": {
            "month": "2010-09",
            "price": "27.09",
            "revenue": 283670
        },
        "2010-10": {
            "month": "2010-10",
            "price": "27.68",
            "revenue": 231973
        },
        "2010-11": {
            "month": "2010-11",
            "price": "27.81",
            "revenue": 261146
        },
        "2010-12": {
            "month": "2010-12",
            "price": "31.96",
            "revenue": 230117
        },
        "2011-01": {
            "month": "2011-01",
            "price": "33.71",
            "revenue": 237146
        },
        "2011-02": {
            "month": "2011-02",
            "price": "35.84",
            "revenue": 198453
        },
        "2011-03": {
            "month": "2011-03",
            "price": "36.16",
            "revenue": 270872
        },
        "2011-04": {
            "month": "2011-04",
            "price": "35.16",
            "revenue": 249447
        },
        "2011-05": {
            "month": "2011-05",
            "price": "32.53",
            "revenue": 240378
        },
        "2011-06": {
            "month": "2011-06",
            "price": "31.79",
            "revenue": 242740
        },
        "2011-07": {
            "month": "2011-07",
            "price": "29.05",
            "revenue": 166715
        },
        "2011-08": {
            "month": "2011-08",
            "price": "22.88",
            "revenue": 257618
        },
        "2011-09": {
            "month": "2011-09",
            "price": "22.50",
            "revenue": 259456
        },
        "2011-10": {
            "month": "2011-10",
            "price": "22.20",
            "revenue": 180340
        },
        "2011-11": {
            "month": "2011-11",
            "price": "20.63",
            "revenue": 236703
        },
        "2011-12": {
            "month": "2011-12",
            "price": "19.19",
            "revenue": 208134
        },
        "2012-01": {
            "month": "2012-01",
            "price": "19.85",
            "revenue": 160791
        },
        "2012-02": {
            "month": "2012-02",
            "price": "22.85",
            "revenue": 190723
        },
        "2012-03": {
            "month": "2012-03",
            "price": "23.40",
            "revenue": 227746
        },
        "2012-04": {
            "month": "2012-04",
            "price": "22.02",
            "revenue": 248005
        },
        "2012-05": {
            "month": "2012-05",
            "price": "20.89",
            "revenue": 262824
        },
        "2012-06": {
            "month": "2012-06",
            "price": "20.03",
            "revenue": 252789
        },
        "2012-07": {
            "month": "2012-07",
            "price": "19.51",
            "revenue": 193064
        },
        "2012-08": {
            "month": "2012-08",
            "price": "19.69",
            "revenue": 248730
        },
        "2012-09": {
            "month": "2012-09",
            "price": "23.72",
            "revenue": 256916
        },
        "2012-10": {
            "month": "2012-10",
            "price": "24.19",
            "revenue": 281844
        },
        "2012-11": {
            "month": "2012-11",
            "price": "24.30",
            "revenue": 221106
        },
        "2012-12": {
            "month": "2012-12",
            "price": "25.05",
            "revenue": 260097
        },
        "2013-01": {
            "month": "2013-01",
            "price": "26.01",
            "revenue": 243874
        },
        "2013-02": {
            "month": "2013-02",
            "price": "28.80",
            "revenue": 249000
        },
        "2013-03": {
            "month": "2013-03",
            "price": "31.52",
            "revenue": 317115
        },
        "2013-04": {
            "month": "2013-04",
            "price": "34.25",
            "revenue": 257403
        },
        "2013-05": {
            "month": "2013-05",
            "price": "34.34",
            "revenue": 303520
        },
        "2013-06": {
            "month": "2013-06",
            "price": "32.37",
            "revenue": 295116
        },
        "2013-07": {
            "month": "2013-07",
            "price": "36.41",
            "revenue": 312578
        },
        "2013-08": {
            "month": "2013-08",
            "price": "39.14",
            "revenue": 322040
        },
        "2013-09": {
            "month": "2013-09",
            "price": "39.08",
            "revenue": 400135
        },
        "2013-10": {
            "month": "2013-10",
            "price": "40.70",
            "revenue": 309114
        },
        "2013-11": {
            "month": "2013-11",
            "price": "41.17",
            "revenue": 326543
        },
        "2013-12": {
            "month": "2013-12",
            "price": "50.60",
            "revenue": 354473
        },
        "2014-01": {
            "month": "2014-01",
            "price": "56.48",
            "revenue": 350771
        },
        "2014-02": {
            "month": "2014-02",
            "price": "60.22",
            "revenue": 335819
        },
        "2014-03": {
            "month": "2014-03",
            "price": "67.14",
            "revenue": 407991
        },
        "2014-04": {
            "month": "2014-04",
            "price": "62.54",
            "revenue": 401043
        },
        "2014-05": {
            "month": "2014-05",
            "price": "60.37",
            "revenue": 371926
        },
        "2014-06": {
            "month": "2014-06",
            "price": "72.22",
            "revenue": 358785
        },
        "2014-07": {
            "month": "2014-07",
            "price": "70.70",
            "revenue": 329384
        },
        "2014-08": {
            "month": "2014-08",
            "price": "72.42",
            "revenue": 336257
        },
        "2014-09": {
            "month": "2014-09",
            "price": "77.85",
            "revenue": 411247
        },
        "2014-10": {
            "month": "2014-10",
            "price": "72.83",
            "revenue": 294804
        },
        "2014-11": {
            "month": "2014-11",
            "price": "69.85",
            "revenue": 321105
        },
        "2014-12": {
            "month": "2014-12",
            "price": "71.63",
            "revenue": 449789
        },
        "2015-01": {
            "month": "2015-01",
            "price": "73.61",
            "revenue": 377838
        },
        "2015-02": {
            "month": "2015-02",
            "price": "71.47",
            "revenue": 370894
        },
        "2015-03": {
            "month": "2015-03",
            "price": "73.11",
            "revenue": 395430
        },
        "2015-04": {
            "month": "2015-04",
            "price": "76.14",
            "revenue": 322423
        },
        "2015-05": {
            "month": "2015-05",
            "price": "75.84",
            "revenue": 329542
        },
        "2015-06": {
            "month": "2015-06",
            "price": "72.06",
            "revenue": 376005
        },
        "2015-07": {
            "month": "2015-07",
            "price": "57.95",
            "revenue": 376196
        },
        "2015-08": {
            "month": "2015-08",
            "price": "51.76",
            "revenue": 431335
        },
        "2015-09": {
            "month": "2015-09",
            "price": "59.06",
            "revenue": 423189
        },
        "2015-10": {
            "month": "2015-10",
            "price": "66.60",
            "revenue": 442973
        },
        "2015-11": {
            "month": "2015-11",
            "price": "68.44",
            "revenue": 395406
        },
        "2015-12": {
            "month": "2015-12",
            "price": "65.28",
            "revenue": 549668
        },
        "2016-01": {
            "month": "2016-01",
            "price": "62.53",
            "revenue": 541269
        },
        "2016-02": {
            "month": "2016-02",
            "price": "68.62",
            "revenue": 319747
        },
        "2016-03": {
            "month": "2016-03",
            "price": "76.00",
            "revenue": 424030
        },
        "2016-04": {
            "month": "2016-04",
            "price": "72.09",
            "revenue": 341430
        },
        "2016-05": {
            "month": "2016-05",
            "price": "66.65",
            "revenue": 338083
        },
        "2016-06": {
            "month": "2016-06",
            "price": "64.85",
            "revenue": 383033
        },
        "2016-07": {
            "month": "2016-07",
            "price": "67.18",
            "revenue": 441574
        },
        "2016-08": {
            "month": "2016-08",
            "price": "68.33",
            "revenue": 351341
        },
        "2016-09": {
            "month": "2016-09",
            "price": "62.83",
            "revenue": 401789
        },
        "2016-10": {
            "month": "2016-10",
            "price": "57.09",
            "revenue": 345382
        },
        "2016-11": {
            "month": "2016-11",
            "price": "56.40",
            "revenue": 411946
        },
        "2016-12": {
            "month": "2016-12",
            "price": "59.48",
            "revenue": 407485
        },
        "2017-01": {
            "month": "2017-01",
            "price": "56.68",
            "revenue": 302310
        },
        "2017-02": {
            "month": "2017-02",
            "price": "56.56",
            "revenue": 293366
        },
        "2017-03": {
            "month": "2017-03",
            "price": "57.89",
            "revenue": 451156
        },
        "2017-04": {
            "month": "2017-04",
            "price": "59.04",
            "revenue": 303446
        },
        "2017-05": {
            "month": "2017-05",
            "price": "57.38",
            "revenue": 287753
        },
        "2017-06": {
            "month": "2017-06",
            "price": "56.70",
            "revenue": 364626
        },
        "2017-07": {
            "month": "2017-07",
            "price": "57.43",
            "revenue": 292403
        },
        "2017-08": {
            "month": "2017-08",
            "price": "52.93",
            "revenue": 316338
        },
        "2017-09": {
            "month": "2017-09",
            "price": "51.85",
            "revenue": 425194
        },
        "2017-10": {
            "month": "2017-10",
            "price": "51.85",
            "revenue": 295322
        },
        "2017-11": {
            "month": "2017-11",
            "price": "52.29",
            "revenue": 333917
        },
        "2017-12": {
            "month": "2017-12",
            "price": "53.59",
            "revenue": 328398
        },
        "2018-01": {
            "month": "2018-01",
            "price": "52.74",
            "revenue": 332502
        },
        "2018-02": {
            "month": "2018-02",
            "price": "51.84",
            "revenue": 361793
        },
        "2018-03": {
            "month": "2018-03",
            "price": "57.45",
            "revenue": 446940
        },
        "2018-04": {
            "month": "2018-04",
            "price": "57.26",
            "revenue": 359918
        },
        "2018-05": {
            "month": "2018-05",
            "price": "58.42",
            "revenue": 558998
        },
        "2018-06": {
            "month": "2018-06",
            "price": "63.51",
            "revenue": 468961
        },
        "2018-07": {
            "month": "2018-07",
            "price": "63.77",
            "revenue": 339479
        },
        "2018-08": {
            "month": "2018-08",
            "price": "58.35",
            "revenue": 430486
        },
        "2018-09": {
            "month": "2018-09",
            "price": "57.21",
            "revenue": 441111
        },
        "2018-10": {
            "month": "2018-10",
            "price": "51.75",
            "revenue": 440093
        },
        "2018-11": {
            "month": "2018-11",
            "price": "51.32",
            "revenue": 427312
        },
        "2018-12": {
            "month": "2018-12",
            "price": "51.16",
            "revenue": 403051
        },
        "2019-01": {
            "month": "2019-01",
            "price": "52.09",
            "revenue": 391803
        },
        "2019-02": {
            "month": "2019-02",
            "price": "56.32",
            "revenue": 273638
        },
        "2019-03": {
            "month": "2019-03",
            "price": "58.26",
            "revenue": 443776
        },
        "2019-04": {
            "month": "2019-04",
            "price": "57.12",
            "revenue": 378658
        },
        "2019-05": {
            "month": "2019-05",
            "price": "56.95",
            "revenue": 425985
        },
        "2019-06": {
            "month": "2019-06",
            "price": "57.16",
            "revenue": 391551
        },
        "2019-07": {
            "month": "2019-07",
            "price": "56.46",
            "revenue": 323321
        },
        "2019-08": {
            "month": "2019-08",
            "price": "55.91",
            "revenue": 391082
        },
        "2019-09": {
            "month": "2019-09",
            "price": "57.03",
            "revenue": 458816
        },
        "2019-10": {
            "month": "2019-10",
            "price": "57.40",
            "revenue": 445759
        },
        "2019-11": {
            "month": "2019-11",
            "price": "58.25",
            "revenue": 344616
        },
        "2019-12": {
            "month": "2019-12",
            "price": "57.35",
            "revenue": 469906
        },
        "2020-01": {
            "month": "2020-01",
            "price": "57.59",
            "revenue": 425269
        },
        "2020-02": {
            "month": "2020-02",
            "price": "56.48",
            "revenue": 356776
        },
        "2020-03": {
            "month": "2020-03",
            "price": "52.64",
            "revenue": 342191
        },
        "2020-04": {
            "month": "2020-04",
            "price": "52.76",
            "revenue": 342774
        },
        "2020-05": {
            "month": "2020-05",
            "price": "53.96",
            "revenue": 356486
        },
        "2020-06": {
            "month": "2020-06",
            "price": "56.00",
            "revenue": 426006
        },
        "2020-07": {
            "month": "2020-07",
            "price": "57.16",
            "revenue": 373603
        },
        "2020-08": {
            "month": "2020-08",
            "price": "53.07",
            "revenue": 363168
        },
        "2020-09": {
            "month": "2020-09",
            "price": "52.03",
            "revenue": 412439
        },
        "2020-10": {
            "month": "2020-10",
            "price": "51.30",
            "revenue": 397061
        },
        "2020-11": {
            "month": "2020-11",
            "price": "51.15",
            "revenue": 371649
        },
        "2020-12": {
            "month": "2020-12",
            "price": "51.37",
            "revenue": 435358
        },
        "2021-01": {
            "month": "2021-01",
            "price": "51.08",
            "revenue": 269881
        },
        "2021-02": {
            "month": "2021-02",
            "price": "51.86",
            "revenue": 284273
        },
        "2021-03": {
            "month": "2021-03",
            "price": "53.06",
            "revenue": 414552
        },
        "2021-04": {
            "month": "2021-04",
            "price": "55.89",
            "revenue": 351539
        },
        "2021-05": {
            "month": "2021-05",
            "price": "54.62",
            "revenue": 363712
        },
        "2021-06": {
            "month": "2021-06",
            "price": "55.29",
            "revenue": 386128
        },
        "2021-07": {
            "month": "2021-07",
            "price": "55.07",
            "revenue": 403542
        },
        "2021-08": {
            "month": "2021-08",
            "price": "50.51",
            "revenue": 490491
        },
        "2021-09": {
            "month": "2021-09",
            "price": "49.89",
            "revenue": 653037
        },
        "2021-10": {
            "month": "2021-10",
            "price": "51.36",
            "revenue": 388922
        },
        "2021-11": {
            "month": "2021-11",
            "price": "53.43",
            "revenue": 459816
        },
        "2021-12": {
            "month": "2021-12",
            "price": "53.57",
            "revenue": 603714
        },
        "2022-01": {
            "month": "2022-01",
            "price": "56.56",
            "revenue": 536857
        },
        "2022-02": {
            "month": "2022-02",
            "price": "65.14",
            "revenue": 350565
        },
        "2022-03": {
            "month": "2022-03",
            "price": "58.67",
            "revenue": 597400
        },
        "2022-04": {
            "month": "2022-04",
            "price": "60.49",
            "revenue": 494909
        },
        "2022-05": {
            "month": "2022-05",
            "price": "59.19",
            "revenue": 532561
        },
        "2022-06": {
            "month": "2022-06",
            "price": "59.50",
            "revenue": 568052
        },
        "2022-07": {
            "month": "2022-07",
            "price": "63.22",
            "revenue": 510356
        },
        "2022-08": {
            "month": "2022-08",
            "price": "57.77",
            "revenue": 571076
        },
        "2022-09": {
            "month": "2022-09",
            "price": "56.20",
            "revenue": 641618
        },
        "2022-10": {
            "month": "2022-10",
            "price": "51.08",
            "revenue": 539011
        },
        "2022-11": {
            "month": "2022-11",
            "price": "55.70",
            "revenue": 549364
        },
        "2022-12": {
            "month": "2022-12",
            "price": "58.38",
            "revenue": 727057
        },
        "2023-01": {
            "month": "2023-01",
            "price": "59.95",
            "revenue": 409204
        },
        "2023-02": {
            "month": "2023-02",
            "price": "62.89",
            "revenue": 515811
        },
        "2023-03": {
            "month": "2023-03",
            "price": "75.83",
            "revenue": 652509
        },
        "2023-04": {
            "month": "2023-04",
            "price": "77.08",
            "revenue": 533085
        },
        "2023-05": {
            "month": "2023-05",
            "price": "77.38",
            "revenue": 584140
        },
        "2023-06": {
            "month": "2023-06",
            "price": "81.28",
            "revenue": 733627
        },
        "2023-07": {
            "month": "2023-07",
            "price": "92.64",
            "revenue": 631986
        },
        "2023-08": {
            "month": "2023-08",
            "price": "100.15",
            "revenue": 478422
        },
        "2023-09": {
            "month": "2023-09",
            "price": "92.70",
            "revenue": 539962
        },
        "2023-10": {
            "month": "2023-10",
            "price": "82.72",
            "revenue": 565318
        },
        "2023-11": {
            "month": "2023-11",
            "price": "85.12",
            "revenue": 507366
        },
        "2023-12": {
            "month": "2023-12",
            "price": "88.26",
            "revenue": 549048
        }
    }
}
